3622 4663
725 589 480 70 22
965 589 720 70 CHEFS
1445 589 480 70 DE
1685 589 1280 70 GOUVERNEMENT
2645 589 400 70 S.1

778 885 248 69 ★48★
933 885 279 69 GRÉVY
1119 885 805 69 (François-Paul-Jules),
1831 885 186 69 n.
1923 885 155 69 à
1985 885 650 69 Mont-sous-Vaudrey
2543 885 341 69 (Jura),
2790 885 186 69 15
2852 885 186 69 août

790 959 238 63 1807,
948 959 344 63 troisième
1212 959 344 63 président
1477 959 159 63 de
1556 959 159 63 la
1635 959 344 63 troisième
1899 959 396 63 République,
2217 959 159 63 le
2296 959 159 63 30
2375 959 291 63 janvier
2560 959 185 63 1879.

837 1050 134 52 L.
904 1050 134 52 A.
971 1050 134 52 S.
1037 1050 112 52 à
1082 1050 201 52 Jules
1216 1050 223 52 Favre;
1372 1050 268 52 (Paris),
1573 1050 112 52 3
1617 1050 245 52 février
1796 1050 201 52 1861,
1930 1050 112 52 1
1974 1050 134 52 p.
2041 1050 201 52 in-8.
2175 1050 112 52 —
2220 1050 134 52 P.
2264 1050 335 52 photographié.

825 1125 209 43 Curieuse
981 1125 174 43 épître
1103 1125 244 43 politique.
1295 1125 105 43 Il
1347 1125 157 43 s’est
1452 1125 192 43 trouvé,
1591 1125 139 43 dans
1679 1125 157 43 leurs
1783 1125 227 43 dernières
1957 1125 227 43 réunions,
2132 1125 174 43 séparé
2254 1125 105 43 de
2306 1125 122 43 lui
2376 1125 139 43 «sur
2463 1125 105 43 la
2515 1125 209 43 conduite
2672 1125 87 43 à
2707 1125 157 43 tenir
2811 1125 105 43 et
2864 1125 122 43 les
2916 1125 122 43 liens

789 1168 92 41 à
825 1168 258 41 contracter
1028 1168 148 41 avec
1121 1168 129 41 les
1194 1168 184 41 hommes
1323 1168 111 41 et
1379 1168 129 41 les
1453 1168 295 41 institutions
1692 1168 111 41 de
1748 1168 111 41 ce
1803 1168 332 41 gouvernement.»
2080 1168 166 41 Comme
2190 1168 129 41 ils
2264 1168 332 41 s’entendraient
2541 1168 314 41 difficilement
2799 1168 221 41 ensemble
2947 1168 92 41 sur

789 1212 123 44 les
860 1212 263 44 résolutions
1070 1212 105 44 du
1123 1212 193 44 moment,
1263 1212 105 44 il
1316 1212 281 44 s’abstiendra
1544 1212 246 44 d’assister
1737 1212 88 44 à
1772 1212 105 44 la
1825 1212 228 44 prochaine
1983 1212 175 44 réunion.

1344 1615 985 59 BOURGOGNE

774 1787 221 66 ★49★
912 1787 331 66 CHARLES,
1160 1787 165 66 n.
1243 1787 138 66 à
1298 1787 276 66 Dijon,
1491 1787 248 66 1433,
1657 1787 193 66 duc
1767 1787 165 66 de
1850 1787 358 66 Bourgogne
2125 1787 303 66 (1466),
2346 1787 193 66 dit
2456 1787 165 66 le
2511 1787 524 66 <i>Téméraire,</i>

776 1852 211 64 fils
908 1852 158 64 de
987 1852 317 64 Philippe
1224 1852 158 64 le
1303 1852 211 64 Bon,
1435 1852 237 64 rival
1593 1852 158 64 de
1673 1852 237 64 Louis
1831 1852 185 64 XI,
1936 1852 185 64 tué
2042 1852 264 64 devant
2227 1852 237 64 Nancy
2385 1852 158 64 le
2464 1852 132 64 5
2517 1852 290 64 janvier
2701 1852 185 64 1477.

830 1939 134 55 L.
897 1939 156 55 S.,
986 1939 134 55 en
1053 1939 223 55 latin,
1209 1939 134 55 au
1276 1939 156 55 duc
1365 1939 134 55 de
1432 1939 201 55 Milan
1566 1939 424 55 (Galeazzo-Maria
1923 1939 245 55 Sforza,
2102 1939 156 55 qui
2191 1939 201 55 périt
2325 1939 290 55 assassiné
2548 1939 134 55 le
2615 1939 134 55 26
2682 1939 268 55 décembre
2860 1939 179 55 1476);

779 1993 128 52 de
843 1993 149 52 son
928 1993 192 52 camp,
1056 1993 128 52 22
1120 1993 192 52 avril
1248 1993 192 52 1476,
1376 1993 149 52 1/2
1461 1993 128 52 p.
1525 1993 235 52 in-fol.
1696 1993 235 52 oblong,
1867 1993 192 52 trace
1995 1993 128 52 de
2059 1993 235 52 cachet.
2229 1993 277 52 <i>(Coll.
2443 1993 427 52 Dubrunfaut.)</i>
2805 1993 107 52 —
2827 1993 85 52 P.

818 2070 180 40 Lettre
944 2070 180 40 écrite
1070 2070 108 40 de
1124 2070 216 40 Lausanne
1287 2070 108 40 où
1341 2070 108 40 il
1395 2070 198 40 s’était
1539 2070 180 40 retiré
1665 2070 162 40 après
1773 2070 108 40 la
1827 2070 198 40 défaite
1972 2070 108 40 de
2026 2070 216 40 Granson.
2170 2070 72 40 Il

779 2111 156 46 prie
877 2111 117 46 le
936 2111 137 46 duc
1014 2111 312 46 d’intercéder
1267 2111 195 46 auprès
1404 2111 117 46 du
1462 2111 156 46 Pape
1560 2111 117 46 et
1619 2111 137 46 des
1697 2111 254 46 cardinaux
1892 2111 156 46 pour
1989 2111 176 46 faire
2087 2111 156 46 nommer

779 2154 219 43 cardinal
943 2154 110 43 le
998 2154 292 43 protonotaire
1236 2154 201 43 Hesler,
1382 2154 201 43 orateur
1528 2154 238 43 impérial,
1711 2154 128 43 qui
1784 2154 146 43 doit
1875 2154 183 43 passer
2003 2154 128 43 par
2076 2154 165 43 Milan
2168 2154 73 43 en

778 2197 114 42 se
835 2197 209 42 rendant
987 2197 95 42 à
1025 2197 171 42 Rome.
1139 2197 95 42 —
1177 2197 228 42 (Georges
1348 2197 209 42 Hesler,
1500 2197 285 42 ambassadeur
1729 2197 114 42 de
1786 2197 266 42 l’empereur
1995 2197 228 42 Frédéric
2147 2197 95 42 III

778 2242 115 41 en
835 2242 212 41 France,
989 2242 192 41 devint
1124 2242 231 41 cardinal
1297 2242 115 41 en
1355 2242 173 41 1477.
1470 2242 115 41 Il
1528 2242 115 41 se
1586 2242 154 41 noya
1682 2242 115 41 en
1740 2242 212 41 passant
1894 2242 115 41 le
1951 2242 192 41 Danube
2086 2242 154 41 dans
2163 2242 77 41 un

780 2288 213 40 bateau,
934 2288 116 40 en
992 2288 251 40 septembre
1166 2288 155 40 1482.)

1412 2680 853 58 LORRAINE

773 2842 229 72 ★50★
917 2842 229 72 RENÉ
1060 2842 200 72 II,
1174 2842 172 72 n.
1260 2842 258 72 1451,
1432 2842 200 72 duc
1547 2842 172 72 de
1633 2842 344 72 Lorraine
1890 2842 315 72 (1473),
2119 2842 229 72 fils
2263 2842 172 72 de
2349 2842 258 72 Ferri
2520 2842 172 72 II
2606 2842 172 72 de
2692 2842 344 72 Lorraine
2921 2842 115 72 et

770 2918 389 60 d’Yolande
1069 2918 359 60 d’Anjou,
1309 2918 329 60 vainqueur

771 2985 157 61 de
849 2985 288 61 Charles
1059 2985 157 61 le
1137 2985 340 61 Téméraire
1399 2985 131 61 à
1425 2985 209 61 Nancy,

772 3053 162 60 m.
853 3053 135 60 à
907 3053 270 60 Fains,
1096 3053 216 60 près
1230 3053 162 60 de
1284 3053 351 60 Bar

776 3121 173 47 10
863 3121 346 47 décembre
1093 3121 202 47 1508.

823 3212 153 50 L.
899 3212 153 50 S.
975 3212 178 50 aux
1077 3212 330 50 auditeurs
1331 3212 178 50 des
1407 3212 229 50 comptes

775 3269 303 49 d’Antoine
1008 3269 233 49 Warin,
1170 3269 279 49 receveur
1380 3269 256 49 général
1543 3269 93 49 de

774 3323 329 50 Lorraine;
1026 3323 227 50 Toul,
1178 3323 152 50 16
1254 3323 303 50 décembre
1456 3323 177 50 1477,

778 3375 158 52 1/2
869 3375 135 52 p.
936 3375 180 52 in-4
1049 3375 248 52 oblong,
1229 3375 248 52 cachet.
1409 3375 113 52 —
1432 3375 90 52 P.

809 3451 186 41 Ordre
933 3451 124 41 de
995 3451 186 41 payer
1119 3451 103 41 à
1160 3451 227 41 Antoine
1325 3451 186 41 Warin
1448 3451 124 41 la
1490 3451 144 41 somme

774 3491 112 45 de
830 3491 187 45 quatre
961 3491 150 45 cent
1055 3491 337 45 cinquante-cinq
1336 3491 187 45 francs
1467 3491 187 45 «qu’il
1579 3491 56 45 a

775 3532 193 39 délivré
915 3532 193 39 content
1055 3532 88 39 à
1090 3532 175 39 nostre
1212 3532 140 39 très
1300 3532 158 39 chier
1405 3532 105 39 et
1457 3532 140 39 féal
1527 3532 105 39 con-

776 3574 206 44 seillier
930 3574 103 44 et
982 3574 223 44 capitaine
1154 3574 120 44 des
1223 3574 292 44 crenequiniers
1463 3574 103 44 de
1498 3574 137 44 nostre

774 3618 158 44 garde
880 3618 140 44 pour
967 3618 123 44 les
1037 3618 175 44 gaiges
1160 3618 105 44 de
1213 3618 123 44 lui
1283 3618 105 44 et
1335 3618 175 44 desdiz
1440 3618 193 44 crenequi-

771 3660 220 42 niers.»
931 3660 100 42 —
971 3660 140 42 (Ce
1051 3660 260 42 capitaine
1252 3660 180 42 était
1372 3660 120 42 un
1412 3660 220 42 Alsacien,

771 3700 216 40 Jacques
929 3700 255 40 Fesseler,
1125 3700 138 40 dit
1204 3700 157 40 Wys,
1302 3700 138 40 qui
1381 3700 177 40 avait
1479 3700 157 40 montré

777 3742 110 42 la
832 3742 147 42 plus
923 3742 183 42 grande
1052 3742 183 42 valeur
1180 3742 92 42 à
1217 3742 110 42 la
1271 3742 220 42 bataille
1436 3742 110 42 de
1473 3742 165 42 Nancy.)
