5703.937007874016 7343.307086614173
1141.732283464567 927.5590551181102 755.9055118110236 110.23622047244095 22
1519.6850393700788 927.5590551181102 1133.8582677165355 110.23622047244095 CHEFS
2275.5905511811025 927.5590551181102 755.9055118110236 110.23622047244095 DE
2653.5433070866143 927.5590551181102 2015.748031496063 110.23622047244095 GOUVERNEMENT
4165.354330708661 927.5590551181102 629.9212598425197 110.23622047244095 S.1

1225.1968503937007 1393.7007874015749 390.5511811023622 108.66141732283465 ★48★
1469.291338582677 1393.7007874015749 439.37007874015745 108.66141732283465 GRÉVY
1762.2047244094488 1393.7007874015749 1267.716535433071 108.66141732283465 (François-Paul-Jules),
2883.464566929134 1393.7007874015749 292.9133858267717 108.66141732283465 n.
3028.3464566929133 1393.7007874015749 244.09448818897638 108.66141732283465 à
3125.984251968504 1393.7007874015749 1023.6220472440945 108.66141732283465 Mont-sous-Vaudrey
4004.7244094488187 1393.7007874015749 537.007874015748 108.66141732283465 (Jura),
4393.700787401574 1393.7007874015749 292.9133858267717 108.66141732283465 15
4491.3385826771655 1393.7007874015749 292.9133858267717 108.66141732283465 août

1244.0944881889764 1510.236220472441 374.8031496062992 99.21259842519684 1807,
1492.9133858267717 1510.236220472441 541.7322834645669 99.21259842519684 troisième
1908.6614173228347 1510.236220472441 541.7322834645669 99.21259842519684 président
2325.984251968504 1510.236220472441 250.39370078740157 99.21259842519684 de
2450.3937007874015 1510.236220472441 250.39370078740157 99.21259842519684 la
2574.803149606299 1510.236220472441 541.7322834645669 99.21259842519684 troisième
2990.551181102362 1510.236220472441 623.6220472440945 99.21259842519684 République,
3491.3385826771655 1510.236220472441 250.39370078740157 99.21259842519684 le
3615.748031496063 1510.236220472441 250.39370078740157 99.21259842519684 30
3740.1574803149606 1510.236220472441 458.26771653543307 99.21259842519684 janvier
4031.496062992126 1510.236220472441 291.33858267716533 99.21259842519684 1879.

1318.1102362204724 1653.5433070866143 211.0236220472441 81.88976377952756 L.
1423.6220472440946 1653.5433070866143 211.0236220472441 81.88976377952756 A.
1529.1338582677165 1653.5433070866143 211.0236220472441 81.88976377952756 S.
1633.0708661417323 1653.5433070866143 176.3779527559055 81.88976377952756 à
1703.9370078740158 1653.5433070866143 316.53543307086613 81.88976377952756 Jules
1914.9606299212599 1653.5433070866143 351.18110236220474 81.88976377952756 Favre;
2160.6299212598424 1653.5433070866143 422.0472440944882 81.88976377952756 (Paris),
2477.165354330709 1653.5433070866143 176.3779527559055 81.88976377952756 3
2546.4566929133857 1653.5433070866143 385.8267716535433 81.88976377952756 février
2828.3464566929133 1653.5433070866143 316.53543307086613 81.88976377952756 1861,
3039.3700787401576 1653.5433070866143 176.3779527559055 81.88976377952756 1
3108.6614173228345 1653.5433070866143 211.0236220472441 81.88976377952756 p.
3214.1732283464567 1653.5433070866143 316.53543307086613 81.88976377952756 in-8.
3425.196850393701 1653.5433070866143 176.3779527559055 81.88976377952756 —
3496.0629921259842 1653.5433070866143 211.0236220472441 81.88976377952756 P.
3565.3543307086616 1653.5433070866143 527.5590551181102 81.88976377952756 photographié.

1299.2125984251968 1771.6535433070867 329.13385826771656 67.71653543307086 Curieuse
1544.8818897637796 1771.6535433070867 274.01574803149606 67.71653543307086 épître
1737.007874015748 1771.6535433070867 384.251968503937 67.71653543307086 politique.
2039.3700787401574 1771.6535433070867 165.35433070866142 67.71653543307086 Il
2121.259842519685 1771.6535433070867 247.24409448818898 67.71653543307086 s’est
2286.6141732283463 1771.6535433070867 302.3622047244094 67.71653543307086 trouvé,
2505.511811023622 1771.6535433070867 218.89763779527559 67.71653543307086 dans
2644.0944881889764 1771.6535433070867 247.24409448818898 67.71653543307086 leurs
2807.8740157480315 1771.6535433070867 357.4803149606299 67.71653543307086 dernières
3081.8897637795276 1771.6535433070867 357.4803149606299 67.71653543307086 réunions,
3357.48031496063 1771.6535433070867 274.01574803149606 67.71653543307086 séparé
3549.6062992125985 1771.6535433070867 165.35433070866142 67.71653543307086 de
3631.496062992126 1771.6535433070867 192.1259842519685 67.71653543307086 lui
3741.732283464567 1771.6535433070867 218.89763779527559 67.71653543307086 «sur
3878.740157480315 1771.6535433070867 165.35433070866142 67.71653543307086 la
3960.6299212598424 1771.6535433070867 329.13385826771656 67.71653543307086 conduite
4207.8740157480315 1771.6535433070867 137.00787401574803 67.71653543307086 à
4262.992125984252 1771.6535433070867 247.24409448818898 67.71653543307086 tenir
4426.771653543307 1771.6535433070867 165.35433070866142 67.71653543307086 et
4510.236220472441 1771.6535433070867 192.1259842519685 67.71653543307086 les
4592.1259842519685 1771.6535433070867 192.1259842519685 67.71653543307086 liens

1242.5196850393702 1839.3700787401574 144.88188976377953 64.56692913385827 à
1299.2125984251968 1839.3700787401574 406.2992125984252 64.56692913385827 contracter
1618.8976377952756 1839.3700787401574 233.0708661417323 64.56692913385827 avec
1765.3543307086613 1839.3700787401574 203.1496062992126 64.56692913385827 les
1880.3149606299212 1839.3700787401574 289.76377952755905 64.56692913385827 hommes
2083.464566929134 1839.3700787401574 174.8031496062992 64.56692913385827 et
2171.6535433070867 1839.3700787401574 203.1496062992126 64.56692913385827 les
2288.1889763779527 1839.3700787401574 464.56692913385825 64.56692913385827 institutions
2664.566929133858 1839.3700787401574 174.8031496062992 64.56692913385827 de
2752.755905511811 1839.3700787401574 174.8031496062992 64.56692913385827 ce
2839.3700787401576 1839.3700787401574 522.8346456692914 64.56692913385827 gouvernement.»
3275.5905511811025 1839.3700787401574 261.4173228346457 64.56692913385827 Comme
3448.818897637795 1839.3700787401574 203.1496062992126 64.56692913385827 ils
3565.3543307086616 1839.3700787401574 522.8346456692914 64.56692913385827 s’entendraient
4001.5748031496064 1839.3700787401574 494.48818897637796 64.56692913385827 difficilement
4407.8740157480315 1839.3700787401574 348.0314960629921 64.56692913385827 ensemble
4640.944881889764 1839.3700787401574 144.88188976377953 64.56692913385827 sur

1242.5196850393702 1908.6614173228347 193.70078740157481 69.29133858267717 les
1354.3307086614172 1908.6614173228347 414.1732283464567 69.29133858267717 résolutions
1685.0393700787401 1908.6614173228347 165.35433070866142 69.29133858267717 du
1768.5039370078741 1908.6614173228347 303.93700787401576 69.29133858267717 moment,
1988.976377952756 1908.6614173228347 165.35433070866142 69.29133858267717 il
2072.4409448818897 1908.6614173228347 442.5196850393701 69.29133858267717 s’abstiendra
2431.496062992126 1908.6614173228347 387.40157480314963 69.29133858267717 d’assister
2735.433070866142 1908.6614173228347 138.58267716535434 69.29133858267717 à
2790.551181102362 1908.6614173228347 165.35433070866142 69.29133858267717 la
2874.015748031496 1908.6614173228347 359.0551181102362 69.29133858267717 prochaine
3122.834645669291 1908.6614173228347 275.59055118110234 69.29133858267717 réunion.

2116.535433070866 2543.3070866141734 1551.1811023622047 92.91338582677166 BOURGOGNE

1218.8976377952756 2814.1732283464567 348.0314960629921 103.93700787401575 ★49★
1436.2204724409448 2814.1732283464567 521.2598425196851 103.93700787401575 CHARLES,
1826.7716535433071 2814.1732283464567 259.84251968503935 103.93700787401575 n.
1957.4803149606298 2814.1732283464567 217.3228346456693 103.93700787401575 à
2044.0944881889764 2814.1732283464567 434.6456692913386 103.93700787401575 Dijon,
2348.031496062992 2814.1732283464567 390.5511811023622 103.93700787401575 1433,
2609.448818897638 2814.1732283464567 303.93700787401576 103.93700787401575 duc
2782.6771653543306 2814.1732283464567 259.84251968503935 103.93700787401575 de
2913.3858267716537 2814.1732283464567 563.7795275590552 103.93700787401575 Bourgogne
3346.4566929133857 2814.1732283464567 477.1653543307087 103.93700787401575 (1466),
3694.488188976378 2814.1732283464567 303.93700787401576 103.93700787401575 dit
3867.716535433071 2814.1732283464567 259.84251968503935 103.93700787401575 le
3954.3307086614172 2814.1732283464567 825.1968503937007 103.93700787401575 Téméraire,

1222.0472440944882 2916.535433070866 332.2834645669291 100.78740157480316 fils
1429.9212598425197 2916.535433070866 248.8188976377953 100.78740157480316 de
1554.3307086614172 2916.535433070866 499.21259842519686 100.78740157480316 Philippe
1927.5590551181103 2916.535433070866 248.8188976377953 100.78740157480316 le
2051.968503937008 2916.535433070866 332.2834645669291 100.78740157480316 Bon,
2259.8425196850394 2916.535433070866 373.2283464566929 100.78740157480316 rival
2508.6614173228345 2916.535433070866 248.8188976377953 100.78740157480316 de
2634.6456692913384 2916.535433070866 373.2283464566929 100.78740157480316 Louis
2883.464566929134 2916.535433070866 291.33858267716533 100.78740157480316 XI,
3048.818897637795 2916.535433070866 291.33858267716533 100.78740157480316 tué
3215.748031496063 2916.535433070866 415.748031496063 100.78740157480316 devant
3507.0866141732286 2916.535433070866 373.2283464566929 100.78740157480316 Nancy
3755.9055118110236 2916.535433070866 248.8188976377953 100.78740157480316 le
3880.314960629921 2916.535433070866 207.8740157480315 100.78740157480316 5
3963.779527559055 2916.535433070866 456.6929133858268 100.78740157480316 janvier
4253.543307086614 2916.535433070866 291.33858267716533 100.78740157480316 1477.

1307.0866141732283 3053.5433070866143 211.0236220472441 86.61417322834646 L.
1412.5984251968505 3053.5433070866143 245.66929133858267 86.61417322834646 S.,
1552.755905511811 3053.5433070866143 211.0236220472441 86.61417322834646 en
1658.267716535433 3053.5433070866143 351.18110236220474 86.61417322834646 latin,
1903.9370078740158 3053.5433070866143 211.0236220472441 86.61417322834646 au
2009.4488188976377 3053.5433070866143 245.66929133858267 86.61417322834646 duc
2149.6062992125985 3053.5433070866143 211.0236220472441 86.61417322834646 de
2255.1181102362207 3053.5433070866143 316.53543307086613 86.61417322834646 Milan
2466.1417322834645 3053.5433070866143 667.7165354330708 86.61417322834646 (Galeazzo-Maria
3028.3464566929133 3053.5433070866143 385.8267716535433 86.61417322834646 Sforza,
3310.236220472441 3053.5433070866143 245.66929133858267 86.61417322834646 qui
3450.3937007874015 3053.5433070866143 316.53543307086613 86.61417322834646 périt
3661.417322834646 3053.5433070866143 456.6929133858268 86.61417322834646 assassiné
4012.5984251968503 3053.5433070866143 211.0236220472441 86.61417322834646 le
4118.110236220473 3053.5433070866143 211.0236220472441 86.61417322834646 26
4223.622047244095 3053.5433070866143 422.0472440944882 86.61417322834646 décembre
4503.937007874016 3053.5433070866143 281.8897637795276 86.61417322834646 1476);

1226.7716535433071 3138.582677165354 201.5748031496063 81.88976377952756 de
1327.5590551181103 3138.582677165354 234.64566929133858 81.88976377952756 son
1461.4173228346456 3138.582677165354 302.3622047244094 81.88976377952756 camp,
1662.992125984252 3138.582677165354 201.5748031496063 81.88976377952756 22
1763.7795275590552 3138.582677165354 302.3622047244094 81.88976377952756 avril
1965.3543307086613 3138.582677165354 302.3622047244094 81.88976377952756 1476,
2166.9291338582675 3138.582677165354 234.64566929133858 81.88976377952756 1/2
2300.787401574803 3138.582677165354 201.5748031496063 81.88976377952756 p.
2401.5748031496064 3138.582677165354 370.0787401574803 81.88976377952756 in-fol.
2670.8661417322833 3138.582677165354 370.0787401574803 81.88976377952756 oblong,
2940.1574803149606 3138.582677165354 302.3622047244094 81.88976377952756 trace
3141.732283464567 3138.582677165354 201.5748031496063 81.88976377952756 de
3242.51968503937 3138.582677165354 370.0787401574803 81.88976377952756 cachet.
3510.236220472441 3138.582677165354 436.2204724409449 81.88976377952756 (Coll.
3847.244094488189 3138.582677165354 672.4409448818898 81.88976377952756 Dubrunfaut.)
4417.322834645669 3138.582677165354 168.50393700787401 81.88976377952756 —
4451.968503937008 3138.582677165354 133.85826771653544 81.88976377952756 P.

1288.1889763779527 3259.8425196850394 283.46456692913387 62.99212598425197 Lettre
1486.6141732283465 3259.8425196850394 283.46456692913387 62.99212598425197 écrite
1685.0393700787401 3259.8425196850394 170.07874015748033 62.99212598425197 de
1770.0787401574803 3259.8425196850394 340.15748031496065 62.99212598425197 Lausanne
2026.7716535433071 3259.8425196850394 170.07874015748033 62.99212598425197 où
2111.8110236220473 3259.8425196850394 170.07874015748033 62.99212598425197 il
2196.850393700787 3259.8425196850394 311.81102362204723 62.99212598425197 s’était
2423.6220472440946 3259.8425196850394 283.46456692913387 62.99212598425197 retiré
2622.047244094488 3259.8425196850394 255.11811023622047 62.99212598425197 après
2792.1259842519685 3259.8425196850394 170.07874015748033 62.99212598425197 la
2877.165354330709 3259.8425196850394 311.81102362204723 62.99212598425197 défaite
3105.511811023622 3259.8425196850394 170.07874015748033 62.99212598425197 de
3190.551181102362 3259.8425196850394 340.15748031496065 62.99212598425197 Granson.
3417.3228346456694 3259.8425196850394 113.38582677165354 62.99212598425197 Il

1226.7716535433071 3324.4094488188975 245.66929133858267 72.44094488188976 prie
1381.1023622047244 3324.4094488188975 184.251968503937 72.44094488188976 le
1474.015748031496 3324.4094488188975 215.748031496063 72.44094488188976 duc
1596.8503937007874 3324.4094488188975 491.33858267716533 72.44094488188976 d’intercéder
1995.275590551181 3324.4094488188975 307.0866141732283 72.44094488188976 auprès
2211.0236220472443 3324.4094488188975 184.251968503937 72.44094488188976 du
2302.3622047244094 3324.4094488188975 245.66929133858267 72.44094488188976 Pape
2456.6929133858266 3324.4094488188975 184.251968503937 72.44094488188976 et
2549.6062992125985 3324.4094488188975 215.748031496063 72.44094488188976 des
2672.4409448818897 3324.4094488188975 400.0 72.44094488188976 cardinaux
2979.527559055118 3324.4094488188975 245.66929133858267 72.44094488188976 pour
3132.283464566929 3324.4094488188975 277.1653543307087 72.44094488188976 faire
3286.6141732283463 3324.4094488188975 245.66929133858267 72.44094488188976 nommer

1226.7716535433071 3392.1259842519685 344.88188976377955 67.71653543307086 cardinal
1485.0393700787401 3392.1259842519685 173.22834645669292 67.71653543307086 le
1571.6535433070867 3392.1259842519685 459.84251968503935 67.71653543307086 protonotaire
1946.4566929133857 3392.1259842519685 316.53543307086613 67.71653543307086 Hesler,
2176.3779527559054 3392.1259842519685 316.53543307086613 67.71653543307086 orateur
2406.299212598425 3392.1259842519685 374.8031496062992 67.71653543307086 impérial,
2694.488188976378 3392.1259842519685 201.5748031496063 67.71653543307086 qui
2809.448818897638 3392.1259842519685 229.92125984251967 67.71653543307086 doit
2952.755905511811 3392.1259842519685 288.18897637795277 67.71653543307086 passer
3154.3307086614172 3392.1259842519685 201.5748031496063 67.71653543307086 par
3269.2913385826773 3392.1259842519685 259.84251968503935 67.71653543307086 Milan
3414.1732283464567 3392.1259842519685 114.96062992125984 67.71653543307086 en

1225.1968503937007 3459.8425196850394 179.5275590551181 66.14173228346456 se
1314.9606299212599 3459.8425196850394 329.13385826771656 66.14173228346456 rendant
1554.3307086614172 3459.8425196850394 149.60629921259843 66.14173228346456 à
1614.1732283464567 3459.8425196850394 269.29133858267716 66.14173228346456 Rome.
1793.7007874015749 3459.8425196850394 149.60629921259843 66.14173228346456 —
1853.5433070866143 3459.8425196850394 359.0551181102362 66.14173228346456 (Georges
2122.834645669291 3459.8425196850394 329.13385826771656 66.14173228346456 Hesler,
2362.2047244094488 3459.8425196850394 448.81889763779526 66.14173228346456 ambassadeur
2722.834645669291 3459.8425196850394 179.5275590551181 66.14173228346456 de
2812.5984251968503 3459.8425196850394 418.8976377952756 66.14173228346456 l’empereur
3141.732283464567 3459.8425196850394 359.0551181102362 66.14173228346456 Frédéric
3381.1023622047246 3459.8425196850394 149.60629921259843 66.14173228346456 III

1225.1968503937007 3530.7086614173227 181.10236220472441 64.56692913385827 en
1314.9606299212599 3530.7086614173227 333.8582677165354 64.56692913385827 France,
1557.4803149606298 3530.7086614173227 302.3622047244094 64.56692913385827 devint
1770.0787401574803 3530.7086614173227 363.7795275590551 64.56692913385827 cardinal
2042.5196850393702 3530.7086614173227 181.10236220472441 64.56692913385827 en
2133.8582677165355 3530.7086614173227 272.4409448818898 64.56692913385827 1477.
2314.9606299212596 3530.7086614173227 181.10236220472441 64.56692913385827 Il
2406.299212598425 3530.7086614173227 181.10236220472441 64.56692913385827 se
2497.6377952755906 3530.7086614173227 242.51968503937007 64.56692913385827 noya
2648.818897637795 3530.7086614173227 181.10236220472441 64.56692913385827 en
2740.1574803149606 3530.7086614173227 333.8582677165354 64.56692913385827 passant
2982.6771653543306 3530.7086614173227 181.10236220472441 64.56692913385827 le
3072.4409448818897 3530.7086614173227 302.3622047244094 64.56692913385827 Danube
3285.0393700787404 3530.7086614173227 242.51968503937007 64.56692913385827 dans
3406.299212598425 3530.7086614173227 121.25984251968504 64.56692913385827 un

1228.3464566929133 3603.149606299213 335.43307086614175 62.99212598425197 bateau,
1470.8661417322835 3603.149606299213 182.6771653543307 62.99212598425197 en
1562.2047244094488 3603.149606299213 395.2755905511811 62.99212598425197 septembre
1836.2204724409448 3603.149606299213 244.09448818897638 62.99212598425197 1482.)

2223.6220472440946 4220.472440944882 1343.3070866141732 91.33858267716535 LORRAINE

1217.3228346456692 4475.5905511811025 360.62992125984255 113.38582677165354 ★50★
1444.0944881889764 4475.5905511811025 360.62992125984255 113.38582677165354 RENÉ
1669.291338582677 4475.5905511811025 314.96062992125985 113.38582677165354 II,
1848.8188976377953 4475.5905511811025 270.86614173228344 113.38582677165354 n.
1984.251968503937 4475.5905511811025 406.2992125984252 113.38582677165354 1451,
2255.1181102362207 4475.5905511811025 314.96062992125985 113.38582677165354 duc
2436.220472440945 4475.5905511811025 270.86614173228344 113.38582677165354 de
2571.6535433070867 4475.5905511811025 541.7322834645669 113.38582677165354 Lorraine
2976.3779527559054 4475.5905511811025 496.06299212598424 113.38582677165354 (1473),
3337.0078740157483 4475.5905511811025 360.62992125984255 113.38582677165354 fils
3563.779527559055 4475.5905511811025 270.86614173228344 113.38582677165354 de
3699.212598425197 4475.5905511811025 406.2992125984252 113.38582677165354 Ferri
3968.503937007874 4475.5905511811025 270.86614173228344 113.38582677165354 II
4103.937007874016 4475.5905511811025 270.86614173228344 113.38582677165354 de
4239.370078740158 4475.5905511811025 541.7322834645669 113.38582677165354 Lorraine
4600.0 4475.5905511811025 181.10236220472441 113.38582677165354 et

1212.5984251968505 4595.275590551181 612.5984251968504 94.48818897637796 d’Yolande
1683.4645669291338 4595.275590551181 565.3543307086615 94.48818897637796 d’Anjou,
2061.417322834646 4595.275590551181 518.1102362204724 94.48818897637796 vainqueur

1214.1732283464567 4700.787401574803 247.24409448818898 96.06299212598425 de
1337.007874015748 4700.787401574803 453.54330708661416 96.06299212598425 Charles
1667.716535433071 4700.787401574803 247.24409448818898 96.06299212598425 le
1790.5511811023623 4700.787401574803 535.4330708661417 96.06299212598425 Téméraire
2203.149606299213 4700.787401574803 206.29921259842519 96.06299212598425 à
2244.0944881889764 4700.787401574803 329.13385826771656 96.06299212598425 Nancy,

1215.748031496063 4807.8740157480315 255.11811023622047 94.48818897637796 m.
1343.3070866141732 4807.8740157480315 212.5984251968504 94.48818897637796 à
1428.3464566929133 4807.8740157480315 425.1968503937008 94.48818897637796 Fains,
1725.984251968504 4807.8740157480315 340.15748031496065 94.48818897637796 près
1937.007874015748 4807.8740157480315 255.11811023622047 94.48818897637796 de
2022.0472440944882 4807.8740157480315 552.7559055118111 94.48818897637796 Bar

1222.0472440944882 4914.96062992126 272.4409448818898 74.01574803149606 10
1359.0551181102362 4914.96062992126 544.8818897637796 74.01574803149606 décembre
1721.259842519685 4914.96062992126 318.1102362204724 74.01574803149606 1508.

1296.0629921259842 5058.2677165354335 240.9448818897638 78.74015748031496 L.
1415.748031496063 5058.2677165354335 240.9448818897638 78.74015748031496 S.
1535.4330708661416 5058.2677165354335 280.31496062992125 78.74015748031496 aux
1696.0629921259842 5058.2677165354335 519.6850393700787 78.74015748031496 auditeurs
2096.0629921259842 5058.2677165354335 280.31496062992125 78.74015748031496 des
2215.748031496063 5058.2677165354335 360.62992125984255 78.74015748031496 comptes

1220.4724409448818 5148.031496062992 477.1653543307087 77.16535433070867 d’Antoine
1587.4015748031495 5148.031496062992 366.92913385826773 77.16535433070867 Warin,
1842.5196850393702 5148.031496062992 439.37007874015745 77.16535433070867 receveur
2173.228346456693 5148.031496062992 403.1496062992126 77.16535433070867 général
2429.9212598425197 5148.031496062992 146.45669291338584 77.16535433070867 de

1218.8976377952756 5233.070866141732 518.1102362204724 78.74015748031496 Lorraine;
1615.748031496063 5233.070866141732 357.4803149606299 78.74015748031496 Toul,
1855.1181102362204 5233.070866141732 239.37007874015748 78.74015748031496 16
1974.8031496062993 5233.070866141732 477.1653543307087 78.74015748031496 décembre
2292.9133858267714 5233.070866141732 278.74015748031496 78.74015748031496 1477,

1225.1968503937007 5314.96062992126 248.8188976377953 81.88976377952756 1/2
1368.5039370078741 5314.96062992126 212.5984251968504 81.88976377952756 p.
1474.015748031496 5314.96062992126 283.46456692913387 81.88976377952756 in-4
1651.9685039370079 5314.96062992126 390.5511811023622 81.88976377952756 oblong,
1935.4330708661416 5314.96062992126 390.5511811023622 81.88976377952756 cachet.
2218.8976377952754 5314.96062992126 177.95275590551182 81.88976377952756 —
2255.1181102362207 5314.96062992126 141.73228346456693 81.88976377952756 P.

1274.015748031496 5434.645669291339 292.9133858267717 64.56692913385827 Ordre
1469.291338582677 5434.645669291339 195.2755905511811 64.56692913385827 de
1566.9291338582677 5434.645669291339 292.9133858267717 64.56692913385827 payer
1762.2047244094488 5434.645669291339 162.20472440944883 64.56692913385827 à
1826.7716535433071 5434.645669291339 357.4803149606299 64.56692913385827 Antoine
2086.6141732283463 5434.645669291339 292.9133858267717 64.56692913385827 Warin
2280.314960629921 5434.645669291339 195.2755905511811 64.56692913385827 la
2346.4566929133857 5434.645669291339 226.77165354330708 64.56692913385827 somme

1218.8976377952756 5497.63779527559 176.3779527559055 70.86614173228347 de
1307.0866141732283 5497.63779527559 294.48818897637796 70.86614173228347 quatre
1513.3858267716535 5497.63779527559 236.2204724409449 70.86614173228347 cent
1661.4173228346456 5497.63779527559 530.7086614173228 70.86614173228347 cinquante-cinq
2103.9370078740158 5497.63779527559 294.48818897637796 70.86614173228347 francs
2310.236220472441 5497.63779527559 294.48818897637796 70.86614173228347 «qu’il
2486.6141732283463 5497.63779527559 88.18897637795276 70.86614173228347 a

1220.4724409448818 5562.204724409449 303.93700787401576 61.41732283464567 délivré
1440.9448818897638 5562.204724409449 303.93700787401576 61.41732283464567 content
1661.4173228346456 5562.204724409449 138.58267716535434 61.41732283464567 à
1716.5354330708662 5562.204724409449 275.59055118110234 61.41732283464567 nostre
1908.6614173228347 5562.204724409449 220.4724409448819 61.41732283464567 très
2047.244094488189 5562.204724409449 248.8188976377953 61.41732283464567 chier
2212.5984251968503 5562.204724409449 165.35433070866142 61.41732283464567 et
2294.488188976378 5562.204724409449 220.4724409448819 61.41732283464567 féal
2404.7244094488187 5562.204724409449 165.35433070866142 61.41732283464567 con-

1222.0472440944882 5628.346456692913 324.40944881889766 69.29133858267717 seillier
1464.5669291338584 5628.346456692913 162.20472440944883 69.29133858267717 et
1546.4566929133857 5628.346456692913 351.18110236220474 69.29133858267717 capitaine
1817.3228346456692 5628.346456692913 188.9763779527559 69.29133858267717 des
1925.984251968504 5628.346456692913 459.84251968503935 69.29133858267717 crenequiniers
2303.9370078740158 5628.346456692913 162.20472440944883 69.29133858267717 de
2359.0551181102364 5628.346456692913 215.748031496063 69.29133858267717 nostre

1218.8976377952756 5697.63779527559 248.8188976377953 69.29133858267717 garde
1385.8267716535433 5697.63779527559 220.4724409448819 69.29133858267717 pour
1522.8346456692914 5697.63779527559 193.70078740157481 69.29133858267717 les
1633.0708661417323 5697.63779527559 275.59055118110234 69.29133858267717 gaiges
1826.7716535433071 5697.63779527559 165.35433070866142 69.29133858267717 de
1910.236220472441 5697.63779527559 193.70078740157481 69.29133858267717 lui
2020.4724409448818 5697.63779527559 165.35433070866142 69.29133858267717 et
2102.3622047244094 5697.63779527559 275.59055118110234 69.29133858267717 desdiz
2267.716535433071 5697.63779527559 303.93700787401576 69.29133858267717 crenequi-

1214.1732283464567 5763.779527559055 346.45669291338584 66.14173228346456 niers.»
1466.1417322834645 5763.779527559055 157.48031496062993 66.14173228346456 —
1529.1338582677165 5763.779527559055 220.4724409448819 66.14173228346456 (Ce
1655.1181102362204 5763.779527559055 409.4488188976378 66.14173228346456 capitaine
1971.6535433070867 5763.779527559055 283.46456692913387 66.14173228346456 était
2160.6299212598424 5763.779527559055 188.9763779527559 66.14173228346456 un
2223.6220472440946 5763.779527559055 346.45669291338584 66.14173228346456 Alsacien,

1214.1732283464567 5826.771653543307 340.15748031496065 62.99212598425197 Jacques
1462.992125984252 5826.771653543307 401.5748031496063 62.99212598425197 Fesseler,
1771.6535433070867 5826.771653543307 217.3228346456693 62.99212598425197 dit
1896.0629921259842 5826.771653543307 247.24409448818898 62.99212598425197 Wys,
2050.3937007874015 5826.771653543307 217.3228346456693 62.99212598425197 qui
2174.803149606299 5826.771653543307 278.74015748031496 62.99212598425197 avait
2329.1338582677167 5826.771653543307 247.24409448818898 62.99212598425197 montré

1223.6220472440946 5892.913385826771 173.22834645669292 66.14173228346456 la
1310.236220472441 5892.913385826771 231.49606299212599 66.14173228346456 plus
1453.5433070866143 5892.913385826771 288.18897637795277 66.14173228346456 grande
1656.6929133858268 5892.913385826771 288.18897637795277 66.14173228346456 valeur
1858.267716535433 5892.913385826771 144.88188976377953 66.14173228346456 à
1916.5354330708662 5892.913385826771 173.22834645669292 66.14173228346456 la
2001.5748031496064 5892.913385826771 346.45669291338584 66.14173228346456 bataille
2261.417322834646 5892.913385826771 173.22834645669292 66.14173228346456 de
2319.685039370079 5892.913385826771 259.84251968503935 66.14173228346456 Nancy.)
