3610 4663
753 593 477 63 24
991 593 715 63 CHEFS
1467 593 477 63 DE
1706 593 1271 63 GOUVERNEMENT
2659 593 397 63 S.1

1451 891 807 59 ESPAGNE

799 1027 251 62 ★51★
956 1027 408 62 FERDINAND
1269 1027 188 62 V,
1363 1027 188 62 n.
1458 1027 188 62 10
1552 1027 251 62 mars
1709 1027 282 62 1452,
1897 1027 251 62 fils
2054 1027 188 62 du
2148 1027 220 62 roi
2273 1027 377 62 d’Aragon
2556 1027 251 62 Jean
2713 1027 220 62 II,
2838 1027 220 62 roi
2932 1027 126 62 de

804 1091 279 66 Castille
1013 1091 232 66 (1474)
1175 1091 139 66 et
1245 1091 279 66 d’Aragon
1454 1091 255 66 (1479),
1639 1091 162 66 dit
1732 1091 209 66 <i>le
1871 1091 441 66 Catholique,</i>
2243 1091 139 66 m.
2312 1091 116 66 à
2359 1091 371 66 Madrigalejo,
2660 1091 139 66 23
2730 1091 255 66 janvier
2893 1091 162 66 1516.

804 1157 162 62 Il
885 1157 188 62 est
992 1157 350 62 considéré
1262 1157 242 62 comme
1423 1157 162 62 le
1504 1157 350 62 véritable
1773 1157 350 62 fondateur
2042 1157 162 62 de
2123 1157 162 62 la
2204 1157 350 62 monarchie
2446 1157 323 62 espagnole.

855 1247 137 57 L.
924 1247 159 57 S.,
1015 1247 182 57 sig.
1128 1247 205 57 aussi
1265 1247 159 57 par
1356 1247 137 57 sa
1424 1247 205 57 femme
1561 1247 273 57 ISABELLE
1765 1247 137 57 DE
1834 1247 273 57 CASTILLE
2038 1247 159 57 (n.
2129 1247 205 57 1451,
2266 1247 228 57 épouse
2425 1247 137 57 de
2493 1247 296 57 Ferdinand
2721 1247 137 57 en
2789 1247 205 57 1469,
2903 1247 159 57 l’il-

801 1301 228 56 lustre
961 1301 342 56 protectrice
1235 1301 137 56 de
1303 1301 320 56 Christophe
1554 1301 251 56 Colomb,
1737 1301 137 56 m.
1806 1301 228 56 1504),
1965 1301 114 56 à
2011 1301 160 56 don
2102 1301 183 56 Juan
2216 1301 137 56 de
2285 1301 251 56 Ribera,
2468 1301 320 56 corregidor
2719 1301 137 56 de
2787 1301 137 56 la
2833 1301 228 56 province

802 1354 140 58 de
872 1354 303 58 Guipuzcoa
1104 1354 140 58 et
1174 1354 303 58 capitaine
1407 1354 256 58 général
1593 1354 140 58 de
1663 1354 140 58 la
1733 1354 303 58 frontière
1965 1354 140 58 de
2035 1354 279 58 Navarre;
2245 1354 326 58 Barcelone,
2501 1354 116 58 7
2547 1354 279 58 décembre
2756 1354 209 58 1493,
2896 1354 163 58 1/2
2966 1354 93 58 p.

804 1407 249 60 in-fol.
986 1407 249 60 oblong,
1167 1407 249 60 cachet.
1348 1407 249 60 Superbe
1530 1407 227 60 pièce,
1688 1407 181 60 dans
1802 1407 136 60 un
1870 1407 317 60 magnifique
2119 1407 181 60 état
2233 1407 136 60 de
2278 1407 340 60 conservation.

844 1484 129 50 Les
917 1484 148 50 rois
1010 1484 296 50 catholiques,
1250 1484 222 50 informés
1416 1484 129 50 que
1490 1484 111 50 le
1546 1484 129 50 duc
1620 1484 111 50 de
1675 1484 185 50 Nagera
1804 1484 148 50 fait
1897 1484 185 50 élever
2026 1484 129 50 une
2100 1484 259 50 forteresse
2303 1484 92 50 à
2340 1484 240 50 Cenicero,
2525 1484 148 50 lieu
2618 1484 111 50 de
2673 1484 129 50 ses
2747 1484 240 50 domaines,
2913 1484 148 50 voisin

806 1526 109 51 de
860 1526 109 51 la
915 1526 164 51 ville
1024 1526 109 51 de
1079 1526 218 51 Logrono,
1242 1526 255 51 enjoignent
1443 1526 91 51 à
1479 1526 146 51 leur
1570 1526 237 51 capitaine
1752 1526 200 51 général
1898 1526 255 51 d’empêcher
2098 1526 164 51 cette
2207 1526 291 51 construction
2443 1526 109 51 et
2498 1526 109 51 au
2553 1526 182 51 besoin
2680 1526 109 51 de
2734 1526 164 51 faire
2844 1526 218 51 détruire
2989 1526 73 51 la

807 1570 176 52 partie
931 1570 141 52 déjà
1019 1570 211 52 édifiée,
1177 1570 106 52 au
1230 1570 123 52 cas
1300 1570 106 52 où
1353 1570 106 52 le
1406 1570 123 52 duc
1476 1570 106 52 ne
1529 1570 211 52 pourrait
1687 1570 229 52 présenter
1863 1570 158 52 aucun
1969 1570 158 52 ordre
2074 1570 158 52 royal
2180 1570 282 52 l’autorisant
2409 1570 88 52 à
2444 1570 211 52 procéder
2602 1570 88 52 à
2637 1570 176 52 ladite
2743 1570 264 52 construction.

786 3153 227 69 ★52★
927 3153 340 69 PHILIPPE
1182 3153 170 69 I,
1267 3153 170 69 n.
1352 3153 142 69 à
1409 3153 312 69 Bruges,
1636 3153 170 69 22
1721 3153 312 69 juillet
1948 3153 255 69 1478,
2118 3153 227 69 fils
2259 3153 170 69 de
2344 3153 397 69 Maximilien
2656 3153 170 69 I,
2713 3153 340 69 petit

785 3221 162 69 de
866 3221 297 69 Charles
1082 3221 162 69 le
1163 3221 378 69 Téméraire,
1460 3221 243 69 époux
1622 3221 162 69 de
1703 3221 270 69 Jeanne
1892 3221 162 69 la
1973 3221 270 69 Folle,
2162 3221 189 69 roi
2270 3221 162 69 de
2351 3221 324 69 Castille
2594 3221 243 69 (juin
2756 3221 270 69 1504),
2918 3221 135 69 dit

790 3293 220 64 <i>le
936 3293 318 64 Beau,</i>
1181 3293 147 64 m.
1255 3293 122 64 à
1304 3293 269 64 Burgos,
1500 3293 147 64 25
1573 3293 318 64 septembre
1794 3293 171 64 1506.

840 3384 150 53 L.
915 3384 175 53 S.,
1015 3384 401 53 contresignée
1341 3384 175 53 par
1442 3384 226 53 PEDRO
1592 3384 301 53 XIMENEZ,
1818 3384 125 53 à
1843 3384 125 53 Ro-

793 3437 199 52 drigo
925 3437 133 52 de
992 3437 354 52 Villalpando,
1279 3437 221 52 alcade
1434 3437 133 52 de
1500 3437 265 52 Vezilla;
1699 3437 133 52 la
1743 3437 221 52 Corogne,

798 3492 111 51 27
854 3492 130 51 mai
928 3492 167 51 1506,
1039 3492 130 51 1/2
1113 3492 111 51 p.
1169 3492 204 51 in-fol.
1317 3492 204 51 <i>Très
1446 3492 204 51 rare</i>.

831 3566 202 44 Superbe
977 3566 183 44 lettre
1106 3566 110 44 où
1161 3566 110 44 il
1216 3566 128 44 lui
1289 3566 202 44 ordonne
1436 3566 110 44 de
1491 3566 202 44 prendre
1638 3566 257 44 possession
1840 3566 110 44 en
1876 3566 92 44 son

796 3608 128 44 nom
869 3608 110 44 de
924 3608 110 44 la
979 3608 256 44 forteresse
1180 3608 110 44 de
1235 3608 110 44 la
1290 3608 165 44 ville
1400 3608 110 44 de
1455 3608 220 44 Vezilla,
1620 3608 220 44 jusqu’au
1767 3608 201 44 règlement

795 3652 128 41 des
868 3652 183 41 débats
996 3652 128 41 qui
1070 3652 110 41 se
1125 3652 147 41 sont
1217 3652 183 41 élevés
1345 3652 220 41 touchant
1510 3652 110 41 la
1565 3652 257 41 possession
1767 3652 110 41 de
1822 3652 110 41 la
1859 3652 110 41 dite

794 3693 245 40 forteresse
987 3693 158 40 entre
1092 3693 123 40 les
1163 3693 228 40 héritiers
1338 3693 105 40 du
1391 3693 193 40 marquis
1531 3693 228 40 d’Astorga
1706 3693 105 40 et
1759 3693 105 40 la
1794 3693 175 40 comtesse

798 3735 236 39 d’Osorno.
979 3735 254 39 Importants
1178 3735 199 39 détails
1305 3735 254 39 historiques.
