5685.03937007874 7343.307086614173
1185.8267716535433 933.8582677165355 751.1811023622047 99.21259842519684 24
1560.6299212598426 933.8582677165355 1125.984251968504 99.21259842519684 CHEFS
2310.236220472441 933.8582677165355 751.1811023622047 99.21259842519684 DE
2686.6141732283463 933.8582677165355 2001.5748031496064 99.21259842519684 GOUVERNEMENT
4187.40157480315 933.8582677165355 625.1968503937007 99.21259842519684 S.1

2285.0393700787404 1403.1496062992126 1270.8661417322835 92.91338582677166 ESPAGNE

1258.267716535433 1617.3228346456692 395.2755905511811 97.63779527559055 ★51★
1505.5118110236222 1617.3228346456692 642.5196850393701 97.63779527559055 FERDINAND
1998.4251968503936 1617.3228346456692 296.06299212598424 97.63779527559055 V,
2146.4566929133857 1617.3228346456692 296.06299212598424 97.63779527559055 n.
2296.0629921259842 1617.3228346456692 296.06299212598424 97.63779527559055 10
2444.0944881889764 1617.3228346456692 395.2755905511811 97.63779527559055 mars
2691.3385826771655 1617.3228346456692 444.09448818897636 97.63779527559055 1452,
2987.4015748031497 1617.3228346456692 395.2755905511811 97.63779527559055 fils
3234.6456692913384 1617.3228346456692 296.06299212598424 97.63779527559055 du
3382.6771653543306 1617.3228346456692 346.45669291338584 97.63779527559055 roi
3579.527559055118 1617.3228346456692 593.7007874015748 97.63779527559055 d’Aragon
4025.196850393701 1617.3228346456692 395.2755905511811 97.63779527559055 Jean
4272.44094488189 1617.3228346456692 346.45669291338584 97.63779527559055 II,
4469.291338582677 1617.3228346456692 346.45669291338584 97.63779527559055 roi
4617.322834645669 1617.3228346456692 198.4251968503937 97.63779527559055 de

1266.1417322834645 1718.1102362204724 439.37007874015745 103.93700787401575 Castille
1595.275590551181 1718.1102362204724 365.3543307086614 103.93700787401575 (1474)
1850.3937007874015 1718.1102362204724 218.89763779527559 103.93700787401575 et
1960.6299212598426 1718.1102362204724 439.37007874015745 103.93700787401575 d’Aragon
2289.763779527559 1718.1102362204724 401.5748031496063 103.93700787401575 (1479),
2581.1023622047246 1718.1102362204724 255.11811023622047 103.93700787401575 dit
2727.5590551181103 1718.1102362204724 329.13385826771656 103.93700787401575 le
2946.4566929133857 1718.1102362204724 694.488188976378 103.93700787401575 Catholique,
3532.283464566929 1718.1102362204724 218.89763779527559 103.93700787401575 m.
3640.9448818897636 1718.1102362204724 182.6771653543307 103.93700787401575 à
3714.9606299212596 1718.1102362204724 584.2519685039371 103.93700787401575 Madrigalejo,
4188.976377952756 1718.1102362204724 218.89763779527559 103.93700787401575 23
4299.212598425197 1718.1102362204724 401.5748031496063 103.93700787401575 janvier
4555.905511811024 1718.1102362204724 255.11811023622047 103.93700787401575 1516.

1266.1417322834645 1822.0472440944882 255.11811023622047 97.63779527559055 Il
1393.7007874015749 1822.0472440944882 296.06299212598424 97.63779527559055 est
1562.2047244094488 1822.0472440944882 551.1811023622047 97.63779527559055 considéré
1987.4015748031495 1822.0472440944882 381.1023622047244 97.63779527559055 comme
2240.9448818897636 1822.0472440944882 255.11811023622047 97.63779527559055 le
2368.503937007874 1822.0472440944882 551.1811023622047 97.63779527559055 véritable
2792.1259842519685 1822.0472440944882 551.1811023622047 97.63779527559055 fondateur
3215.748031496063 1822.0472440944882 255.11811023622047 97.63779527559055 de
3343.3070866141734 1822.0472440944882 255.11811023622047 97.63779527559055 la
3470.8661417322833 1822.0472440944882 551.1811023622047 97.63779527559055 monarchie
3851.968503937008 1822.0472440944882 508.66141732283467 97.63779527559055 espagnole.

1346.4566929133857 1963.7795275590552 215.748031496063 89.76377952755905 L.
1455.1181102362204 1963.7795275590552 250.39370078740157 89.76377952755905 S.,
1598.4251968503936 1963.7795275590552 286.61417322834643 89.76377952755905 sig.
1776.3779527559054 1963.7795275590552 322.8346456692913 89.76377952755905 aussi
1992.1259842519685 1963.7795275590552 250.39370078740157 89.76377952755905 par
2135.433070866142 1963.7795275590552 215.748031496063 89.76377952755905 sa
2242.51968503937 1963.7795275590552 322.8346456692913 89.76377952755905 femme
2458.267716535433 1963.7795275590552 429.9212598425197 89.76377952755905 ISABELLE
2779.527559055118 1963.7795275590552 215.748031496063 89.76377952755905 DE
2888.1889763779527 1963.7795275590552 429.9212598425197 89.76377952755905 CASTILLE
3209.448818897638 1963.7795275590552 250.39370078740157 89.76377952755905 (n.
3352.755905511811 1963.7795275590552 322.8346456692913 89.76377952755905 1451,
3568.503937007874 1963.7795275590552 359.0551181102362 89.76377952755905 épouse
3818.8976377952754 1963.7795275590552 215.748031496063 89.76377952755905 de
3925.984251968504 1963.7795275590552 466.1417322834646 89.76377952755905 Ferdinand
4285.03937007874 1963.7795275590552 215.748031496063 89.76377952755905 en
4392.1259842519685 1963.7795275590552 322.8346456692913 89.76377952755905 1469,
4571.653543307087 1963.7795275590552 250.39370078740157 89.76377952755905 l’il-

1261.4173228346456 2048.818897637795 359.0551181102362 88.18897637795276 lustre
1513.3858267716535 2048.818897637795 538.5826771653543 88.18897637795276 protectrice
1944.8818897637796 2048.818897637795 215.748031496063 88.18897637795276 de
2051.968503937008 2048.818897637795 503.93700787401576 88.18897637795276 Christophe
2447.244094488189 2048.818897637795 395.2755905511811 88.18897637795276 Colomb,
2735.433070866142 2048.818897637795 215.748031496063 88.18897637795276 m.
2844.0944881889764 2048.818897637795 359.0551181102362 88.18897637795276 1504),
3094.488188976378 2048.818897637795 179.5275590551181 88.18897637795276 à
3166.9291338582675 2048.818897637795 251.96850393700788 88.18897637795276 don
3310.236220472441 2048.818897637795 288.18897637795277 88.18897637795276 Juan
3489.763779527559 2048.818897637795 215.748031496063 88.18897637795276 de
3598.4251968503936 2048.818897637795 395.2755905511811 88.18897637795276 Ribera,
3886.6141732283463 2048.818897637795 503.93700787401576 88.18897637795276 corregidor
4281.889763779527 2048.818897637795 215.748031496063 88.18897637795276 de
4388.976377952756 2048.818897637795 215.748031496063 88.18897637795276 la
4461.417322834645 2048.818897637795 359.0551181102362 88.18897637795276 province

1262.992125984252 2132.283464566929 220.4724409448819 91.33858267716535 de
1373.2283464566929 2132.283464566929 477.1653543307087 91.33858267716535 Guipuzcoa
1738.5826771653544 2132.283464566929 220.4724409448819 91.33858267716535 et
1848.8188976377953 2132.283464566929 477.1653543307087 91.33858267716535 capitaine
2215.748031496063 2132.283464566929 403.1496062992126 91.33858267716535 général
2508.6614173228345 2132.283464566929 220.4724409448819 91.33858267716535 de
2618.8976377952754 2132.283464566929 220.4724409448819 91.33858267716535 la
2729.1338582677167 2132.283464566929 477.1653543307087 91.33858267716535 frontière
3094.488188976378 2132.283464566929 220.4724409448819 91.33858267716535 de
3204.7244094488187 2132.283464566929 439.37007874015745 91.33858267716535 Navarre;
3535.433070866142 2132.283464566929 513.3858267716536 91.33858267716535 Barcelone,
3938.582677165354 2132.283464566929 182.6771653543307 91.33858267716535 7
4011.0236220472443 2132.283464566929 439.37007874015745 91.33858267716535 décembre
4340.157480314961 2132.283464566929 329.13385826771656 91.33858267716535 1493,
4560.629921259842 2132.283464566929 256.6929133858268 91.33858267716535 1/2
4670.866141732284 2132.283464566929 146.45669291338584 91.33858267716535 p.

1266.1417322834645 2215.748031496063 392.12598425196853 94.48818897637796 in-fol.
1552.755905511811 2215.748031496063 392.12598425196853 94.48818897637796 oblong,
1837.7952755905512 2215.748031496063 392.12598425196853 94.48818897637796 cachet.
2122.834645669291 2215.748031496063 392.12598425196853 94.48818897637796 Superbe
2409.448818897638 2215.748031496063 357.4803149606299 94.48818897637796 pièce,
2658.267716535433 2215.748031496063 285.03937007874015 94.48818897637796 dans
2837.7952755905512 2215.748031496063 214.17322834645668 94.48818897637796 un
2944.8818897637793 2215.748031496063 499.21259842519686 94.48818897637796 magnifique
3337.0078740157483 2215.748031496063 285.03937007874015 94.48818897637796 état
3516.535433070866 2215.748031496063 214.17322834645668 94.48818897637796 de
3587.4015748031497 2215.748031496063 535.4330708661417 94.48818897637796 conservation.

1329.1338582677165 2337.0078740157483 203.1496062992126 78.74015748031496 Les
1444.0944881889764 2337.0078740157483 233.0708661417323 78.74015748031496 rois
1590.5511811023623 2337.0078740157483 466.1417322834646 78.74015748031496 catholiques,
1968.5039370078741 2337.0078740157483 349.6062992125984 78.74015748031496 informés
2229.9212598425197 2337.0078740157483 203.1496062992126 78.74015748031496 que
2346.4566929133857 2337.0078740157483 174.8031496062992 78.74015748031496 le
2434.6456692913384 2337.0078740157483 203.1496062992126 78.74015748031496 duc
2551.181102362205 2337.0078740157483 174.8031496062992 78.74015748031496 de
2637.7952755905512 2337.0078740157483 291.33858267716533 78.74015748031496 Nagera
2840.9448818897636 2337.0078740157483 233.0708661417323 78.74015748031496 fait
2987.4015748031497 2337.0078740157483 291.33858267716533 78.74015748031496 élever
3190.551181102362 2337.0078740157483 203.1496062992126 78.74015748031496 une
3307.0866141732286 2337.0078740157483 407.87401574803147 78.74015748031496 forteresse
3626.771653543307 2337.0078740157483 144.88188976377953 78.74015748031496 à
3685.0393700787404 2337.0078740157483 377.9527559055118 78.74015748031496 Cenicero,
3976.3779527559054 2337.0078740157483 233.0708661417323 78.74015748031496 lieu
4122.834645669292 2337.0078740157483 174.8031496062992 78.74015748031496 de
4209.4488188976375 2337.0078740157483 203.1496062992126 78.74015748031496 ses
4325.9842519685035 2337.0078740157483 377.9527559055118 78.74015748031496 domaines,
4587.40157480315 2337.0078740157483 233.0708661417323 78.74015748031496 voisin

1269.291338582677 2403.149606299213 171.6535433070866 80.31496062992126 de
1354.3307086614172 2403.149606299213 171.6535433070866 80.31496062992126 la
1440.9448818897638 2403.149606299213 258.26771653543307 80.31496062992126 ville
1612.5984251968505 2403.149606299213 171.6535433070866 80.31496062992126 de
1699.2125984251968 2403.149606299213 343.3070866141732 80.31496062992126 Logrono,
1955.9055118110236 2403.149606299213 401.5748031496063 80.31496062992126 enjoignent
2272.4409448818897 2403.149606299213 143.30708661417322 80.31496062992126 à
2329.1338582677167 2403.149606299213 229.92125984251967 80.31496062992126 leur
2472.4409448818897 2403.149606299213 373.2283464566929 80.31496062992126 capitaine
2759.0551181102364 2403.149606299213 314.96062992125985 80.31496062992126 général
2988.9763779527557 2403.149606299213 401.5748031496063 80.31496062992126 d’empêcher
3303.9370078740158 2403.149606299213 258.26771653543307 80.31496062992126 cette
3475.5905511811025 2403.149606299213 458.26771653543307 80.31496062992126 construction
3847.244094488189 2403.149606299213 171.6535433070866 80.31496062992126 et
3933.8582677165355 2403.149606299213 171.6535433070866 80.31496062992126 au
4020.472440944882 2403.149606299213 286.61417322834643 80.31496062992126 besoin
4220.472440944882 2403.149606299213 171.6535433070866 80.31496062992126 de
4305.511811023622 2403.149606299213 258.26771653543307 80.31496062992126 faire
4478.740157480315 2403.149606299213 343.3070866141732 80.31496062992126 détruire
4707.086614173229 2403.149606299213 114.96062992125984 80.31496062992126 la

1270.8661417322835 2472.4409448818897 277.1653543307087 81.88976377952756 partie
1466.1417322834645 2472.4409448818897 222.04724409448818 81.88976377952756 déjà
1604.724409448819 2472.4409448818897 332.2834645669291 81.88976377952756 édifiée,
1853.5433070866143 2472.4409448818897 166.9291338582677 81.88976377952756 au
1937.007874015748 2472.4409448818897 193.70078740157481 81.88976377952756 cas
2047.244094488189 2472.4409448818897 166.9291338582677 81.88976377952756 où
2130.7086614173227 2472.4409448818897 166.9291338582677 81.88976377952756 le
2214.1732283464567 2472.4409448818897 193.70078740157481 81.88976377952756 duc
2324.4094488188975 2472.4409448818897 166.9291338582677 81.88976377952756 ne
2407.8740157480315 2472.4409448818897 332.2834645669291 81.88976377952756 pourrait
2656.6929133858266 2472.4409448818897 360.62992125984255 81.88976377952756 présenter
2933.8582677165355 2472.4409448818897 248.8188976377953 81.88976377952756 aucun
3100.787401574803 2472.4409448818897 248.8188976377953 81.88976377952756 ordre
3266.1417322834645 2472.4409448818897 248.8188976377953 81.88976377952756 royal
3433.0708661417325 2472.4409448818897 444.09448818897636 81.88976377952756 l’autorisant
3793.700787401575 2472.4409448818897 138.58267716535434 81.88976377952756 à
3848.818897637795 2472.4409448818897 332.2834645669291 81.88976377952756 procéder
4097.63779527559 2472.4409448818897 138.58267716535434 81.88976377952756 à
4152.755905511811 2472.4409448818897 277.1653543307087 81.88976377952756 ladite
4319.685039370079 2472.4409448818897 415.748031496063 81.88976377952756 construction.

1237.7952755905512 4965.354330708661 357.4803149606299 108.66141732283465 ★52★
1459.8425196850394 4965.354330708661 535.4330708661417 108.66141732283465 PHILIPPE
1861.4173228346456 4965.354330708661 267.7165354330709 108.66141732283465 I,
1995.275590551181 4965.354330708661 267.7165354330709 108.66141732283465 n.
2129.1338582677167 4965.354330708661 223.6220472440945 108.66141732283465 à
2218.8976377952754 4965.354330708661 491.33858267716533 108.66141732283465 Bruges,
2576.3779527559054 4965.354330708661 267.7165354330709 108.66141732283465 22
2710.236220472441 4965.354330708661 491.33858267716533 108.66141732283465 juillet
3067.716535433071 4965.354330708661 401.5748031496063 108.66141732283465 1478,
3335.433070866142 4965.354330708661 357.4803149606299 108.66141732283465 fils
3557.48031496063 4965.354330708661 267.7165354330709 108.66141732283465 de
3691.3385826771655 4965.354330708661 625.1968503937007 108.66141732283465 Maximilien
4182.677165354331 4965.354330708661 267.7165354330709 108.66141732283465 I,
4272.44094488189 4965.354330708661 535.4330708661417 108.66141732283465 petit

1236.2204724409448 5072.44094488189 255.11811023622047 108.66141732283465 de
1363.7795275590552 5072.44094488189 467.7165354330709 108.66141732283465 Charles
1703.9370078740158 5072.44094488189 255.11811023622047 108.66141732283465 le
1831.4960629921259 5072.44094488189 595.2755905511812 108.66141732283465 Téméraire,
2299.212598425197 5072.44094488189 382.6771653543307 108.66141732283465 époux
2554.3307086614172 5072.44094488189 255.11811023622047 108.66141732283465 de
2681.8897637795276 5072.44094488189 425.1968503937008 108.66141732283465 Jeanne
2979.527559055118 5072.44094488189 255.11811023622047 108.66141732283465 la
3107.0866141732286 5072.44094488189 425.1968503937008 108.66141732283465 Folle,
3404.7244094488187 5072.44094488189 297.6377952755906 108.66141732283465 roi
3574.803149606299 5072.44094488189 255.11811023622047 108.66141732283465 de
3702.3622047244094 5072.44094488189 510.23622047244095 108.66141732283465 Castille
4085.0393700787404 5072.44094488189 382.6771653543307 108.66141732283465 (juin
4340.157480314961 5072.44094488189 425.1968503937008 108.66141732283465 1504),
4595.275590551181 5072.44094488189 212.5984251968504 108.66141732283465 dit

1244.0944881889764 5185.826771653543 346.45669291338584 100.78740157480316 le
1474.015748031496 5185.826771653543 500.78740157480314 100.78740157480316 Beau,
1859.8425196850394 5185.826771653543 231.49606299212599 100.78740157480316 m.
1976.3779527559054 5185.826771653543 192.1259842519685 100.78740157480316 à
2053.5433070866143 5185.826771653543 423.62204724409446 100.78740157480316 Burgos,
2362.2047244094488 5185.826771653543 231.49606299212599 100.78740157480316 25
2477.165354330709 5185.826771653543 500.78740157480314 100.78740157480316 septembre
2825.196850393701 5185.826771653543 269.29133858267716 100.78740157480316 1506.

1322.8346456692914 5329.133858267716 236.2204724409449 83.46456692913385 L.
1440.9448818897638 5329.133858267716 275.59055118110234 83.46456692913385 S.,
1598.4251968503936 5329.133858267716 631.496062992126 83.46456692913385 contresignée
2111.8110236220473 5329.133858267716 275.59055118110234 83.46456692913385 par
2270.8661417322833 5329.133858267716 355.90551181102364 83.46456692913385 PEDRO
2507.0866141732286 5329.133858267716 474.01574803149606 83.46456692913385 XIMENEZ,
2862.9921259842517 5329.133858267716 196.8503937007874 83.46456692913385 à
2902.3622047244094 5329.133858267716 196.8503937007874 83.46456692913385 Ro-

1248.8188976377953 5412.59842519685 313.38582677165357 81.88976377952756 drigo
1456.6929133858268 5412.59842519685 209.4488188976378 81.88976377952756 de
1562.2047244094488 5412.59842519685 557.4803149606299 81.88976377952756 Villalpando,
2014.1732283464567 5412.59842519685 348.0314960629921 81.88976377952756 alcade
2258.267716535433 5412.59842519685 209.4488188976378 81.88976377952756 de
2362.2047244094488 5412.59842519685 417.3228346456693 81.88976377952756 Vezilla;
2675.5905511811025 5412.59842519685 209.4488188976378 81.88976377952756 la
2744.8818897637793 5412.59842519685 348.0314960629921 81.88976377952756 Corogne,

1256.6929133858268 5499.212598425197 174.8031496062992 80.31496062992126 27
1344.8818897637796 5499.212598425197 204.7244094488189 80.31496062992126 mai
1461.4173228346456 5499.212598425197 262.99212598425197 80.31496062992126 1506,
1636.2204724409448 5499.212598425197 204.7244094488189 80.31496062992126 1/2
1752.755905511811 5499.212598425197 174.8031496062992 80.31496062992126 p.
1840.9448818897638 5499.212598425197 321.25984251968504 80.31496062992126 in-fol.
2074.015748031496 5499.212598425197 321.25984251968504 80.31496062992126 Très
2277.165354330709 5499.212598425197 321.25984251968504 80.31496062992126 rare.

1308.6614173228347 5615.748031496063 318.1102362204724 69.29133858267717 Superbe
1538.5826771653544 5615.748031496063 288.18897637795277 69.29133858267717 lettre
1741.732283464567 5615.748031496063 173.22834645669292 69.29133858267717 où
1828.3464566929133 5615.748031496063 173.22834645669292 69.29133858267717 il
1914.9606299212599 5615.748031496063 201.5748031496063 69.29133858267717 lui
2029.9212598425197 5615.748031496063 318.1102362204724 69.29133858267717 ordonne
2261.417322834646 5615.748031496063 173.22834645669292 69.29133858267717 de
2348.031496062992 5615.748031496063 318.1102362204724 69.29133858267717 prendre
2579.527559055118 5615.748031496063 404.7244094488189 69.29133858267717 possession
2897.6377952755906 5615.748031496063 173.22834645669292 69.29133858267717 en
2954.3307086614172 5615.748031496063 144.88188976377953 69.29133858267717 son

1253.5433070866143 5681.889763779527 201.5748031496063 69.29133858267717 nom
1368.5039370078741 5681.889763779527 173.22834645669292 69.29133858267717 de
1455.1181102362204 5681.889763779527 173.22834645669292 69.29133858267717 la
1541.732283464567 5681.889763779527 403.1496062992126 69.29133858267717 forteresse
1858.267716535433 5681.889763779527 173.22834645669292 69.29133858267717 de
1944.8818897637796 5681.889763779527 173.22834645669292 69.29133858267717 la
2031.4960629921259 5681.889763779527 259.84251968503935 69.29133858267717 ville
2204.7244094488187 5681.889763779527 173.22834645669292 69.29133858267717 de
2291.3385826771655 5681.889763779527 346.45669291338584 69.29133858267717 Vezilla,
2551.181102362205 5681.889763779527 346.45669291338584 69.29133858267717 jusqu’au
2782.6771653543306 5681.889763779527 316.53543307086613 69.29133858267717 règlement

1251.9685039370079 5751.181102362205 201.5748031496063 64.56692913385827 des
1366.9291338582677 5751.181102362205 288.18897637795277 64.56692913385827 débats
1568.5039370078741 5751.181102362205 201.5748031496063 64.56692913385827 qui
1685.0393700787401 5751.181102362205 173.22834645669292 64.56692913385827 se
1771.6535433070867 5751.181102362205 231.49606299212599 64.56692913385827 sont
1916.5354330708662 5751.181102362205 288.18897637795277 64.56692913385827 élevés
2118.1102362204724 5751.181102362205 346.45669291338584 64.56692913385827 touchant
2377.952755905512 5751.181102362205 173.22834645669292 64.56692913385827 la
2464.566929133858 5751.181102362205 404.7244094488189 64.56692913385827 possession
2782.6771653543306 5751.181102362205 173.22834645669292 64.56692913385827 de
2869.2913385826773 5751.181102362205 173.22834645669292 64.56692913385827 la
2927.5590551181103 5751.181102362205 173.22834645669292 64.56692913385827 dite

1250.3937007874015 5815.748031496063 385.8267716535433 62.99212598425197 forteresse
1554.3307086614172 5815.748031496063 248.8188976377953 62.99212598425197 entre
1719.6850393700788 5815.748031496063 193.70078740157481 62.99212598425197 les
1831.4960629921259 5815.748031496063 359.0551181102362 62.99212598425197 héritiers
2107.0866141732286 5815.748031496063 165.35433070866142 62.99212598425197 du
2190.551181102362 5815.748031496063 303.93700787401576 62.99212598425197 marquis
2411.0236220472443 5815.748031496063 359.0551181102362 62.99212598425197 d’Astorga
2686.6141732283463 5815.748031496063 165.35433070866142 62.99212598425197 et
2770.0787401574803 5815.748031496063 165.35433070866142 62.99212598425197 la
2825.196850393701 5815.748031496063 275.59055118110234 62.99212598425197 comtesse

1256.6929133858268 5881.889763779527 371.65354330708664 61.41732283464567 d’Osorno.
1541.732283464567 5881.889763779527 400.0 61.41732283464567 Importants
1855.1181102362204 5881.889763779527 313.38582677165357 61.41732283464567 détails
2055.1181102362207 5881.889763779527 400.0 61.41732283464567 historiques.
