3735 4647
494 571 466 97 S.
727 571 388 97 1
882 571 699 97 CHEFS
1348 571 466 97 DE
1581 571 1242 97 GOUVERNEMENT
2513 571 310 97 25

566 866 244 97 ★53★
719 866 367 97 PHILIPPE
994 866 214 97 II,
1116 866 183 97 n.
1208 866 153 97 à
1269 866 458 97 Valladolid,
1636 866 183 97 21
1727 866 214 97 mai
1849 866 275 97 1527,
2033 866 244 97 fils
2185 866 305 97 unique
2399 866 183 97 de
2460 866 367 97 l’empereur

573 935 502 93 Charles-Quint,
992 935 195 93 roi
1103 935 363 93 d’Espagne
1382 935 195 93 (25
1494 935 307 93 octobre
1717 935 279 93 1555),
1912 935 167 93 m.
1996 935 167 93 13
2080 935 363 93 septembre
2331 935 195 93 1598.

630 1024 128 86 L.
694 1024 128 86 A.
758 1024 128 86 S.
822 1024 107 86 à
864 1024 128 86 la
928 1024 192 86 Reine
1057 1024 299 86 (Catherine
1291 1024 128 86 de
1355 1024 256 86 Médicis,
1547 1024 128 86 sa
1611 1024 341 86 belle-mère);
1889 1024 299 86 (septembre
2124 1024 213 86 1570),
2273 1024 107 86 1
2316 1024 128 86 p.
2380 1024 149 86 1/2
2465 1024 256 86 in-fol.,
2636 1024 192 86 cachet.

579 1089 115 61 —
625 1089 138 61 P.
694 1089 138 61 de
763 1089 207 61 Gunst
901 1089 253 61 d’après
1084 1089 161 61 van
1176 1089 161 61 der
1245 1089 184 61 Werff.

624 1160 249 80 Importante
820 1160 178 80 lettre
945 1160 267 80 historique.
1158 1160 107 80 Il
1212 1160 214 80 pourrait
1372 1160 107 80 se
1425 1160 196 80 montrer
1568 1160 196 80 offensé
1710 1160 107 80 de
1764 1160 214 80 quelques
1924 1160 196 80 paroles
2066 1160 107 80 de
2120 1160 107 80 la
2173 1160 214 80 dernière
2333 1160 178 80 lettre
2458 1160 107 80 de
2512 1160 107 80 la
2565 1160 178 80 Reine,
2690 1160 125 80 que
2743 1160 89 80 lui

586 1200 98 81 a
626 1200 196 81 remise
762 1200 333 81 l’ambassadeur
1036 1200 293 81 Fourquevaux
1271 1200 235 81 (Raimond
1447 1200 117 81 de
1506 1200 235 81 Beccarie
1682 1200 117 81 de
1741 1200 196 81 Ravie,
1877 1200 176 81 baron
1995 1200 117 81 de
2054 1200 313 81 Fourquevaux,
2308 1200 117 81 n.
2367 1200 176 81 1509,
2484 1200 117 81 m.
2543 1200 196 81 1574),
2680 1200 156 81 mais
2758 1200 78 81 il

589 1242 276 80 n’insistera
810 1242 129 80 pas
883 1242 129 80 par
957 1242 166 80 égard
1068 1242 147 80 pour
1160 1242 111 80 sa
1215 1242 276 80 belle-mère.
1436 1242 111 80 Il
1492 1242 184 80 promet
1621 1242 240 80 d’appuyer
1805 1242 111 80 le
1860 1242 184 80 projet
1989 1242 111 80 de
2045 1242 203 80 mariage
2192 1242 111 80 de
2247 1242 240 80 Sébastien
2432 1242 111 80 de
2487 1242 221 80 Portugal
2653 1242 147 80 avec
2726 1242 111 80 Mar-

590 1284 192 78 guerite
729 1284 105 78 de
781 1284 192 78 Valois.
921 1284 105 78 Il
973 1284 122 78 est
1043 1284 227 78 mécontent
1217 1284 105 78 de
1269 1284 105 78 la
1322 1284 139 78 paix
1409 1284 122 78 que
1478 1284 105 78 le
1531 1284 122 78 roi
1600 1284 105 78 de
1653 1284 174 78 France
1775 1284 87 78 a
1810 1284 192 78 conclue
1949 1284 139 78 avec
2036 1284 122 78 les
2106 1284 227 78 rebelles,
2280 1284 122 78 car
2350 1284 139 78 elle
2437 1284 139 78 est,
2524 1284 192 78 dit-il,
2646 1284 192 78 contraire

590 1324 130 74 aux
665 1324 223 74 intérêts
832 1324 111 74 de
888 1324 111 74 la
943 1324 241 74 couronne,
1129 1324 130 74 et,
1203 1324 111 74 ce
1259 1324 130 74 qui
1333 1324 130 74 est
1407 1324 149 74 plus
1500 1324 186 74 grave,
1630 1324 130 74 aux
1704 1324 186 74 choses
1834 1324 111 74 de
1890 1324 111 74 la
1946 1324 241 74 religion.
2131 1324 93 74 —
2169 1324 130 74 (La
2243 1324 149 74 paix
2336 1324 167 74 avait
2447 1324 130 74 été
2521 1324 204 74 conclue
2670 1324 149 74 avec
2744 1324 93 74 les

592 1366 260 79 Huguenots,
797 1366 111 79 le
852 1366 93 79 8
890 1366 149 79 août
982 1366 167 79 1570,
1094 1366 93 79 à
1131 1366 483 79 Saint-Germain-en-Laye.
1558 1366 111 79 Le
1614 1366 186 79 projet
1744 1366 111 79 de
1799 1366 204 79 mariage
1948 1366 111 79 de
2004 1366 260 79 Marguerite
2208 1366 111 79 de
2263 1366 186 79 Valois
2393 1366 149 79 avec
2486 1366 111 79 le
2542 1366 130 79 roi
2616 1366 111 79 de
2653 1366 186 79 Portugal

594 1409 166 74 n'eut
704 1409 129 74 pas
778 1409 110 74 de
833 1409 202 74 suites:
980 1409 257 74 Marguerite
1182 1409 202 74 épousa,
1329 1409 110 74 le
1384 1409 110 74 18
1440 1409 147 74 août
1532 1409 166 74 1572,
1642 1409 129 74 son
1716 1409 184 74 cousin
1844 1409 110 74 le
1899 1409 184 74 prince
2028 1409 110 74 de
2083 1409 221 74 Navarre,
2249 1409 184 74 depuis
2378 1409 166 74 Henri
2470 1409 110 74 IV.)

618 2814 228 102 ★54★
761 2814 342 102 PHILIPPE
1018 2814 171 102 V,
1104 2814 171 102 n.
1189 2814 143 102 à
1246 2814 428 102 Versailles,
1589 2814 171 102 19
1674 2814 342 102 décembre
1931 2814 257 102 1683,
2102 2814 200 102 duc
2217 2814 342 102 d’Anjou,
2473 2814 400 102 petit-fils
2759 2814 114 102 de

624 2883 244 99 Louis
787 2883 217 99 XIV,
923 2883 190 99 roi
1031 2883 353 99 d’Espagne
1303 2883 190 99 (24
1412 2883 326 99 novembre
1656 2883 272 99 1700),
1846 2883 163 99 m.
1928 2883 136 99 à
1982 2883 299 99 Madrid,
2199 2883 136 99 9
2254 2883 299 99 juillet
2444 2883 190 99 1746.

679 2986 140 66 L.
749 2986 140 66 A.
818 2986 140 66 S.
888 2986 116 66 à
935 2986 326 66 l’électeur
1190 2986 140 66 de
1260 2986 279 66 Bavière,
1469 2986 163 66 son
1539 2986 186 66 oncle;

631 3040 257 64 Madrid,
817 3040 140 64 16
887 3040 280 64 décembre
1098 3040 210 64 1706,
1238 3040 117 64 1
1284 3040 140 64 p.
1354 3040 210 64 in-4,
1471 3040 257 64 enveloppe

635 3098 113 58 et
692 3098 208 58 cachet.
843 3098 245 58 <i>(Coll.
1032 3098 378 58 Dubrunfaut.)</i>
1353 3098 94 58 —
1371 3098 76 58 P.

671 3178 114 52 Il
728 3178 132 52 lui
804 3178 208 52 demande
955 3178 170 52 vingt
1069 3178 189 52 hommes
1201 3178 208 52 choisis
1352 3178 151 52 pour
1447 3178 189 52 rendre
1580 3178 114 52 sa
1617 3178 114 52 com-

639 3221 195 53 pagnie
776 3221 137 53 des
854 3221 195 53 gardes
991 3221 117 53 du
1049 3221 176 53 corps
1166 3221 254 53 wallonnes
1361 3221 254 53 complète.
1556 3221 176 53 «Vous
1654 3221 78 53 me

640 3264 156 52 ferez
744 3264 191 52 plaisir
882 3264 104 52 de
934 3264 121 52 les
1004 3264 156 52 tirer
1108 3264 104 52 de
1160 3264 104 52 la
1212 3264 243 52 cavallerie
1403 3264 104 52 de
1455 3264 104 52 la
1507 3264 156 52 mesme
1593 3264 139 52 nation

639 3305 128 53 qui
712 3305 128 53 est
785 3305 146 53 sous
876 3305 128 53 vos
949 3305 201 53 ordres.
1095 3305 146 53 J’ay
1186 3305 183 53 chargé
1314 3305 110 53 le
1369 3305 164 53 sieur
1478 3305 237 53 Duveland,
1643 3305 91 53 qui

641 3347 134 49 vous
725 3347 168 49 rendra
843 3347 151 49 cette
943 3347 185 49 lettre,
1078 3347 101 49 de
1128 3347 117 49 les
1195 3347 201 49 conduire
1346 3347 134 49 icy,
1430 3347 101 49 et
1480 3347 101 49 je
1531 3347 185 49 profite
1648 3347 84 49 en-

642 3392 141 50 core
731 3392 141 50 avec
819 3392 194 50 plaisir
960 3392 106 50 de
1013 3392 159 50 cette
1119 3392 212 50 occasion
1277 3392 141 50 pour
1366 3392 141 50 vous
1454 3392 265 50 renouveller
1648 3392 88 50 les

643 3431 273 50 asseurances
861 3431 109 50 de
916 3431 218 50 l’estime
1079 3431 109 50 et
1134 3431 109 50 de
1188 3431 218 50 l’amitié
1352 3431 127 50 que
1425 3431 145 50 j’ay
1516 3431 145 50 pour
1589 3431 145 50 vous.»

641 3476 98 54 —
681 3476 489 54 (Maximilien-Emmanuel,
1111 3476 117 54 n.
1169 3476 176 54 1662,
1286 3476 235 54 électeur
1462 3476 117 54 de
1521 3476 215 54 Bavière
1658 3476 78 54 en

649 3518 166 56 1679,
759 3518 166 56 était
870 3518 203 56 l’allié
1018 3518 111 56 de
1074 3518 166 56 Louis
1185 3518 148 56 XIV.
1277 3518 185 56 Ayant,
1406 3518 148 56 dans
1499 3518 111 56 la
1554 3518 185 56 guerre
1665 3518 74 56 de

646 3560 109 52 la
700 3560 255 52 succession
900 3560 255 52 d’Espagne,
1100 3560 145 52 pris
1191 3560 164 52 parti
1301 3560 145 52 pour
1391 3560 109 52 le
1446 3560 127 52 duc
1519 3560 218 52 d’Anjou,
1664 3560 73 52 il

646 3604 164 51 avait
755 3604 128 51 été
828 3604 182 51 chassé
956 3604 109 51 de
1010 3604 128 51 ses
1083 3604 164 51 Etats
1192 3604 109 51 en
1247 3604 146 51 1704
1338 3604 109 51 et
1393 3604 200 51 s’était
1539 3604 200 51 réfugié
1666 3604 73 51 en

646 3647 197 51 France.
790 3647 108 51 Il
843 3647 108 51 ne
897 3647 179 51 rentra
1023 3647 143 51 dans
1112 3647 126 51 son
1184 3647 233 51 électorat
1363 3647 161 51 qu’en
1471 3647 161 51 1714,
1579 3647 161 51 après
1668 3647 72 51 la

648 3694 147 48 paix
739 3694 257 48 d’Utrecht,
942 3694 110 48 et
997 3694 184 48 mourut
1125 3694 110 48 en
1162 3694 147 48 1726.)

2759 3979 156 50 7
