5881.889763779527 7318.110236220473
777.9527559055118 899.2125984251968 733.8582677165355 152.75590551181102 S.
1144.8818897637796 899.2125984251968 611.0236220472441 152.75590551181102 1
1388.976377952756 899.2125984251968 1100.7874015748032 152.75590551181102 CHEFS
2122.834645669291 899.2125984251968 733.8582677165355 152.75590551181102 DE
2489.763779527559 899.2125984251968 1955.9055118110236 152.75590551181102 GOUVERNEMENT
3957.48031496063 899.2125984251968 488.18897637795277 152.75590551181102 25

891.3385826771654 1363.7795275590552 384.251968503937 152.75590551181102 ★53★
1132.283464566929 1363.7795275590552 577.9527559055118 152.75590551181102 PHILIPPE
1565.3543307086613 1363.7795275590552 337.00787401574803 152.75590551181102 II,
1757.4803149606298 1363.7795275590552 288.18897637795277 152.75590551181102 n.
1902.3622047244094 1363.7795275590552 240.9448818897638 152.75590551181102 à
1998.4251968503936 1363.7795275590552 721.2598425196851 152.75590551181102 Valladolid,
2576.3779527559054 1363.7795275590552 288.18897637795277 152.75590551181102 21
2719.685039370079 1363.7795275590552 337.00787401574803 152.75590551181102 mai
2911.8110236220473 1363.7795275590552 433.07086614173227 152.75590551181102 1527,
3201.5748031496064 1363.7795275590552 384.251968503937 152.75590551181102 fils
3440.9448818897636 1363.7795275590552 480.31496062992125 152.75590551181102 unique
3777.952755905512 1363.7795275590552 288.18897637795277 152.75590551181102 de
3874.015748031496 1363.7795275590552 577.9527559055118 152.75590551181102 l’empereur

902.3622047244095 1472.4409448818897 790.5511811023622 146.45669291338584 Charles-Quint,
1562.2047244094488 1472.4409448818897 307.0866141732283 146.45669291338584 roi
1737.007874015748 1472.4409448818897 571.6535433070866 146.45669291338584 d’Espagne
2176.3779527559054 1472.4409448818897 307.0866141732283 146.45669291338584 (25
2352.755905511811 1472.4409448818897 483.46456692913387 146.45669291338584 octobre
2703.9370078740158 1472.4409448818897 439.37007874015745 146.45669291338584 1555),
3011.0236220472443 1472.4409448818897 262.99212598425197 146.45669291338584 m.
3143.3070866141734 1472.4409448818897 262.99212598425197 146.45669291338584 13
3275.5905511811025 1472.4409448818897 571.6535433070866 146.45669291338584 septembre
3670.8661417322833 1472.4409448818897 307.0866141732283 146.45669291338584 1598.

992.1259842519685 1612.5984251968505 201.5748031496063 135.43307086614172 L.
1092.9133858267717 1612.5984251968505 201.5748031496063 135.43307086614172 A.
1193.7007874015749 1612.5984251968505 201.5748031496063 135.43307086614172 S.
1294.4881889763778 1612.5984251968505 168.50393700787401 135.43307086614172 à
1360.6299212598426 1612.5984251968505 201.5748031496063 135.43307086614172 la
1461.4173228346456 1612.5984251968505 302.3622047244094 135.43307086614172 Reine
1664.5669291338584 1612.5984251968505 470.86614173228344 135.43307086614172 (Catherine
2033.0708661417323 1612.5984251968505 201.5748031496063 135.43307086614172 de
2133.8582677165355 1612.5984251968505 403.1496062992126 135.43307086614172 Médicis,
2436.220472440945 1612.5984251968505 201.5748031496063 135.43307086614172 sa
2537.0078740157483 1612.5984251968505 537.007874015748 135.43307086614172 belle-mère);
2974.803149606299 1612.5984251968505 470.86614173228344 135.43307086614172 (septembre
3344.8818897637793 1612.5984251968505 335.43307086614175 135.43307086614172 1570),
3579.527559055118 1612.5984251968505 168.50393700787401 135.43307086614172 1
3647.244094488189 1612.5984251968505 201.5748031496063 135.43307086614172 p.
3748.031496062992 1612.5984251968505 234.64566929133858 135.43307086614172 1/2
3881.8897637795276 1612.5984251968505 403.1496062992126 135.43307086614172 in-fol.,
4151.181102362205 1612.5984251968505 302.3622047244094 135.43307086614172 cachet.

911.8110236220473 1714.9606299212599 181.10236220472441 96.06299212598425 —
984.2519685039371 1714.9606299212599 217.3228346456693 96.06299212598425 P.
1092.9133858267717 1714.9606299212599 217.3228346456693 96.06299212598425 de
1201.5748031496064 1714.9606299212599 325.98425196850394 96.06299212598425 Gunst
1418.8976377952756 1714.9606299212599 398.4251968503937 96.06299212598425 d’après
1707.0866141732283 1714.9606299212599 253.54330708661416 96.06299212598425 van
1851.9685039370079 1714.9606299212599 253.54330708661416 96.06299212598425 der
1960.6299212598426 1714.9606299212599 289.76377952755905 96.06299212598425 Werff.

982.6771653543307 1826.7716535433071 392.12598425196853 125.98425196850394 Importante
1291.3385826771653 1826.7716535433071 280.31496062992125 125.98425196850394 lettre
1488.1889763779527 1826.7716535433071 420.4724409448819 125.98425196850394 historique.
1823.6220472440946 1826.7716535433071 168.50393700787401 125.98425196850394 Il
1908.6614173228347 1826.7716535433071 337.00787401574803 125.98425196850394 pourrait
2160.6299212598424 1826.7716535433071 168.50393700787401 125.98425196850394 se
2244.0944881889764 1826.7716535433071 308.66141732283467 125.98425196850394 montrer
2469.2913385826773 1826.7716535433071 308.66141732283467 125.98425196850394 offensé
2692.9133858267714 1826.7716535433071 168.50393700787401 125.98425196850394 de
2777.952755905512 1826.7716535433071 337.00787401574803 125.98425196850394 quelques
3029.9212598425197 1826.7716535433071 308.66141732283467 125.98425196850394 paroles
3253.5433070866143 1826.7716535433071 168.50393700787401 125.98425196850394 de
3338.582677165354 1826.7716535433071 168.50393700787401 125.98425196850394 la
3422.047244094488 1826.7716535433071 337.00787401574803 125.98425196850394 dernière
3674.015748031496 1826.7716535433071 280.31496062992125 125.98425196850394 lettre
3870.8661417322833 1826.7716535433071 168.50393700787401 125.98425196850394 de
3955.9055118110236 1826.7716535433071 168.50393700787401 125.98425196850394 la
4039.3700787401576 1826.7716535433071 280.31496062992125 125.98425196850394 Reine,
4236.220472440945 1826.7716535433071 196.8503937007874 125.98425196850394 que
4319.685039370079 1826.7716535433071 140.15748031496062 125.98425196850394 lui

922.8346456692914 1889.763779527559 154.33070866141733 127.55905511811024 a
985.8267716535433 1889.763779527559 308.66141732283467 127.55905511811024 remise
1200.0 1889.763779527559 524.4094488188977 127.55905511811024 l’ambassadeur
1631.4960629921259 1889.763779527559 461.4173228346457 127.55905511811024 Fourquevaux
2001.5748031496064 1889.763779527559 370.0787401574803 127.55905511811024 (Raimond
2278.740157480315 1889.763779527559 184.251968503937 127.55905511811024 de
2371.6535433070867 1889.763779527559 370.0787401574803 127.55905511811024 Beccarie
2648.818897637795 1889.763779527559 184.251968503937 127.55905511811024 de
2741.732283464567 1889.763779527559 308.66141732283467 127.55905511811024 Ravie,
2955.9055118110236 1889.763779527559 277.1653543307087 127.55905511811024 baron
3141.732283464567 1889.763779527559 184.251968503937 127.55905511811024 de
3234.6456692913384 1889.763779527559 492.9133858267717 127.55905511811024 Fourquevaux,
3634.6456692913384 1889.763779527559 184.251968503937 127.55905511811024 n.
3727.5590551181103 1889.763779527559 277.1653543307087 127.55905511811024 1509,
3911.8110236220473 1889.763779527559 184.251968503937 127.55905511811024 m.
4004.7244094488187 1889.763779527559 308.66141732283467 127.55905511811024 1574),
4220.472440944882 1889.763779527559 245.66929133858267 127.55905511811024 mais
4343.307086614173 1889.763779527559 122.83464566929133 127.55905511811024 il

927.5590551181102 1955.9055118110236 434.6456692913386 125.98425196850394 n’insistera
1275.5905511811025 1955.9055118110236 203.1496062992126 125.98425196850394 pas
1390.5511811023623 1955.9055118110236 203.1496062992126 125.98425196850394 par
1507.0866141732283 1955.9055118110236 261.4173228346457 125.98425196850394 égard
1681.8897637795276 1955.9055118110236 231.49606299212599 125.98425196850394 pour
1826.7716535433071 1955.9055118110236 174.8031496062992 125.98425196850394 sa
1913.3858267716535 1955.9055118110236 434.6456692913386 125.98425196850394 belle-mère.
2261.417322834646 1955.9055118110236 174.8031496062992 125.98425196850394 Il
2349.6062992125985 1955.9055118110236 289.76377952755905 125.98425196850394 promet
2552.755905511811 1955.9055118110236 377.9527559055118 125.98425196850394 d’appuyer
2842.51968503937 1955.9055118110236 174.8031496062992 125.98425196850394 le
2929.1338582677167 1955.9055118110236 289.76377952755905 125.98425196850394 projet
3132.283464566929 1955.9055118110236 174.8031496062992 125.98425196850394 de
3220.472440944882 1955.9055118110236 319.68503937007875 125.98425196850394 mariage
3451.968503937008 1955.9055118110236 174.8031496062992 125.98425196850394 de
3538.582677165354 1955.9055118110236 377.9527559055118 125.98425196850394 Sébastien
3829.9212598425197 1955.9055118110236 174.8031496062992 125.98425196850394 de
3916.535433070866 1955.9055118110236 348.0314960629921 125.98425196850394 Portugal
4177.952755905511 1955.9055118110236 231.49606299212599 125.98425196850394 avec
4292.913385826771 1955.9055118110236 174.8031496062992 125.98425196850394 Mar-

929.1338582677165 2022.0472440944882 302.3622047244094 122.83464566929133 guerite
1148.0314960629921 2022.0472440944882 165.35433070866142 122.83464566929133 de
1229.9212598425197 2022.0472440944882 302.3622047244094 122.83464566929133 Valois.
1450.3937007874015 2022.0472440944882 165.35433070866142 122.83464566929133 Il
1532.283464566929 2022.0472440944882 192.1259842519685 122.83464566929133 est
1642.5196850393702 2022.0472440944882 357.4803149606299 122.83464566929133 mécontent
1916.5354330708662 2022.0472440944882 165.35433070866142 122.83464566929133 de
1998.4251968503936 2022.0472440944882 165.35433070866142 122.83464566929133 la
2081.8897637795276 2022.0472440944882 218.89763779527559 122.83464566929133 paix
2218.8976377952754 2022.0472440944882 192.1259842519685 122.83464566929133 que
2327.5590551181103 2022.0472440944882 165.35433070866142 122.83464566929133 le
2411.0236220472443 2022.0472440944882 192.1259842519685 122.83464566929133 roi
2519.685039370079 2022.0472440944882 165.35433070866142 122.83464566929133 de
2603.149606299213 2022.0472440944882 274.01574803149606 122.83464566929133 France
2795.2755905511813 2022.0472440944882 137.00787401574803 122.83464566929133 a
2850.3937007874015 2022.0472440944882 302.3622047244094 122.83464566929133 conclue
3069.2913385826773 2022.0472440944882 218.89763779527559 122.83464566929133 avec
3206.299212598425 2022.0472440944882 192.1259842519685 122.83464566929133 les
3316.535433070866 2022.0472440944882 357.4803149606299 122.83464566929133 rebelles,
3590.551181102362 2022.0472440944882 192.1259842519685 122.83464566929133 car
3700.787401574803 2022.0472440944882 218.89763779527559 122.83464566929133 elle
3837.7952755905512 2022.0472440944882 218.89763779527559 122.83464566929133 est,
3974.803149606299 2022.0472440944882 302.3622047244094 122.83464566929133 dit-il,
4166.929133858268 2022.0472440944882 302.3622047244094 122.83464566929133 contraire

929.1338582677165 2085.0393700787404 204.7244094488189 116.53543307086615 aux
1047.244094488189 2085.0393700787404 351.18110236220474 116.53543307086615 intérêts
1310.236220472441 2085.0393700787404 174.8031496062992 116.53543307086615 de
1398.4251968503936 2085.0393700787404 174.8031496062992 116.53543307086615 la
1485.0393700787401 2085.0393700787404 379.5275590551181 116.53543307086615 couronne,
1777.9527559055118 2085.0393700787404 204.7244094488189 116.53543307086615 et,
1894.4881889763778 2085.0393700787404 174.8031496062992 116.53543307086615 ce
1982.6771653543308 2085.0393700787404 204.7244094488189 116.53543307086615 qui
2099.212598425197 2085.0393700787404 204.7244094488189 116.53543307086615 est
2215.748031496063 2085.0393700787404 234.64566929133858 116.53543307086615 plus
2362.2047244094488 2085.0393700787404 292.9133858267717 116.53543307086615 grave,
2566.9291338582675 2085.0393700787404 204.7244094488189 116.53543307086615 aux
2683.464566929134 2085.0393700787404 292.9133858267717 116.53543307086615 choses
2888.1889763779527 2085.0393700787404 174.8031496062992 116.53543307086615 de
2976.3779527559054 2085.0393700787404 174.8031496062992 116.53543307086615 la
3064.566929133858 2085.0393700787404 379.5275590551181 116.53543307086615 religion.
3355.9055118110236 2085.0393700787404 146.45669291338584 116.53543307086615 —
3415.748031496063 2085.0393700787404 204.7244094488189 116.53543307086615 (La
3532.283464566929 2085.0393700787404 234.64566929133858 116.53543307086615 paix
3678.740157480315 2085.0393700787404 262.99212598425197 116.53543307086615 avait
3853.5433070866143 2085.0393700787404 204.7244094488189 116.53543307086615 été
3970.0787401574803 2085.0393700787404 321.25984251968504 116.53543307086615 conclue
4204.724409448819 2085.0393700787404 234.64566929133858 116.53543307086615 avec
4321.259842519685 2085.0393700787404 146.45669291338584 116.53543307086615 les

932.2834645669292 2151.181102362205 409.4488188976378 124.40944881889764 Huguenots,
1255.1181102362204 2151.181102362205 174.8031496062992 124.40944881889764 le
1341.732283464567 2151.181102362205 146.45669291338584 124.40944881889764 8
1401.5748031496064 2151.181102362205 234.64566929133858 124.40944881889764 août
1546.4566929133857 2151.181102362205 262.99212598425197 124.40944881889764 1570,
1722.8346456692914 2151.181102362205 146.45669291338584 124.40944881889764 à
1781.1023622047244 2151.181102362205 760.6299212598425 124.40944881889764 Saint-Germain-en-Laye.
2453.5433070866143 2151.181102362205 174.8031496062992 124.40944881889764 Le
2541.732283464567 2151.181102362205 292.9133858267717 124.40944881889764 projet
2746.4566929133857 2151.181102362205 174.8031496062992 124.40944881889764 de
2833.0708661417325 2151.181102362205 321.25984251968504 124.40944881889764 mariage
3067.716535433071 2151.181102362205 174.8031496062992 124.40944881889764 de
3155.9055118110236 2151.181102362205 409.4488188976378 124.40944881889764 Marguerite
3477.165354330709 2151.181102362205 174.8031496062992 124.40944881889764 de
3563.779527559055 2151.181102362205 292.9133858267717 124.40944881889764 Valois
3768.503937007874 2151.181102362205 234.64566929133858 124.40944881889764 avec
3914.9606299212596 2151.181102362205 174.8031496062992 124.40944881889764 le
4003.149606299213 2151.181102362205 204.7244094488189 124.40944881889764 roi
4119.685039370079 2151.181102362205 174.8031496062992 124.40944881889764 de
4177.952755905511 2151.181102362205 292.9133858267717 124.40944881889764 Portugal

935.4330708661417 2218.8976377952754 261.4173228346457 116.53543307086615 n'eut
1108.6614173228347 2218.8976377952754 203.1496062992126 116.53543307086615 pas
1225.1968503937007 2218.8976377952754 173.22834645669292 116.53543307086615 de
1311.8110236220473 2218.8976377952754 318.1102362204724 116.53543307086615 suites:
1543.3070866141732 2218.8976377952754 404.7244094488189 116.53543307086615 Marguerite
1861.4173228346456 2218.8976377952754 318.1102362204724 116.53543307086615 épousa,
2092.9133858267714 2218.8976377952754 173.22834645669292 116.53543307086615 le
2179.527559055118 2218.8976377952754 173.22834645669292 116.53543307086615 18
2267.716535433071 2218.8976377952754 231.49606299212599 116.53543307086615 août
2412.5984251968503 2218.8976377952754 261.4173228346457 116.53543307086615 1572,
2585.8267716535433 2218.8976377952754 203.1496062992126 116.53543307086615 son
2702.3622047244094 2218.8976377952754 289.76377952755905 116.53543307086615 cousin
2903.9370078740158 2218.8976377952754 173.22834645669292 116.53543307086615 le
2990.551181102362 2218.8976377952754 289.76377952755905 116.53543307086615 prince
3193.700787401575 2218.8976377952754 173.22834645669292 116.53543307086615 de
3280.314960629921 2218.8976377952754 348.0314960629921 116.53543307086615 Navarre,
3541.732283464567 2218.8976377952754 289.76377952755905 116.53543307086615 depuis
3744.8818897637793 2218.8976377952754 261.4173228346457 116.53543307086615 Henri
3889.763779527559 2218.8976377952754 173.22834645669292 116.53543307086615 IV.)

973.2283464566929 4431.496062992126 359.0551181102362 160.62992125984252 ★54★
1198.4251968503936 4431.496062992126 538.5826771653543 160.62992125984252 PHILIPPE
1603.1496062992126 4431.496062992126 269.29133858267716 160.62992125984252 V,
1738.5826771653544 4431.496062992126 269.29133858267716 160.62992125984252 n.
1872.4409448818897 4431.496062992126 225.1968503937008 160.62992125984252 à
1962.2047244094488 4431.496062992126 674.0157480314961 160.62992125984252 Versailles,
2502.3622047244094 4431.496062992126 269.29133858267716 160.62992125984252 19
2636.220472440945 4431.496062992126 538.5826771653543 160.62992125984252 décembre
3040.9448818897636 4431.496062992126 404.7244094488189 160.62992125984252 1683,
3310.236220472441 4431.496062992126 314.96062992125985 160.62992125984252 duc
3491.3385826771655 4431.496062992126 538.5826771653543 160.62992125984252 d’Anjou,
3894.488188976378 4431.496062992126 629.9212598425197 160.62992125984252 petit-fils
4344.881889763779 4431.496062992126 179.5275590551181 160.62992125984252 de

982.6771653543307 4540.157480314961 384.251968503937 155.90551181102362 Louis
1239.3700787401574 4540.157480314961 341.73228346456693 155.90551181102362 XIV,
1453.5433070866143 4540.157480314961 299.21259842519686 155.90551181102362 roi
1623.6220472440946 4540.157480314961 555.9055118110236 155.90551181102362 d’Espagne
2051.968503937008 4540.157480314961 299.21259842519686 155.90551181102362 (24
2223.6220472440946 4540.157480314961 513.3858267716536 155.90551181102362 novembre
2607.8740157480315 4540.157480314961 428.34645669291336 155.90551181102362 1700),
2907.0866141732286 4540.157480314961 256.6929133858268 155.90551181102362 m.
3036.220472440945 4540.157480314961 214.17322834645668 155.90551181102362 à
3121.259842519685 4540.157480314961 470.86614173228344 155.90551181102362 Madrid,
3462.9921259842517 4540.157480314961 214.17322834645668 155.90551181102362 9
3549.6062992125985 4540.157480314961 470.86614173228344 155.90551181102362 juillet
3848.818897637795 4540.157480314961 299.21259842519686 155.90551181102362 1746.

1069.291338582677 4702.36220472441 220.4724409448819 103.93700787401575 L.
1179.5275590551182 4702.36220472441 220.4724409448819 103.93700787401575 A.
1288.1889763779527 4702.36220472441 220.4724409448819 103.93700787401575 S.
1398.4251968503936 4702.36220472441 182.6771653543307 103.93700787401575 à
1472.4409448818897 4702.36220472441 513.3858267716536 103.93700787401575 l’électeur
1874.015748031496 4702.36220472441 220.4724409448819 103.93700787401575 de
1984.251968503937 4702.36220472441 439.37007874015745 103.93700787401575 Bavière,
2313.3858267716537 4702.36220472441 256.6929133858268 103.93700787401575 son
2423.6220472440946 4702.36220472441 292.9133858267717 103.93700787401575 oncle;

993.7007874015748 4787.40157480315 404.7244094488189 100.78740157480316 Madrid,
1286.6141732283465 4787.40157480315 220.4724409448819 100.78740157480316 16
1396.8503937007874 4787.40157480315 440.9448818897638 100.78740157480316 décembre
1729.1338582677165 4787.40157480315 330.70866141732284 100.78740157480316 1706,
1949.6062992125985 4787.40157480315 184.251968503937 100.78740157480316 1
2022.0472440944882 4787.40157480315 220.4724409448819 100.78740157480316 p.
2132.283464566929 4787.40157480315 330.70866141732284 100.78740157480316 in-4,
2316.535433070866 4787.40157480315 404.7244094488189 100.78740157480316 enveloppe

1000.0 4878.740157480315 177.95275590551182 91.33858267716535 et
1089.763779527559 4878.740157480315 327.5590551181102 91.33858267716535 cachet.
1327.5590551181103 4878.740157480315 385.8267716535433 91.33858267716535 (Coll.
1625.1968503937007 4878.740157480315 595.2755905511812 91.33858267716535 Dubrunfaut.)
2130.7086614173227 4878.740157480315 148.03149606299212 91.33858267716535 —
2159.0551181102364 4878.740157480315 119.68503937007874 91.33858267716535 P.

1056.6929133858268 5004.724409448819 179.5275590551181 81.88976377952756 Il
1146.4566929133857 5004.724409448819 207.8740157480315 81.88976377952756 lui
1266.1417322834645 5004.724409448819 327.5590551181102 81.88976377952756 demande
1503.9370078740158 5004.724409448819 267.7165354330709 81.88976377952756 vingt
1683.4645669291338 5004.724409448819 297.6377952755906 81.88976377952756 hommes
1891.3385826771653 5004.724409448819 327.5590551181102 81.88976377952756 choisis
2129.1338582677167 5004.724409448819 237.79527559055117 81.88976377952756 pour
2278.740157480315 5004.724409448819 297.6377952755906 81.88976377952756 rendre
2488.1889763779527 5004.724409448819 179.5275590551181 81.88976377952756 sa
2546.4566929133857 5004.724409448819 179.5275590551181 81.88976377952756 com-

1006.2992125984252 5072.44094488189 307.0866141732283 83.46456692913385 pagnie
1222.0472440944882 5072.44094488189 215.748031496063 83.46456692913385 des
1344.8818897637796 5072.44094488189 307.0866141732283 83.46456692913385 gardes
1560.6299212598426 5072.44094488189 184.251968503937 83.46456692913385 du
1651.9685039370079 5072.44094488189 277.1653543307087 83.46456692913385 corps
1836.2204724409448 5072.44094488189 400.0 83.46456692913385 wallonnes
2143.3070866141734 5072.44094488189 400.0 83.46456692913385 complète.
2450.3937007874015 5072.44094488189 277.1653543307087 83.46456692913385 «Vous
2604.7244094488187 5072.44094488189 122.83464566929133 83.46456692913385 me

1007.8740157480315 5140.157480314961 245.66929133858267 81.88976377952756 ferez
1171.6535433070867 5140.157480314961 300.78740157480314 81.88976377952756 plaisir
1388.976377952756 5140.157480314961 163.7795275590551 81.88976377952756 de
1470.8661417322835 5140.157480314961 190.5511811023622 81.88976377952756 les
1581.1023622047244 5140.157480314961 245.66929133858267 81.88976377952756 tirer
1744.8818897637796 5140.157480314961 163.7795275590551 81.88976377952756 de
1826.7716535433071 5140.157480314961 163.7795275590551 81.88976377952756 la
1908.6614173228347 5140.157480314961 382.6771653543307 81.88976377952756 cavallerie
2209.448818897638 5140.157480314961 163.7795275590551 81.88976377952756 de
2291.3385826771655 5140.157480314961 163.7795275590551 81.88976377952756 la
2373.228346456693 5140.157480314961 245.66929133858267 81.88976377952756 mesme
2508.6614173228345 5140.157480314961 218.89763779527559 81.88976377952756 nation

1006.2992125984252 5204.724409448819 201.5748031496063 83.46456692913385 qui
1121.259842519685 5204.724409448819 201.5748031496063 83.46456692913385 est
1236.2204724409448 5204.724409448819 229.92125984251967 83.46456692913385 sous
1379.5275590551182 5204.724409448819 201.5748031496063 83.46456692913385 vos
1494.4881889763778 5204.724409448819 316.53543307086613 83.46456692913385 ordres.
1724.4094488188975 5204.724409448819 229.92125984251967 83.46456692913385 J’ay
1867.716535433071 5204.724409448819 288.18897637795277 83.46456692913385 chargé
2069.2913385826773 5204.724409448819 173.22834645669292 83.46456692913385 le
2155.9055118110236 5204.724409448819 258.26771653543307 83.46456692913385 sieur
2327.5590551181103 5204.724409448819 373.2283464566929 83.46456692913385 Duveland,
2587.4015748031497 5204.724409448819 143.30708661417322 83.46456692913385 qui

1009.4488188976378 5270.866141732284 211.0236220472441 77.16535433070867 vous
1141.732283464567 5270.866141732284 264.56692913385825 77.16535433070867 rendra
1327.5590551181103 5270.866141732284 237.79527559055117 77.16535433070867 cette
1485.0393700787401 5270.866141732284 291.33858267716533 77.16535433070867 lettre,
1697.6377952755906 5270.866141732284 159.0551181102362 77.16535433070867 de
1776.3779527559054 5270.866141732284 184.251968503937 77.16535433070867 les
1881.8897637795276 5270.866141732284 316.53543307086613 77.16535433070867 conduire
2119.685039370079 5270.866141732284 211.0236220472441 77.16535433070867 icy,
2251.968503937008 5270.866141732284 159.0551181102362 77.16535433070867 et
2330.7086614173227 5270.866141732284 159.0551181102362 77.16535433070867 je
2411.0236220472443 5270.866141732284 291.33858267716533 77.16535433070867 profite
2595.2755905511813 5270.866141732284 132.28346456692913 77.16535433070867 en-

1011.0236220472441 5341.7322834645665 222.04724409448818 78.74015748031496 core
1151.1811023622047 5341.7322834645665 222.04724409448818 78.74015748031496 avec
1289.763779527559 5341.7322834645665 305.51181102362204 78.74015748031496 plaisir
1511.8110236220473 5341.7322834645665 166.9291338582677 78.74015748031496 de
1595.275590551181 5341.7322834645665 250.39370078740157 78.74015748031496 cette
1762.2047244094488 5341.7322834645665 333.8582677165354 78.74015748031496 occasion
2011.023622047244 5341.7322834645665 222.04724409448818 78.74015748031496 pour
2151.181102362205 5341.7322834645665 222.04724409448818 78.74015748031496 vous
2289.763779527559 5341.7322834645665 417.3228346456693 78.74015748031496 renouveller
2595.2755905511813 5341.7322834645665 138.58267716535434 78.74015748031496 les

1012.5984251968504 5403.149606299213 429.9212598425197 78.74015748031496 asseurances
1355.9055118110236 5403.149606299213 171.6535433070866 78.74015748031496 de
1442.5196850393702 5403.149606299213 343.3070866141732 78.74015748031496 l’estime
1699.2125984251968 5403.149606299213 171.6535433070866 78.74015748031496 et
1785.8267716535433 5403.149606299213 171.6535433070866 78.74015748031496 de
1870.8661417322835 5403.149606299213 343.3070866141732 78.74015748031496 l’amitié
2129.1338582677167 5403.149606299213 200.0 78.74015748031496 que
2244.0944881889764 5403.149606299213 228.3464566929134 78.74015748031496 j’ay
2387.4015748031497 5403.149606299213 228.3464566929134 78.74015748031496 pour
2502.3622047244094 5403.149606299213 228.3464566929134 78.74015748031496 vous.»

1009.4488188976378 5474.0157480314965 154.33070866141733 85.03937007874016 —
1072.4409448818897 5474.0157480314965 770.0787401574803 85.03937007874016 (Maximilien-Emmanuel,
1749.6062992125985 5474.0157480314965 184.251968503937 85.03937007874016 n.
1840.9448818897638 5474.0157480314965 277.1653543307087 85.03937007874016 1662,
2025.1968503937007 5474.0157480314965 370.0787401574803 85.03937007874016 électeur
2302.3622047244094 5474.0157480314965 184.251968503937 85.03937007874016 de
2395.2755905511813 5474.0157480314965 338.5826771653543 85.03937007874016 Bavière
2611.0236220472443 5474.0157480314965 122.83464566929133 85.03937007874016 en

1022.0472440944882 5540.157480314961 261.4173228346457 88.18897637795276 1679,
1195.275590551181 5540.157480314961 261.4173228346457 88.18897637795276 était
1370.0787401574803 5540.157480314961 319.68503937007875 88.18897637795276 l’allié
1603.1496062992126 5540.157480314961 174.8031496062992 88.18897637795276 de
1691.3385826771653 5540.157480314961 261.4173228346457 88.18897637795276 Louis
1866.1417322834645 5540.157480314961 233.0708661417323 88.18897637795276 XIV.
2011.023622047244 5540.157480314961 291.33858267716533 88.18897637795276 Ayant,
2214.1732283464567 5540.157480314961 233.0708661417323 88.18897637795276 dans
2360.6299212598424 5540.157480314961 174.8031496062992 88.18897637795276 la
2447.244094488189 5540.157480314961 291.33858267716533 88.18897637795276 guerre
2622.047244094488 5540.157480314961 116.53543307086615 88.18897637795276 de

1017.3228346456693 5606.299212598426 171.6535433070866 81.88976377952756 la
1102.3622047244094 5606.299212598426 401.5748031496063 81.88976377952756 succession
1417.3228346456692 5606.299212598426 401.5748031496063 81.88976377952756 d’Espagne,
1732.283464566929 5606.299212598426 228.3464566929134 81.88976377952756 pris
1875.5905511811025 5606.299212598426 258.26771653543307 81.88976377952756 parti
2048.818897637795 5606.299212598426 228.3464566929134 81.88976377952756 pour
2190.551181102362 5606.299212598426 171.6535433070866 81.88976377952756 le
2277.165354330709 5606.299212598426 200.0 81.88976377952756 duc
2392.1259842519685 5606.299212598426 343.3070866141732 81.88976377952756 d’Anjou,
2620.472440944882 5606.299212598426 114.96062992125984 81.88976377952756 il

1017.3228346456693 5675.5905511811025 258.26771653543307 80.31496062992126 avait
1188.976377952756 5675.5905511811025 201.5748031496063 80.31496062992126 été
1303.9370078740158 5675.5905511811025 286.61417322834643 80.31496062992126 chassé
1505.5118110236222 5675.5905511811025 171.6535433070866 80.31496062992126 de
1590.5511811023623 5675.5905511811025 201.5748031496063 80.31496062992126 ses
1705.5118110236222 5675.5905511811025 258.26771653543307 80.31496062992126 Etats
1877.1653543307086 5675.5905511811025 171.6535433070866 80.31496062992126 en
1963.7795275590552 5675.5905511811025 229.92125984251967 80.31496062992126 1704
2107.0866141732286 5675.5905511811025 171.6535433070866 80.31496062992126 et
2193.700787401575 5675.5905511811025 314.96062992125985 80.31496062992126 s’était
2423.6220472440946 5675.5905511811025 314.96062992125985 80.31496062992126 réfugié
2623.6220472440946 5675.5905511811025 114.96062992125984 80.31496062992126 en

1017.3228346456693 5743.307086614173 310.23622047244095 80.31496062992126 France.
1244.0944881889764 5743.307086614173 170.07874015748033 80.31496062992126 Il
1327.5590551181103 5743.307086614173 170.07874015748033 80.31496062992126 ne
1412.5984251968505 5743.307086614173 281.8897637795276 80.31496062992126 rentra
1611.023622047244 5743.307086614173 225.1968503937008 80.31496062992126 dans
1751.1811023622047 5743.307086614173 198.4251968503937 80.31496062992126 son
1864.5669291338584 5743.307086614173 366.92913385826773 80.31496062992126 électorat
2146.4566929133857 5743.307086614173 253.54330708661416 80.31496062992126 qu’en
2316.535433070866 5743.307086614173 253.54330708661416 80.31496062992126 1714,
2486.6141732283463 5743.307086614173 253.54330708661416 80.31496062992126 après
2626.771653543307 5743.307086614173 113.38582677165354 80.31496062992126 la

1020.4724409448819 5817.322834645669 231.49606299212599 75.59055118110236 paix
1163.7795275590552 5817.322834645669 404.7244094488189 75.59055118110236 d’Utrecht,
1483.4645669291338 5817.322834645669 173.22834645669292 75.59055118110236 et
1570.0787401574803 5817.322834645669 289.76377952755905 75.59055118110236 mourut
1771.6535433070867 5817.322834645669 173.22834645669292 75.59055118110236 en
1829.9212598425197 5817.322834645669 231.49606299212599 75.59055118110236 1726.)

4344.881889763779 6266.141732283465 245.66929133858267 78.74015748031496 7
