<alto xmlns:xsi="http://www.w3.org/2001/XMLSchema-instance" xmlns="http://www.loc.gov/standards/alto/ns-v2#" xmlns:page="http://schema.primaresearch.org/PAGE/gts/pagecontent/2013-07-15" xsi:schemaLocation="http://www.loc.gov/standards/alto/ns-v2# http://www.loc.gov/standards/alto/alto.xsd">
  <Description>
    <MeasurementUnit>pixel</MeasurementUnit>
    <sourceImageInformation>
         <fileName>105.xml</fileName>
      </sourceImageInformation>
    <OCRProcessing ID="IdOcr">
      <ocrProcessingStep>
        <processingDateTime>2020-05-13T10:43:10.965+02:00</processingDateTime>
        <processingSoftware>
               <softwareCreator>CONTRIBUTORS</softwareCreator>
               <softwareName>pdfalto</softwareName>
               <softwareVersion>0.1</softwareVersion>
            </processingSoftware>
      </ocrProcessingStep>
    </OCRProcessing>
  </Description>
  <Styles>
     <TextStyle ID="FONT0" FONTFAMILY="unknown" FONTSIZE="unknown" FONTTYPE="unknown" FONTWIDTH="unknown" FONTCOLOR="unknown" FONTSTYLE=""/>
     <TextStyle ID="FONT1" FONTFAMILY="unknown" FONTSIZE="unknown" FONTTYPE="unknown" FONTWIDTH="unknown" FONTCOLOR="unknown" FONTSTYLE="bold"/>
     <TextStyle ID="FONT2" FONTFAMILY="unknown" FONTSIZE="unknown" FONTTYPE="unknown" FONTWIDTH="unknown" FONTCOLOR="unknown" FONTSTYLE="italics"/>
</Styles>
  <Tags/>
  <Layout>
    <Page ID="Page1" PHYSICAL_IMG_NR="1" HEIGHT="7343.307086614173" WIDTH="5666.141732283465">
      <PrintSpace HEIGHT="7343.307086614173" WIDTH="5666.141732283465" VPOS="0.0" HPOS="0.0">
        <TextBlock ID="r_2_1" HEIGHT="94.48818897637796" WIDTH="3497.6377952755906" VPOS="929.1338582677165" HPOS="1277.1653543307086">
          <TextLine ID="tl_1" BASELINE="649" HEIGHT="91.33858267716535" WIDTH="3494.488188976378" VPOS="930.7086614173228" HPOS="1278.740157480315">
            <String HEIGHT="91.33858267716535" WIDTH="749.6062992125984" VPOS="930.7086614173228" HPOS="1154.3307086614172" CONTENT="26" ID="tl_1_1" STYLEREFS="FONT0"/>
            <SP HEIGHT="91.33858267716535" WIDTH="124.40944881889764" VPOS="930.7086614173228" HPOS="1902.3622047244094"/>
            <String HEIGHT="91.33858267716535" WIDTH="1122.8346456692914" VPOS="930.7086614173228" HPOS="1529.1338582677165" CONTENT="CHEFS" ID="tl_1_2" STYLEREFS="FONT0"/>
            <SP HEIGHT="91.33858267716535" WIDTH="124.40944881889764" VPOS="930.7086614173228" HPOS="2651.968503937008"/>
            <String HEIGHT="91.33858267716535" WIDTH="749.6062992125984" VPOS="930.7086614173228" HPOS="2277.165354330709" CONTENT="DE" ID="tl_1_3" STYLEREFS="FONT0"/>
            <SP HEIGHT="91.33858267716535" WIDTH="124.40944881889764" VPOS="930.7086614173228" HPOS="3026.771653543307"/>
            <String HEIGHT="91.33858267716535" WIDTH="1996.8503937007874" VPOS="930.7086614173228" HPOS="2651.968503937008" CONTENT="GOUVERNEMENT" ID="tl_1_4" STYLEREFS="FONT0"/>
            <SP HEIGHT="91.33858267716535" WIDTH="124.40944881889764" VPOS="930.7086614173228" HPOS="4648.818897637795"/>
            <String HEIGHT="91.33858267716535" WIDTH="623.6220472440945" VPOS="930.7086614173228" HPOS="4149.606299212598" CONTENT="S.1" ID="tl_1_5" STYLEREFS="FONT0"/>
          </TextLine>
        </TextBlock>
        <TextBlock ID="r_6_1" HEIGHT="314.96062992125985" WIDTH="3508.6614173228345" VPOS="1395.275590551181" HPOS="1266.1417322834645">
          <TextLine ID="tl_2" BASELINE="953" HEIGHT="103.93700787401575" WIDTH="3503.9370078740158" VPOS="1396.8503937007874" HPOS="1269.291338582677">
            <String HEIGHT="103.93700787401575" WIDTH="395.2755905511811" VPOS="1396.8503937007874" HPOS="1220.4724409448818" CONTENT="★55★" ID="tl_2_1" STYLEREFS="FONT0"/>
            <SP HEIGHT="103.93700787401575" WIDTH="48.818897637795274" VPOS="1396.8503937007874" HPOS="1614.1732283464567"/>
            <String HEIGHT="103.93700787401575" WIDTH="543.3070866141733" VPOS="1396.8503937007874" HPOS="1466.1417322834645" CONTENT="CHARLES" ID="tl_2_2" STYLEREFS="FONT0"/>
            <SP HEIGHT="103.93700787401575" WIDTH="48.818897637795274" VPOS="1396.8503937007874" HPOS="2009.4488188976377"/>
            <String HEIGHT="103.93700787401575" WIDTH="344.88188976377955" VPOS="1396.8503937007874" HPOS="1861.4173228346456" CONTENT="IV," ID="tl_2_3" STYLEREFS="FONT0"/>
            <SP HEIGHT="103.93700787401575" WIDTH="48.818897637795274" VPOS="1396.8503937007874" HPOS="2206.299212598425"/>
            <String HEIGHT="103.93700787401575" WIDTH="296.06299212598424" VPOS="1396.8503937007874" HPOS="2058.267716535433" CONTENT="n." ID="tl_2_4" STYLEREFS="FONT0"/>
            <SP HEIGHT="103.93700787401575" WIDTH="48.818897637795274" VPOS="1396.8503937007874" HPOS="2354.3307086614172"/>
            <String HEIGHT="103.93700787401575" WIDTH="247.24409448818898" VPOS="1396.8503937007874" HPOS="2206.299212598425" CONTENT="à" ID="tl_2_5" STYLEREFS="FONT0"/>
            <SP HEIGHT="103.93700787401575" WIDTH="48.818897637795274" VPOS="1396.8503937007874" HPOS="2453.5433070866143"/>
            <String HEIGHT="103.93700787401575" WIDTH="543.3070866141733" VPOS="1396.8503937007874" HPOS="2305.511811023622" CONTENT="Naples," ID="tl_2_6" STYLEREFS="FONT0"/>
            <SP HEIGHT="103.93700787401575" WIDTH="48.818897637795274" VPOS="1396.8503937007874" HPOS="2848.818897637795"/>
            <String HEIGHT="103.93700787401575" WIDTH="296.06299212598424" VPOS="1396.8503937007874" HPOS="2700.787401574803" CONTENT="12" ID="tl_2_7" STYLEREFS="FONT0"/>
            <SP HEIGHT="103.93700787401575" WIDTH="48.818897637795274" VPOS="1396.8503937007874" HPOS="2996.850393700787"/>
            <String HEIGHT="103.93700787401575" WIDTH="592.1259842519685" VPOS="1396.8503937007874" HPOS="2848.818897637795" CONTENT="novembre" ID="tl_2_8" STYLEREFS="FONT0"/>
            <SP HEIGHT="103.93700787401575" WIDTH="48.818897637795274" VPOS="1396.8503937007874" HPOS="3440.9448818897636"/>
            <String HEIGHT="103.93700787401575" WIDTH="444.09448818897636" VPOS="1396.8503937007874" HPOS="3292.9133858267714" CONTENT="1748," ID="tl_2_9" STYLEREFS="FONT0"/>
            <SP HEIGHT="103.93700787401575" WIDTH="48.818897637795274" VPOS="1396.8503937007874" HPOS="3737.0078740157483"/>
            <String HEIGHT="103.93700787401575" WIDTH="344.88188976377955" VPOS="1396.8503937007874" HPOS="3588.9763779527557" CONTENT="roi" ID="tl_2_10" STYLEREFS="FONT0"/>
            <SP HEIGHT="103.93700787401575" WIDTH="48.818897637795274" VPOS="1396.8503937007874" HPOS="3933.8582677165355"/>
            <String HEIGHT="103.93700787401575" WIDTH="640.9448818897638" VPOS="1396.8503937007874" HPOS="3785.8267716535433" CONTENT="d’Espagne" ID="tl_2_11" STYLEREFS="FONT0"/>
            <SP HEIGHT="103.93700787401575" WIDTH="48.818897637795274" VPOS="1396.8503937007874" HPOS="4428.346456692913"/>
            <String HEIGHT="103.93700787401575" WIDTH="543.3070866141733" VPOS="1396.8503937007874" HPOS="4229.921259842519" CONTENT="(décembre" ID="tl_2_12" STYLEREFS="FONT0"/>
          </TextLine>
          <TextLine ID="tl_3" BASELINE="1019" HEIGHT="97.63779527559055" WIDTH="1899.2125984251968" VPOS="1507.0866141732283" HPOS="1281.8897637795276">
            <String HEIGHT="97.63779527559055" WIDTH="475.59055118110234" VPOS="1507.0866141732283" HPOS="1234.6456692913387" CONTENT="1788)," ID="tl_3_1" STYLEREFS="FONT0"/>
            <SP HEIGHT="97.63779527559055" WIDTH="47.24409448818898" VPOS="1507.0866141732283" HPOS="1708.6614173228347"/>
            <String HEIGHT="97.63779527559055" WIDTH="617.3228346456693" VPOS="1507.0866141732283" HPOS="1566.9291338582677" CONTENT="dépossédé" ID="tl_3_2" STYLEREFS="FONT0"/>
            <SP HEIGHT="97.63779527559055" WIDTH="47.24409448818898" VPOS="1507.0866141732283" HPOS="2184.251968503937"/>
            <String HEIGHT="97.63779527559055" WIDTH="332.2834645669291" VPOS="1507.0866141732283" HPOS="2040.9448818897638" CONTENT="par" ID="tl_3_3" STYLEREFS="FONT0"/>
            <SP HEIGHT="97.63779527559055" WIDTH="47.24409448818898" VPOS="1507.0866141732283" HPOS="2373.228346456693"/>
            <String HEIGHT="97.63779527559055" WIDTH="570.0787401574803" VPOS="1507.0866141732283" HPOS="2231.496062992126" CONTENT="Napoléon" ID="tl_3_4" STYLEREFS="FONT0"/>
            <SP HEIGHT="97.63779527559055" WIDTH="47.24409448818898" VPOS="1507.0866141732283" HPOS="2801.5748031496064"/>
            <String HEIGHT="97.63779527559055" WIDTH="237.79527559055117" VPOS="1507.0866141732283" HPOS="2658.267716535433" CONTENT="I" ID="tl_3_5" STYLEREFS="FONT0"/>
            <SP HEIGHT="97.63779527559055" WIDTH="47.24409448818898" VPOS="1507.0866141732283" HPOS="2896.0629921259842"/>
            <String HEIGHT="97.63779527559055" WIDTH="285.03937007874015" VPOS="1507.0866141732283" HPOS="2754.3307086614172" CONTENT="en" ID="tl_3_6" STYLEREFS="FONT0"/>
            <SP HEIGHT="97.63779527559055" WIDTH="47.24409448818898" VPOS="1507.0866141732283" HPOS="3039.3700787401576"/>
            <String HEIGHT="97.63779527559055" WIDTH="332.2834645669291" VPOS="1507.0866141732283" HPOS="2848.818897637795" CONTENT="1808," ID="tl_3_7" STYLEREFS="FONT0"/>
          </TextLine>
          <TextLine ID="tl_4" BASELINE="1085" HEIGHT="96.06299212598425" WIDTH="1318.1102362204724" VPOS="1612.5984251968505" HPOS="1267.716535433071">
            <String HEIGHT="96.06299212598425" WIDTH="281.8897637795276" VPOS="1612.5984251968505" HPOS="1220.4724409448818" CONTENT="m." ID="tl_4_1" STYLEREFS="FONT0"/>
            <SP HEIGHT="96.06299212598425" WIDTH="47.24409448818898" VPOS="1612.5984251968505" HPOS="1502.3622047244094"/>
            <String HEIGHT="96.06299212598425" WIDTH="234.64566929133858" VPOS="1612.5984251968505" HPOS="1362.2047244094488" CONTENT="à" ID="tl_4_2" STYLEREFS="FONT0"/>
            <SP HEIGHT="96.06299212598425" WIDTH="47.24409448818898" VPOS="1612.5984251968505" HPOS="1596.8503937007874"/>
            <String HEIGHT="96.06299212598425" WIDTH="423.62204724409446" VPOS="1612.5984251968505" HPOS="1456.6929133858268" CONTENT="Rome," ID="tl_4_3" STYLEREFS="FONT0"/>
            <SP HEIGHT="96.06299212598425" WIDTH="47.24409448818898" VPOS="1612.5984251968505" HPOS="1880.3149606299212"/>
            <String HEIGHT="96.06299212598425" WIDTH="281.8897637795276" VPOS="1612.5984251968505" HPOS="1738.5826771653544" CONTENT="28" ID="tl_4_4" STYLEREFS="FONT0"/>
            <SP HEIGHT="96.06299212598425" WIDTH="47.24409448818898" VPOS="1612.5984251968505" HPOS="2020.4724409448818"/>
            <String HEIGHT="96.06299212598425" WIDTH="565.3543307086615" VPOS="1612.5984251968505" HPOS="1880.3149606299212" CONTENT="novembre" ID="tl_4_5" STYLEREFS="FONT0"/>
            <SP HEIGHT="96.06299212598425" WIDTH="47.24409448818898" VPOS="1612.5984251968505" HPOS="2444.0944881889764"/>
            <String HEIGHT="96.06299212598425" WIDTH="329.13385826771656" VPOS="1612.5984251968505" HPOS="2256.6929133858266" CONTENT="1819." ID="tl_4_6" STYLEREFS="FONT0"/>
          </TextLine>
        </TextBlock>
        <TextBlock ID="r_6_2" HEIGHT="171.6535433070866" WIDTH="1919.6850393700788" VPOS="1741.732283464567" HPOS="1272.4409448818897">
          <TextLine ID="tl_5" BASELINE="1159" HEIGHT="81.88976377952756" WIDTH="1845.6692913385828" VPOS="1743.3070866141732" HPOS="1344.8818897637796">
            <String HEIGHT="81.88976377952756" WIDTH="222.04724409448818" VPOS="1743.3070866141732" HPOS="1308.6614173228347" CONTENT="L." ID="tl_5_1" STYLEREFS="FONT0"/>
            <SP HEIGHT="81.88976377952756" WIDTH="36.22047244094488" VPOS="1743.3070866141732" HPOS="1529.1338582677165"/>
            <String HEIGHT="81.88976377952756" WIDTH="222.04724409448818" VPOS="1743.3070866141732" HPOS="1418.8976377952756" CONTENT="A." ID="tl_5_2" STYLEREFS="FONT0"/>
            <SP HEIGHT="81.88976377952756" WIDTH="36.22047244094488" VPOS="1743.3070866141732" HPOS="1640.9448818897638"/>
            <String HEIGHT="81.88976377952756" WIDTH="258.26771653543307" VPOS="1743.3070866141732" HPOS="1529.1338582677165" CONTENT="S.," ID="tl_5_3" STYLEREFS="FONT0"/>
            <SP HEIGHT="81.88976377952756" WIDTH="36.22047244094488" VPOS="1743.3070866141732" HPOS="1787.4015748031495"/>
            <String HEIGHT="81.88976377952756" WIDTH="222.04724409448818" VPOS="1743.3070866141732" HPOS="1677.1653543307086" CONTENT="en" ID="tl_5_4" STYLEREFS="FONT0"/>
            <SP HEIGHT="81.88976377952756" WIDTH="36.22047244094488" VPOS="1743.3070866141732" HPOS="1899.2125984251968"/>
            <String HEIGHT="81.88976377952756" WIDTH="480.31496062992125" VPOS="1743.3070866141732" HPOS="1787.4015748031495" CONTENT="français," ID="tl_5_5" STYLEREFS="FONT0"/>
            <SP HEIGHT="81.88976377952756" WIDTH="36.22047244094488" VPOS="1743.3070866141732" HPOS="2267.716535433071"/>
            <String HEIGHT="81.88976377952756" WIDTH="184.251968503937" VPOS="1743.3070866141732" HPOS="2157.48031496063" CONTENT="à" ID="tl_5_6" STYLEREFS="FONT0"/>
            <SP HEIGHT="81.88976377952756" WIDTH="36.22047244094488" VPOS="1743.3070866141732" HPOS="2341.732283464567"/>
            <String HEIGHT="81.88976377952756" WIDTH="332.2834645669291" VPOS="1743.3070866141732" HPOS="2231.496062992126" CONTENT="Louis" ID="tl_5_7" STYLEREFS="FONT0"/>
            <SP HEIGHT="81.88976377952756" WIDTH="36.22047244094488" VPOS="1743.3070866141732" HPOS="2563.779527559055"/>
            <String HEIGHT="81.88976377952756" WIDTH="368.503937007874" VPOS="1743.3070866141732" HPOS="2451.968503937008" CONTENT="XVIII;" ID="tl_5_8" STYLEREFS="FONT0"/>
            <SP HEIGHT="81.88976377952756" WIDTH="36.22047244094488" VPOS="1743.3070866141732" HPOS="2822.047244094488"/>
            <String HEIGHT="81.88976377952756" WIDTH="332.2834645669291" VPOS="1743.3070866141732" HPOS="2710.236220472441" CONTENT="Rome," ID="tl_5_9" STYLEREFS="FONT0"/>
            <SP HEIGHT="81.88976377952756" WIDTH="36.22047244094488" VPOS="1743.3070866141732" HPOS="3042.51968503937"/>
            <String HEIGHT="81.88976377952756" WIDTH="222.04724409448818" VPOS="1743.3070866141732" HPOS="2932.283464566929" CONTENT="12" ID="tl_5_10" STYLEREFS="FONT0"/>
            <SP HEIGHT="81.88976377952756" WIDTH="36.22047244094488" VPOS="1743.3070866141732" HPOS="3154.3307086614172"/>
            <String HEIGHT="81.88976377952756" WIDTH="184.251968503937" VPOS="1743.3070866141732" HPOS="3006.299212598425" CONTENT="mai" ID="tl_5_11" STYLEREFS="FONT0"/>
          </TextLine>
          <TextLine ID="tl_6" BASELINE="1214" HEIGHT="81.88976377952756" WIDTH="1674.015748031496" VPOS="1829.9212598425197" HPOS="1274.015748031496">
            <String HEIGHT="81.88976377952756" WIDTH="321.25984251968504" VPOS="1829.9212598425197" HPOS="1237.7952755905512" CONTENT="1814," ID="tl_6_1" STYLEREFS="FONT0"/>
            <SP HEIGHT="81.88976377952756" WIDTH="36.22047244094488" VPOS="1829.9212598425197" HPOS="1559.0551181102362"/>
            <String HEIGHT="81.88976377952756" WIDTH="248.8188976377953" VPOS="1829.9212598425197" HPOS="1451.9685039370079" CONTENT="3/4" ID="tl_6_2" STYLEREFS="FONT0"/>
            <SP HEIGHT="81.88976377952756" WIDTH="36.22047244094488" VPOS="1829.9212598425197" HPOS="1700.7874015748032"/>
            <String HEIGHT="81.88976377952756" WIDTH="214.17322834645668" VPOS="1829.9212598425197" HPOS="1595.275590551181" CONTENT="de" ID="tl_6_3" STYLEREFS="FONT0"/>
            <SP HEIGHT="81.88976377952756" WIDTH="36.22047244094488" VPOS="1829.9212598425197" HPOS="1807.8740157480315"/>
            <String HEIGHT="81.88976377952756" WIDTH="214.17322834645668" VPOS="1829.9212598425197" HPOS="1700.7874015748032" CONTENT="p." ID="tl_6_4" STYLEREFS="FONT0"/>
            <SP HEIGHT="81.88976377952756" WIDTH="36.22047244094488" VPOS="1829.9212598425197" HPOS="1914.9606299212599"/>
            <String HEIGHT="81.88976377952756" WIDTH="321.25984251968504" VPOS="1829.9212598425197" HPOS="1807.8740157480315" CONTENT="in-4," ID="tl_6_5" STYLEREFS="FONT0"/>
            <SP HEIGHT="81.88976377952756" WIDTH="36.22047244094488" VPOS="1829.9212598425197" HPOS="2129.1338582677167"/>
            <String HEIGHT="81.88976377952756" WIDTH="462.99212598425197" VPOS="1829.9212598425197" HPOS="2022.0472440944882" CONTENT="enveloppe" ID="tl_6_6" STYLEREFS="FONT0"/>
            <SP HEIGHT="81.88976377952756" WIDTH="36.22047244094488" VPOS="1829.9212598425197" HPOS="2485.0393700787404"/>
            <String HEIGHT="81.88976377952756" WIDTH="214.17322834645668" VPOS="1829.9212598425197" HPOS="2377.952755905512" CONTENT="et" ID="tl_6_7" STYLEREFS="FONT0"/>
            <SP HEIGHT="81.88976377952756" WIDTH="36.22047244094488" VPOS="1829.9212598425197" HPOS="2592.1259842519685"/>
            <String HEIGHT="81.88976377952756" WIDTH="392.12598425196853" VPOS="1829.9212598425197" HPOS="2485.0393700787404" CONTENT="cachet." ID="tl_6_8" STYLEREFS="FONT0"/>
            <SP HEIGHT="81.88976377952756" WIDTH="36.22047244094488" VPOS="1829.9212598425197" HPOS="2877.165354330709"/>
            <String HEIGHT="81.88976377952756" WIDTH="177.95275590551182" VPOS="1829.9212598425197" HPOS="2770.0787401574803" CONTENT="—" ID="tl_6_9" STYLEREFS="FONT0"/>
            <SP HEIGHT="81.88976377952756" WIDTH="36.22047244094488" VPOS="1829.9212598425197" HPOS="2948.031496062992"/>
            <String HEIGHT="81.88976377952756" WIDTH="141.73228346456693" VPOS="1829.9212598425197" HPOS="2806.299212598425" CONTENT="P." ID="tl_6_10" STYLEREFS="FONT0"/>
          </TextLine>
        </TextBlock>
        <TextBlock ID="r_6_3" HEIGHT="64.56692913385827" WIDTH="1872.4409448818897" VPOS="1940.1574803149606" HPOS="1319.6850393700788">
          <TextLine ID="tl_7" BASELINE="1272" HEIGHT="61.41732283464567" WIDTH="1869.291338582677" VPOS="1941.732283464567" HPOS="1321.259842519685">
            <String HEIGHT="61.41732283464567" WIDTH="307.0866141732283" VPOS="1941.732283464567" HPOS="1292.9133858267717" CONTENT="Superbe" ID="tl_7_1" STYLEREFS="FONT0"/>
            <SP HEIGHT="61.41732283464567" WIDTH="28.346456692913385" VPOS="1941.732283464567" HPOS="1600.0"/>
            <String HEIGHT="61.41732283464567" WIDTH="278.74015748031496" VPOS="1941.732283464567" HPOS="1516.5354330708662" CONTENT="lettre" ID="tl_7_2" STYLEREFS="FONT0"/>
            <SP HEIGHT="61.41732283464567" WIDTH="28.346456692913385" VPOS="1941.732283464567" HPOS="1795.275590551181"/>
            <String HEIGHT="61.41732283464567" WIDTH="166.9291338582677" VPOS="1941.732283464567" HPOS="1711.8110236220473" CONTENT="de" ID="tl_7_3" STYLEREFS="FONT0"/>
            <SP HEIGHT="61.41732283464567" WIDTH="28.346456692913385" VPOS="1941.732283464567" HPOS="1878.740157480315"/>
            <String HEIGHT="61.41732283464567" WIDTH="474.01574803149606" VPOS="1941.732283464567" HPOS="1795.275590551181" CONTENT="félicitations" ID="tl_7_4" STYLEREFS="FONT0"/>
            <SP HEIGHT="61.41732283464567" WIDTH="28.346456692913385" VPOS="1941.732283464567" HPOS="2269.2913385826773"/>
            <String HEIGHT="61.41732283464567" WIDTH="195.2755905511811" VPOS="1941.732283464567" HPOS="2185.8267716535433" CONTENT="sur" ID="tl_7_5" STYLEREFS="FONT0"/>
            <SP HEIGHT="61.41732283464567" WIDTH="28.346456692913385" VPOS="1941.732283464567" HPOS="2381.1023622047246"/>
            <String HEIGHT="61.41732283464567" WIDTH="166.9291338582677" VPOS="1941.732283464567" HPOS="2297.6377952755906" CONTENT="la" ID="tl_7_6" STYLEREFS="FONT0"/>
            <SP HEIGHT="61.41732283464567" WIDTH="28.346456692913385" VPOS="1941.732283464567" HPOS="2464.566929133858"/>
            <String HEIGHT="61.41732283464567" WIDTH="445.6692913385827" VPOS="1941.732283464567" HPOS="2381.1023622047246" CONTENT="restauration" ID="tl_7_7" STYLEREFS="FONT0"/>
            <SP HEIGHT="61.41732283464567" WIDTH="28.346456692913385" VPOS="1941.732283464567" HPOS="2828.3464566929133"/>
            <String HEIGHT="61.41732283464567" WIDTH="166.9291338582677" VPOS="1941.732283464567" HPOS="2744.8818897637793" CONTENT="de" ID="tl_7_8" STYLEREFS="FONT0"/>
            <SP HEIGHT="61.41732283464567" WIDTH="28.346456692913385" VPOS="1941.732283464567" HPOS="2911.8110236220473"/>
            <String HEIGHT="61.41732283464567" WIDTH="250.39370078740157" VPOS="1941.732283464567" HPOS="2828.3464566929133" CONTENT="Louis" ID="tl_7_9" STYLEREFS="FONT0"/>
            <SP HEIGHT="61.41732283464567" WIDTH="28.346456692913385" VPOS="1941.732283464567" HPOS="3078.740157480315"/>
            <String HEIGHT="61.41732283464567" WIDTH="223.6220472440945" VPOS="1941.732283464567" HPOS="2966.9291338582675" CONTENT="XVIII." ID="tl_7_10" STYLEREFS="FONT0"/>
          </TextLine>
        </TextBlock>
        <TextBlock ID="r_6_4" HEIGHT="533.8582677165355" WIDTH="1943.3070866141732" VPOS="2009.4488188976377" HPOS="1251.9685039370079">
          <TextLine ID="tl_8" BASELINE="1316" HEIGHT="61.41732283464567" WIDTH="1927.5590551181103" VPOS="2011.023622047244" HPOS="1266.1417322834645">
            <String HEIGHT="61.41732283464567" WIDTH="373.2283464566929" VPOS="2011.023622047244" HPOS="1237.7952755905512" CONTENT="«Monsieur" ID="tl_8_1" STYLEREFS="FONT0"/>
            <SP HEIGHT="61.41732283464567" WIDTH="28.346456692913385" VPOS="2011.023622047244" HPOS="1611.023622047244"/>
            <String HEIGHT="61.41732283464567" WIDTH="201.5748031496063" VPOS="2011.023622047244" HPOS="1524.4094488188975" CONTENT="mon" ID="tl_8_2" STYLEREFS="FONT0"/>
            <SP HEIGHT="61.41732283464567" WIDTH="28.346456692913385" VPOS="2011.023622047244" HPOS="1725.984251968504"/>
            <String HEIGHT="61.41732283464567" WIDTH="258.26771653543307" VPOS="2011.023622047244" HPOS="1639.3700787401574" CONTENT="frère" ID="tl_8_3" STYLEREFS="FONT0"/>
            <SP HEIGHT="61.41732283464567" WIDTH="28.346456692913385" VPOS="2011.023622047244" HPOS="1899.2125984251968"/>
            <String HEIGHT="61.41732283464567" WIDTH="173.22834645669292" VPOS="2011.023622047244" HPOS="1812.5984251968505" CONTENT="et" ID="tl_8_4" STYLEREFS="FONT0"/>
            <SP HEIGHT="61.41732283464567" WIDTH="28.346456692913385" VPOS="2011.023622047244" HPOS="1985.8267716535433"/>
            <String HEIGHT="61.41732283464567" WIDTH="316.53543307086613" VPOS="2011.023622047244" HPOS="1899.2125984251968" CONTENT="cousin," ID="tl_8_5" STYLEREFS="FONT0"/>
            <SP HEIGHT="61.41732283464567" WIDTH="28.346456692913385" VPOS="2011.023622047244" HPOS="2215.748031496063"/>
            <String HEIGHT="61.41732283464567" WIDTH="373.2283464566929" VPOS="2011.023622047244" HPOS="2129.1338582677167" CONTENT="cessèrent" ID="tl_8_6" STYLEREFS="FONT0"/>
            <SP HEIGHT="61.41732283464567" WIDTH="28.346456692913385" VPOS="2011.023622047244" HPOS="2503.9370078740158"/>
            <String HEIGHT="61.41732283464567" WIDTH="258.26771653543307" VPOS="2011.023622047244" HPOS="2417.3228346456694" CONTENT="enfin" ID="tl_8_7" STYLEREFS="FONT0"/>
            <SP HEIGHT="61.41732283464567" WIDTH="28.346456692913385" VPOS="2011.023622047244" HPOS="2675.5905511811025"/>
            <String HEIGHT="61.41732283464567" WIDTH="201.5748031496063" VPOS="2011.023622047244" HPOS="2588.9763779527557" CONTENT="les" ID="tl_8_8" STYLEREFS="FONT0"/>
            <SP HEIGHT="61.41732283464567" WIDTH="28.346456692913385" VPOS="2011.023622047244" HPOS="2790.551181102362"/>
            <String HEIGHT="61.41732283464567" WIDTH="344.88188976377955" VPOS="2011.023622047244" HPOS="2703.9370078740158" CONTENT="malheurs" ID="tl_8_9" STYLEREFS="FONT0"/>
            <SP HEIGHT="61.41732283464567" WIDTH="28.346456692913385" VPOS="2011.023622047244" HPOS="3050.3937007874015"/>
            <String HEIGHT="61.41732283464567" WIDTH="201.5748031496063" VPOS="2011.023622047244" HPOS="2963.779527559055" CONTENT="qui" ID="tl_8_10" STYLEREFS="FONT0"/>
            <SP HEIGHT="61.41732283464567" WIDTH="28.346456692913385" VPOS="2011.023622047244" HPOS="3165.3543307086616"/>
            <String HEIGHT="61.41732283464567" WIDTH="143.30708661417322" VPOS="2011.023622047244" HPOS="3050.3937007874015" CONTENT="ont" ID="tl_8_11" STYLEREFS="FONT0"/>
          </TextLine>
          <TextLine ID="tl_9" BASELINE="1361" HEIGHT="66.14173228346456" WIDTH="1924.4094488188975" VPOS="2077.165354330709" HPOS="1262.992125984252">
            <String HEIGHT="66.14173228346456" WIDTH="166.9291338582677" VPOS="2077.165354330709" HPOS="1234.6456692913387" CONTENT="si" ID="tl_9_1" STYLEREFS="FONT0"/>
            <SP HEIGHT="66.14173228346456" WIDTH="28.346456692913385" VPOS="2077.165354330709" HPOS="1403.1496062992126"/>
            <String HEIGHT="66.14173228346456" WIDTH="418.8976377952756" VPOS="2077.165354330709" HPOS="1318.1102362204724" CONTENT="cruellement" ID="tl_9_2" STYLEREFS="FONT0"/>
            <SP HEIGHT="66.14173228346456" WIDTH="28.346456692913385" VPOS="2077.165354330709" HPOS="1737.007874015748"/>
            <String HEIGHT="66.14173228346456" WIDTH="362.20472440944883" VPOS="2077.165354330709" HPOS="1653.5433070866143" CONTENT="persécuté" ID="tl_9_3" STYLEREFS="FONT0"/>
            <SP HEIGHT="66.14173228346456" WIDTH="28.346456692913385" VPOS="2077.165354330709" HPOS="2015.748031496063"/>
            <String HEIGHT="66.14173228346456" WIDTH="250.39370078740157" VPOS="2077.165354330709" HPOS="1932.283464566929" CONTENT="notre" ID="tl_9_4" STYLEREFS="FONT0"/>
            <SP HEIGHT="66.14173228346456" WIDTH="28.346456692913385" VPOS="2077.165354330709" HPOS="2182.6771653543306"/>
            <String HEIGHT="66.14173228346456" WIDTH="335.43307086614175" VPOS="2077.165354330709" HPOS="2099.212598425197" CONTENT="famille," ID="tl_9_5" STYLEREFS="FONT0"/>
            <SP HEIGHT="66.14173228346456" WIDTH="28.346456692913385" VPOS="2077.165354330709" HPOS="2434.6456692913384"/>
            <String HEIGHT="66.14173228346456" WIDTH="166.9291338582677" VPOS="2077.165354330709" HPOS="2351.181102362205" CONTENT="et" ID="tl_9_6" STYLEREFS="FONT0"/>
            <SP HEIGHT="66.14173228346456" WIDTH="28.346456692913385" VPOS="2077.165354330709" HPOS="2518.1102362204724"/>
            <String HEIGHT="66.14173228346456" WIDTH="166.9291338582677" VPOS="2077.165354330709" HPOS="2434.6456692913384" CONTENT="je" ID="tl_9_7" STYLEREFS="FONT0"/>
            <SP HEIGHT="66.14173228346456" WIDTH="28.346456692913385" VPOS="2077.165354330709" HPOS="2601.5748031496064"/>
            <String HEIGHT="66.14173228346456" WIDTH="223.6220472440945" VPOS="2077.165354330709" HPOS="2518.1102362204724" CONTENT="suis" ID="tl_9_8" STYLEREFS="FONT0"/>
            <SP HEIGHT="66.14173228346456" WIDTH="28.346456692913385" VPOS="2077.165354330709" HPOS="2741.732283464567"/>
            <String HEIGHT="66.14173228346456" WIDTH="390.5511811023622" VPOS="2077.165354330709" HPOS="2658.267716535433" CONTENT="maintenant" ID="tl_9_9" STYLEREFS="FONT0"/>
            <SP HEIGHT="66.14173228346456" WIDTH="28.346456692913385" VPOS="2077.165354330709" HPOS="3047.244094488189"/>
            <String HEIGHT="66.14173228346456" WIDTH="166.9291338582677" VPOS="2077.165354330709" HPOS="2963.779527559055" CONTENT="la" ID="tl_9_10" STYLEREFS="FONT0"/>
            <SP HEIGHT="66.14173228346456" WIDTH="28.346456692913385" VPOS="2077.165354330709" HPOS="3132.283464566929"/>
            <String HEIGHT="66.14173228346456" WIDTH="166.9291338582677" VPOS="2077.165354330709" HPOS="3020.472440944882" CONTENT="der" SUBS_TYPE="HypPart1" SUBS_CONTENT="dernière" ID="tl_9_11" STYLEREFS="FONT0"/>
            <HYP CONTENT="-"/>
          </TextLine>
          <TextLine ID="tl_10" BASELINE="1395" HEIGHT="53.54330708661417" WIDTH="1927.5590551181103" VPOS="2143.3070866141734" HPOS="1259.8425196850394">
            <String HEIGHT="53.54330708661417" WIDTH="258.26771653543307" VPOS="2143.3070866141734" HPOS="1231.4960629921259" CONTENT="nière" SUBS_TYPE="HypPart2" SUBS_CONTENT="dernière" ID="tl_10_1" STYLEREFS="FONT0"/>
            <SP HEIGHT="53.54330708661417" WIDTH="28.346456692913385" VPOS="2143.3070866141734" HPOS="1489.763779527559"/>
            <String HEIGHT="53.54330708661417" WIDTH="344.88188976377955" VPOS="2143.3070866141734" HPOS="1403.1496062992126" CONTENT="victime." ID="tl_10_2" STYLEREFS="FONT0"/>
            <SP HEIGHT="53.54330708661417" WIDTH="28.346456692913385" VPOS="2143.3070866141734" HPOS="1749.6062992125985"/>
            <String HEIGHT="53.54330708661417" WIDTH="173.22834645669292" VPOS="2143.3070866141734" HPOS="1662.992125984252" CONTENT="V." ID="tl_10_3" STYLEREFS="FONT0"/>
            <SP HEIGHT="53.54330708661417" WIDTH="28.346456692913385" VPOS="2143.3070866141734" HPOS="1834.6456692913387"/>
            <String HEIGHT="53.54330708661417" WIDTH="173.22834645669292" VPOS="2143.3070866141734" HPOS="1749.6062992125985" CONTENT="M." ID="tl_10_4" STYLEREFS="FONT0"/>
            <SP HEIGHT="53.54330708661417" WIDTH="28.346456692913385" VPOS="2143.3070866141734" HPOS="1921.259842519685"/>
            <String HEIGHT="53.54330708661417" WIDTH="201.5748031496063" VPOS="2143.3070866141734" HPOS="1834.6456692913387" CONTENT="est" ID="tl_10_5" STYLEREFS="FONT0"/>
            <SP HEIGHT="53.54330708661417" WIDTH="28.346456692913385" VPOS="2143.3070866141734" HPOS="2036.2204724409448"/>
            <String HEIGHT="53.54330708661417" WIDTH="316.53543307086613" VPOS="2143.3070866141734" HPOS="1949.6062992125985" CONTENT="rentrée" ID="tl_10_6" STYLEREFS="FONT0"/>
            <SP HEIGHT="53.54330708661417" WIDTH="28.346456692913385" VPOS="2143.3070866141734" HPOS="2266.1417322834645"/>
            <String HEIGHT="53.54330708661417" WIDTH="173.22834645669292" VPOS="2143.3070866141734" HPOS="2181.1023622047246" CONTENT="au" ID="tl_10_7" STYLEREFS="FONT0"/>
            <SP HEIGHT="53.54330708661417" WIDTH="28.346456692913385" VPOS="2143.3070866141734" HPOS="2352.755905511811"/>
            <String HEIGHT="53.54330708661417" WIDTH="258.26771653543307" VPOS="2143.3070866141734" HPOS="2266.1417322834645" CONTENT="trône" ID="tl_10_8" STYLEREFS="FONT0"/>
            <SP HEIGHT="53.54330708661417" WIDTH="28.346456692913385" VPOS="2143.3070866141734" HPOS="2525.984251968504"/>
            <String HEIGHT="53.54330708661417" WIDTH="173.22834645669292" VPOS="2143.3070866141734" HPOS="2439.3700787401576" CONTENT="de" ID="tl_10_9" STYLEREFS="FONT0"/>
            <SP HEIGHT="53.54330708661417" WIDTH="28.346456692913385" VPOS="2143.3070866141734" HPOS="2612.5984251968503"/>
            <String HEIGHT="53.54330708661417" WIDTH="201.5748031496063" VPOS="2143.3070866141734" HPOS="2525.984251968504" CONTENT="ses" ID="tl_10_10" STYLEREFS="FONT0"/>
            <SP HEIGHT="53.54330708661417" WIDTH="28.346456692913385" VPOS="2143.3070866141734" HPOS="2727.5590551181103"/>
            <String HEIGHT="53.54330708661417" WIDTH="373.2283464566929" VPOS="2143.3070866141734" HPOS="2640.9448818897636" CONTENT="ancêtres." ID="tl_10_11" STYLEREFS="FONT0"/>
            <SP HEIGHT="53.54330708661417" WIDTH="28.346456692913385" VPOS="2143.3070866141734" HPOS="3014.1732283464567"/>
            <String HEIGHT="53.54330708661417" WIDTH="173.22834645669292" VPOS="2143.3070866141734" HPOS="2929.1338582677167" CONTENT="Ce" ID="tl_10_12" STYLEREFS="FONT0"/>
            <SP HEIGHT="53.54330708661417" WIDTH="28.346456692913385" VPOS="2143.3070866141734" HPOS="3100.787401574803"/>
            <String HEIGHT="53.54330708661417" WIDTH="201.5748031496063" VPOS="2143.3070866141734" HPOS="2985.8267716535433" CONTENT="chan" SUBS_TYPE="HypPart1" SUBS_CONTENT="changement" ID="tl_10_13" STYLEREFS="FONT0"/>
            <HYP CONTENT="-"/>
          </TextLine>
          <TextLine ID="tl_11" BASELINE="1444" HEIGHT="61.41732283464567" WIDTH="1930.708661417323" VPOS="2212.5984251968503" HPOS="1259.8425196850394">
            <String HEIGHT="61.41732283464567" WIDTH="288.18897637795277" VPOS="2212.5984251968503" HPOS="1231.4960629921259" CONTENT="gement" SUBS_TYPE="HypPart2" SUBS_CONTENT="changement" ID="tl_11_1" STYLEREFS="FONT0"/>
            <SP HEIGHT="61.41732283464567" WIDTH="28.346456692913385" VPOS="2212.5984251968503" HPOS="1519.6850393700788"/>
            <String HEIGHT="61.41732283464567" WIDTH="316.53543307086613" VPOS="2212.5984251968503" HPOS="1433.0708661417323" CONTENT="fortuné" ID="tl_11_2" STYLEREFS="FONT0"/>
            <SP HEIGHT="61.41732283464567" WIDTH="28.346456692913385" VPOS="2212.5984251968503" HPOS="1749.6062992125985"/>
            <String HEIGHT="61.41732283464567" WIDTH="173.22834645669292" VPOS="2212.5984251968503" HPOS="1662.992125984252" CONTENT="va" ID="tl_11_3" STYLEREFS="FONT0"/>
            <SP HEIGHT="61.41732283464567" WIDTH="28.346456692913385" VPOS="2212.5984251968503" HPOS="1836.2204724409448"/>
            <String HEIGHT="61.41732283464567" WIDTH="259.84251968503935" VPOS="2212.5984251968503" HPOS="1749.6062992125985" CONTENT="faire" ID="tl_11_4" STYLEREFS="FONT0"/>
            <SP HEIGHT="61.41732283464567" WIDTH="28.346456692913385" VPOS="2212.5984251968503" HPOS="2009.4488188976377"/>
            <String HEIGHT="61.41732283464567" WIDTH="288.18897637795277" VPOS="2212.5984251968503" HPOS="1922.8346456692914" CONTENT="couler" ID="tl_11_5" STYLEREFS="FONT0"/>
            <SP HEIGHT="61.41732283464567" WIDTH="28.346456692913385" VPOS="2212.5984251968503" HPOS="2211.0236220472443"/>
            <String HEIGHT="61.41732283464567" WIDTH="201.5748031496063" VPOS="2212.5984251968503" HPOS="2124.4094488188975" CONTENT="sur" ID="tl_11_6" STYLEREFS="FONT0"/>
            <SP HEIGHT="61.41732283464567" WIDTH="28.346456692913385" VPOS="2212.5984251968503" HPOS="2325.984251968504"/>
            <String HEIGHT="61.41732283464567" WIDTH="173.22834645669292" VPOS="2212.5984251968503" HPOS="2239.3700787401576" CONTENT="la" ID="tl_11_7" STYLEREFS="FONT0"/>
            <SP HEIGHT="61.41732283464567" WIDTH="28.346456692913385" VPOS="2212.5984251968503" HPOS="2412.5984251968503"/>
            <String HEIGHT="61.41732283464567" WIDTH="288.18897637795277" VPOS="2212.5984251968503" HPOS="2325.984251968504" CONTENT="France" ID="tl_11_8" STYLEREFS="FONT0"/>
            <SP HEIGHT="61.41732283464567" WIDTH="28.346456692913385" VPOS="2212.5984251968503" HPOS="2614.1732283464567"/>
            <String HEIGHT="61.41732283464567" WIDTH="201.5748031496063" VPOS="2212.5984251968503" HPOS="2527.5590551181103" CONTENT="des" ID="tl_11_9" STYLEREFS="FONT0"/>
            <SP HEIGHT="61.41732283464567" WIDTH="28.346456692913385" VPOS="2212.5984251968503" HPOS="2729.1338582677167"/>
            <String HEIGHT="61.41732283464567" WIDTH="259.84251968503935" VPOS="2212.5984251968503" HPOS="2642.51968503937" CONTENT="jours" ID="tl_11_10" STYLEREFS="FONT0"/>
            <SP HEIGHT="61.41732283464567" WIDTH="28.346456692913385" VPOS="2212.5984251968503" HPOS="2902.3622047244094"/>
            <String HEIGHT="61.41732283464567" WIDTH="374.8031496062992" VPOS="2212.5984251968503" HPOS="2815.748031496063" CONTENT="paisibles" ID="tl_11_11" STYLEREFS="FONT0"/>
            <SP HEIGHT="61.41732283464567" WIDTH="28.346456692913385" VPOS="2212.5984251968503" HPOS="3190.551181102362"/>
            <String HEIGHT="61.41732283464567" WIDTH="114.96062992125984" VPOS="2212.5984251968503" HPOS="3075.5905511811025" CONTENT="et" ID="tl_11_12" STYLEREFS="FONT0"/>
          </TextLine>
          <TextLine ID="tl_12" BASELINE="1488" HEIGHT="64.56692913385827" WIDTH="1929.1338582677165" VPOS="2278.740157480315" HPOS="1259.8425196850394">
            <String HEIGHT="64.56692913385827" WIDTH="418.8976377952756" VPOS="2278.740157480315" HPOS="1231.4960629921259" CONTENT="tranquiles," ID="tl_12_1" STYLEREFS="FONT0"/>
            <SP HEIGHT="64.56692913385827" WIDTH="28.346456692913385" VPOS="2278.740157480315" HPOS="1651.9685039370079"/>
            <String HEIGHT="64.56692913385827" WIDTH="363.7795275590551" VPOS="2278.740157480315" HPOS="1566.9291338582677" CONTENT="possédant" ID="tl_12_2" STYLEREFS="FONT0"/>
            <SP HEIGHT="64.56692913385827" WIDTH="28.346456692913385" VPOS="2278.740157480315" HPOS="1930.708661417323"/>
            <String HEIGHT="64.56692913385827" WIDTH="223.6220472440945" VPOS="2278.740157480315" HPOS="1847.244094488189" CONTENT="pour" ID="tl_12_3" STYLEREFS="FONT0"/>
            <SP HEIGHT="64.56692913385827" WIDTH="28.346456692913385" VPOS="2278.740157480315" HPOS="2070.8661417322833"/>
            <String HEIGHT="64.56692913385827" WIDTH="195.2755905511811" VPOS="2278.740157480315" HPOS="1987.4015748031495" CONTENT="son" ID="tl_12_4" STYLEREFS="FONT0"/>
            <SP HEIGHT="64.56692913385827" WIDTH="28.346456692913385" VPOS="2278.740157480315" HPOS="2182.6771653543306"/>
            <String HEIGHT="64.56692913385827" WIDTH="223.6220472440945" VPOS="2278.740157480315" HPOS="2099.212598425197" CONTENT="chef" ID="tl_12_5" STYLEREFS="FONT0"/>
            <SP HEIGHT="64.56692913385827" WIDTH="28.346456692913385" VPOS="2278.740157480315" HPOS="2322.834645669291"/>
            <String HEIGHT="64.56692913385827" WIDTH="168.50393700787401" VPOS="2278.740157480315" HPOS="2237.7952755905512" CONTENT="un" ID="tl_12_6" STYLEREFS="FONT0"/>
            <SP HEIGHT="64.56692913385827" WIDTH="28.346456692913385" VPOS="2278.740157480315" HPOS="2406.299212598425"/>
            <String HEIGHT="64.56692913385827" WIDTH="223.6220472440945" VPOS="2278.740157480315" HPOS="2322.834645669291" CONTENT="père" ID="tl_12_7" STYLEREFS="FONT0"/>
            <SP HEIGHT="64.56692913385827" WIDTH="28.346456692913385" VPOS="2278.740157480315" HPOS="2546.4566929133857"/>
            <String HEIGHT="64.56692913385827" WIDTH="168.50393700787401" VPOS="2278.740157480315" HPOS="2461.417322834646" CONTENT="si" ID="tl_12_8" STYLEREFS="FONT0"/>
            <SP HEIGHT="64.56692913385827" WIDTH="28.346456692913385" VPOS="2278.740157480315" HPOS="2629.9212598425197"/>
            <String HEIGHT="64.56692913385827" WIDTH="280.31496062992125" VPOS="2278.740157480315" HPOS="2546.4566929133857" CONTENT="tendre" ID="tl_12_9" STYLEREFS="FONT0"/>
            <SP HEIGHT="64.56692913385827" WIDTH="28.346456692913385" VPOS="2278.740157480315" HPOS="2825.196850393701"/>
            <String HEIGHT="64.56692913385827" WIDTH="168.50393700787401" VPOS="2278.740157480315" HPOS="2741.732283464567" CONTENT="et" ID="tl_12_10" STYLEREFS="FONT0"/>
            <SP HEIGHT="64.56692913385827" WIDTH="28.346456692913385" VPOS="2278.740157480315" HPOS="2908.6614173228345"/>
            <String HEIGHT="64.56692913385827" WIDTH="168.50393700787401" VPOS="2278.740157480315" HPOS="2825.196850393701" CONTENT="si" ID="tl_12_11" STYLEREFS="FONT0"/>
            <SP HEIGHT="64.56692913385827" WIDTH="28.346456692913385" VPOS="2278.740157480315" HPOS="2993.700787401575"/>
            <String HEIGHT="64.56692913385827" WIDTH="280.31496062992125" VPOS="2278.740157480315" HPOS="2908.6614173228345" CONTENT="juste," ID="tl_12_12" STYLEREFS="FONT0"/>
            <SP HEIGHT="64.56692913385827" WIDTH="28.346456692913385" VPOS="2278.740157480315" HPOS="3188.9763779527557"/>
            <String HEIGHT="64.56692913385827" WIDTH="111.81102362204724" VPOS="2278.740157480315" HPOS="3077.165354330709" CONTENT="et" ID="tl_12_13" STYLEREFS="FONT0"/>
          </TextLine>
          <TextLine ID="tl_13" BASELINE="1532" HEIGHT="62.99212598425197" WIDTH="1930.708661417323" VPOS="2349.6062992125985" HPOS="1256.6929133858268">
            <String HEIGHT="62.99212598425197" WIDTH="267.7165354330709" VPOS="2349.6062992125985" HPOS="1226.7716535433071" CONTENT="votre" ID="tl_13_1" STYLEREFS="FONT0"/>
            <SP HEIGHT="62.99212598425197" WIDTH="29.921259842519685" VPOS="2349.6062992125985" HPOS="1494.4881889763778"/>
            <String HEIGHT="62.99212598425197" WIDTH="267.7165354330709" VPOS="2349.6062992125985" HPOS="1404.724409448819" CONTENT="règne" ID="tl_13_2" STYLEREFS="FONT0"/>
            <SP HEIGHT="62.99212598425197" WIDTH="29.921259842519685" VPOS="2349.6062992125985" HPOS="1672.4409448818897"/>
            <String HEIGHT="62.99212598425197" WIDTH="237.79527559055117" VPOS="2349.6062992125985" HPOS="1582.6771653543308" CONTENT="sera" ID="tl_13_3" STYLEREFS="FONT0"/>
            <SP HEIGHT="62.99212598425197" WIDTH="29.921259842519685" VPOS="2349.6062992125985" HPOS="1820.4724409448818"/>
            <String HEIGHT="62.99212598425197" WIDTH="237.79527559055117" VPOS="2349.6062992125985" HPOS="1732.283464566929" CONTENT="pour" ID="tl_13_4" STYLEREFS="FONT0"/>
            <SP HEIGHT="62.99212598425197" WIDTH="29.921259842519685" VPOS="2349.6062992125985" HPOS="1970.0787401574803"/>
            <String HEIGHT="62.99212598425197" WIDTH="237.79527559055117" VPOS="2349.6062992125985" HPOS="1880.3149606299212" CONTENT="elle" ID="tl_13_5" STYLEREFS="FONT0"/>
            <SP HEIGHT="62.99212598425197" WIDTH="29.921259842519685" VPOS="2349.6062992125985" HPOS="2118.1102362204724"/>
            <String HEIGHT="62.99212598425197" WIDTH="177.95275590551182" VPOS="2349.6062992125985" HPOS="2028.3464566929133" CONTENT="le" ID="tl_13_6" STYLEREFS="FONT0"/>
            <SP HEIGHT="62.99212598425197" WIDTH="29.921259842519685" VPOS="2349.6062992125985" HPOS="2207.8740157480315"/>
            <String HEIGHT="62.99212598425197" WIDTH="297.6377952755906" VPOS="2349.6062992125985" HPOS="2118.1102362204724" CONTENT="retour" ID="tl_13_7" STYLEREFS="FONT0"/>
            <SP HEIGHT="62.99212598425197" WIDTH="29.921259842519685" VPOS="2349.6062992125985" HPOS="2415.748031496063"/>
            <String HEIGHT="62.99212598425197" WIDTH="177.95275590551182" VPOS="2349.6062992125985" HPOS="2325.984251968504" CONTENT="du" ID="tl_13_8" STYLEREFS="FONT0"/>
            <SP HEIGHT="62.99212598425197" WIDTH="29.921259842519685" VPOS="2349.6062992125985" HPOS="2503.9370078740158"/>
            <String HEIGHT="62.99212598425197" WIDTH="325.98425196850394" VPOS="2349.6062992125985" HPOS="2415.748031496063" CONTENT="bonheur" ID="tl_13_9" STYLEREFS="FONT0"/>
            <SP HEIGHT="62.99212598425197" WIDTH="29.921259842519685" VPOS="2349.6062992125985" HPOS="2741.732283464567"/>
            <String HEIGHT="62.99212598425197" WIDTH="177.95275590551182" VPOS="2349.6062992125985" HPOS="2651.968503937008" CONTENT="et" ID="tl_13_10" STYLEREFS="FONT0"/>
            <SP HEIGHT="62.99212598425197" WIDTH="29.921259842519685" VPOS="2349.6062992125985" HPOS="2831.496062992126"/>
            <String HEIGHT="62.99212598425197" WIDTH="177.95275590551182" VPOS="2349.6062992125985" HPOS="2741.732283464567" CONTENT="de" ID="tl_13_11" STYLEREFS="FONT0"/>
            <SP HEIGHT="62.99212598425197" WIDTH="29.921259842519685" VPOS="2349.6062992125985" HPOS="2919.685039370079"/>
            <String HEIGHT="62.99212598425197" WIDTH="177.95275590551182" VPOS="2349.6062992125985" HPOS="2831.496062992126" CONTENT="la" ID="tl_13_12" STYLEREFS="FONT0"/>
            <SP HEIGHT="62.99212598425197" WIDTH="29.921259842519685" VPOS="2349.6062992125985" HPOS="3009.448818897638"/>
            <String HEIGHT="62.99212598425197" WIDTH="237.79527559055117" VPOS="2349.6062992125985" HPOS="2919.685039370079" CONTENT="paix" ID="tl_13_13" STYLEREFS="FONT0"/>
            <SP HEIGHT="62.99212598425197" WIDTH="29.921259842519685" VPOS="2349.6062992125985" HPOS="3157.48031496063"/>
            <String HEIGHT="62.99212598425197" WIDTH="148.03149606299212" VPOS="2349.6062992125985" HPOS="3039.3700787401576" CONTENT="qui" ID="tl_13_14" STYLEREFS="FONT0"/>
          </TextLine>
          <TextLine ID="tl_14" BASELINE="1573" HEIGHT="62.99212598425197" WIDTH="1930.708661417323" VPOS="2414.1732283464567" HPOS="1256.6929133858268">
            <String HEIGHT="62.99212598425197" WIDTH="255.11811023622047" VPOS="2414.1732283464567" HPOS="1228.3464566929133" CONTENT="avoit" ID="tl_14_1" STYLEREFS="FONT0"/>
            <SP HEIGHT="62.99212598425197" WIDTH="28.346456692913385" VPOS="2414.1732283464567" HPOS="1483.4645669291338"/>
            <String HEIGHT="62.99212598425197" WIDTH="311.81102362204723" VPOS="2414.1732283464567" HPOS="1398.4251968503936" CONTENT="disparu" ID="tl_14_2" STYLEREFS="FONT0"/>
            <SP HEIGHT="62.99212598425197" WIDTH="28.346456692913385" VPOS="2414.1732283464567" HPOS="1710.236220472441"/>
            <String HEIGHT="62.99212598425197" WIDTH="283.46456692913387" VPOS="2414.1732283464567" HPOS="1625.1968503937007" CONTENT="depuis" ID="tl_14_3" STYLEREFS="FONT0"/>
            <SP HEIGHT="62.99212598425197" WIDTH="28.346456692913385" VPOS="2414.1732283464567" HPOS="1910.236220472441"/>
            <String HEIGHT="62.99212598425197" WIDTH="368.503937007874" VPOS="2414.1732283464567" HPOS="1825.1968503937007" CONTENT="longtemps" ID="tl_14_4" STYLEREFS="FONT0"/>
            <SP HEIGHT="62.99212598425197" WIDTH="28.346456692913385" VPOS="2414.1732283464567" HPOS="2193.700787401575"/>
            <String HEIGHT="62.99212598425197" WIDTH="198.4251968503937" VPOS="2414.1732283464567" HPOS="2108.6614173228345" CONTENT="par" ID="tl_14_5" STYLEREFS="FONT0"/>
            <SP HEIGHT="62.99212598425197" WIDTH="28.346456692913385" VPOS="2414.1732283464567" HPOS="2307.0866141732286"/>
            <String HEIGHT="62.99212598425197" WIDTH="198.4251968503937" VPOS="2414.1732283464567" HPOS="2222.047244094488" CONTENT="les" ID="tl_14_6" STYLEREFS="FONT0"/>
            <SP HEIGHT="62.99212598425197" WIDTH="28.346456692913385" VPOS="2414.1732283464567" HPOS="2420.472440944882"/>
            <String HEIGHT="62.99212598425197" WIDTH="425.1968503937008" VPOS="2414.1732283464567" HPOS="2335.433070866142" CONTENT="convultions" ID="tl_14_7" STYLEREFS="FONT0"/>
            <SP HEIGHT="62.99212598425197" WIDTH="28.346456692913385" VPOS="2414.1732283464567" HPOS="2762.2047244094488"/>
            <String HEIGHT="62.99212598425197" WIDTH="368.503937007874" VPOS="2414.1732283464567" HPOS="2675.5905511811025" CONTENT="soufertes" ID="tl_14_8" STYLEREFS="FONT0"/>
            <SP HEIGHT="62.99212598425197" WIDTH="28.346456692913385" VPOS="2414.1732283464567" HPOS="3045.6692913385828"/>
            <String HEIGHT="62.99212598425197" WIDTH="226.77165354330708" VPOS="2414.1732283464567" HPOS="2960.6299212598424" CONTENT="sous" ID="tl_14_9" STYLEREFS="FONT0"/>
            <SP HEIGHT="62.99212598425197" WIDTH="28.346456692913385" VPOS="2414.1732283464567" HPOS="3187.4015748031497"/>
            <String HEIGHT="62.99212598425197" WIDTH="113.38582677165354" VPOS="2414.1732283464567" HPOS="3074.015748031496" CONTENT="le" ID="tl_14_10" STYLEREFS="FONT0"/>
          </TextLine>
          <TextLine ID="tl_15" BASELINE="1614" HEIGHT="58.267716535433074" WIDTH="661.4173228346457" VPOS="2483.464566929134" HPOS="1253.5433070866143">
            <String HEIGHT="58.267716535433074" WIDTH="240.9448818897638" VPOS="2483.464566929134" HPOS="1223.6220472440946" CONTENT="joug" ID="tl_15_1" STYLEREFS="FONT0"/>
            <SP HEIGHT="58.267716535433074" WIDTH="29.921259842519685" VPOS="2483.464566929134" HPOS="1464.5669291338584"/>
            <String HEIGHT="58.267716535433074" WIDTH="181.10236220472441" VPOS="2483.464566929134" HPOS="1373.2283464566929" CONTENT="du" ID="tl_15_2" STYLEREFS="FONT0"/>
            <SP HEIGHT="58.267716535433074" WIDTH="29.921259842519685" VPOS="2483.464566929134" HPOS="1554.3307086614172"/>
            <String HEIGHT="58.267716535433074" WIDTH="480.31496062992125" VPOS="2483.464566929134" HPOS="1434.6456692913387" CONTENT="despotisme...»" ID="tl_15_3" STYLEREFS="FONT0"/>
          </TextLine>
        </TextBlock>
        <TextBlock ID="r_6_5" HEIGHT="211.0236220472441" WIDTH="3516.535433070866" VPOS="2595.2755905511813" HPOS="1255.1181102362204">
          <TextLine ID="tl_16" BASELINE="1716" HEIGHT="105.51181102362204" WIDTH="3513.3858267716537" VPOS="2596.850393700787" HPOS="1256.6929133858268">
            <String HEIGHT="105.51181102362204" WIDTH="379.5275590551181" VPOS="2596.850393700787" HPOS="1209.4488188976377" CONTENT="★56★" ID="tl_16_1" STYLEREFS="FONT0"/>
            <SP HEIGHT="105.51181102362204" WIDTH="47.24409448818898" VPOS="2596.850393700787" HPOS="1588.976377952756"/>
            <String HEIGHT="105.51181102362204" WIDTH="617.3228346456693" VPOS="2596.850393700787" HPOS="1447.244094488189" CONTENT="BONAPARTE" ID="tl_16_2" STYLEREFS="FONT0"/>
            <SP HEIGHT="105.51181102362204" WIDTH="47.24409448818898" VPOS="2596.850393700787" HPOS="2064.566929133858"/>
            <String HEIGHT="105.51181102362204" WIDTH="617.3228346456693" VPOS="2596.850393700787" HPOS="1921.259842519685" CONTENT="(Joseph)," ID="tl_16_3" STYLEREFS="FONT0"/>
            <SP HEIGHT="105.51181102362204" WIDTH="47.24409448818898" VPOS="2596.850393700787" HPOS="2538.582677165354"/>
            <String HEIGHT="105.51181102362204" WIDTH="285.03937007874015" VPOS="2596.850393700787" HPOS="2396.850393700787" CONTENT="n." ID="tl_16_4" STYLEREFS="FONT0"/>
            <SP HEIGHT="105.51181102362204" WIDTH="47.24409448818898" VPOS="2596.850393700787" HPOS="2680.314960629921"/>
            <String HEIGHT="105.51181102362204" WIDTH="237.79527559055117" VPOS="2596.850393700787" HPOS="2538.582677165354" CONTENT="à" ID="tl_16_5" STYLEREFS="FONT0"/>
            <SP HEIGHT="105.51181102362204" WIDTH="47.24409448818898" VPOS="2596.850393700787" HPOS="2776.3779527559054"/>
            <String HEIGHT="105.51181102362204" WIDTH="426.7716535433071" VPOS="2596.850393700787" HPOS="2633.0708661417325" CONTENT="Corte" ID="tl_16_6" STYLEREFS="FONT0"/>
            <SP HEIGHT="105.51181102362204" WIDTH="47.24409448818898" VPOS="2596.850393700787" HPOS="3061.417322834646"/>
            <String HEIGHT="105.51181102362204" WIDTH="570.0787401574803" VPOS="2596.850393700787" HPOS="2918.1102362204724" CONTENT="(Corse)," ID="tl_16_7" STYLEREFS="FONT0"/>
            <SP HEIGHT="105.51181102362204" WIDTH="47.24409448818898" VPOS="2596.850393700787" HPOS="3488.1889763779527"/>
            <String HEIGHT="105.51181102362204" WIDTH="237.79527559055117" VPOS="2596.850393700787" HPOS="3346.4566929133857" CONTENT="7" ID="tl_16_8" STYLEREFS="FONT0"/>
            <SP HEIGHT="105.51181102362204" WIDTH="47.24409448818898" VPOS="2596.850393700787" HPOS="3582.6771653543306"/>
            <String HEIGHT="105.51181102362204" WIDTH="522.8346456692914" VPOS="2596.850393700787" HPOS="3440.9448818897636" CONTENT="janvier" ID="tl_16_9" STYLEREFS="FONT0"/>
            <SP HEIGHT="105.51181102362204" WIDTH="47.24409448818898" VPOS="2596.850393700787" HPOS="3962.2047244094488"/>
            <String HEIGHT="105.51181102362204" WIDTH="426.7716535433071" VPOS="2596.850393700787" HPOS="3820.472440944882" CONTENT="1768," ID="tl_16_10" STYLEREFS="FONT0"/>
            <SP HEIGHT="105.51181102362204" WIDTH="47.24409448818898" VPOS="2596.850393700787" HPOS="4247.244094488189"/>
            <String HEIGHT="105.51181102362204" WIDTH="426.7716535433071" VPOS="2596.850393700787" HPOS="4105.511811023622" CONTENT="frère" ID="tl_16_11" STYLEREFS="FONT0"/>
            <SP HEIGHT="105.51181102362204" WIDTH="47.24409448818898" VPOS="2596.850393700787" HPOS="4532.283464566929"/>
            <String HEIGHT="105.51181102362204" WIDTH="379.5275590551181" VPOS="2596.850393700787" HPOS="4390.5511811023625" CONTENT="aîné" ID="tl_16_12" STYLEREFS="FONT0"/>
            <SP HEIGHT="105.51181102362204" WIDTH="47.24409448818898" VPOS="2596.850393700787" HPOS="4770.078740157481"/>
            <String HEIGHT="105.51181102362204" WIDTH="190.5511811023622" VPOS="2596.850393700787" HPOS="4579.527559055118" CONTENT="de" ID="tl_16_13" STYLEREFS="FONT0"/>
          </TextLine>
          <TextLine ID="tl_17" BASELINE="1781" HEIGHT="102.36220472440945" WIDTH="2982.6771653543306" VPOS="2702.3622047244094" HPOS="1258.267716535433">
            <String HEIGHT="102.36220472440945" WIDTH="497.6377952755906" VPOS="2702.3622047244094" HPOS="1217.3228346456692" CONTENT="Napoléon" ID="tl_17_1" STYLEREFS="FONT0"/>
            <SP HEIGHT="102.36220472440945" WIDTH="40.94488188976378" VPOS="2702.3622047244094" HPOS="1713.3858267716535"/>
            <String HEIGHT="102.36220472440945" WIDTH="248.8188976377953" VPOS="2702.3622047244094" HPOS="1588.976377952756" CONTENT="I," ID="tl_17_2" STYLEREFS="FONT0"/>
            <SP HEIGHT="102.36220472440945" WIDTH="40.94488188976378" VPOS="2702.3622047244094" HPOS="1837.7952755905512"/>
            <String HEIGHT="102.36220472440945" WIDTH="289.76377952755905" VPOS="2702.3622047244094" HPOS="1713.3858267716535" CONTENT="roi" ID="tl_17_3" STYLEREFS="FONT0"/>
            <SP HEIGHT="102.36220472440945" WIDTH="40.94488188976378" VPOS="2702.3622047244094" HPOS="2003.1496062992126"/>
            <String HEIGHT="102.36220472440945" WIDTH="538.5826771653543" VPOS="2702.3622047244094" HPOS="1880.3149606299212" CONTENT="d’Espagne" ID="tl_17_4" STYLEREFS="FONT0"/>
            <SP HEIGHT="102.36220472440945" WIDTH="40.94488188976378" VPOS="2702.3622047244094" HPOS="2418.8976377952754"/>
            <String HEIGHT="102.36220472440945" WIDTH="248.8188976377953" VPOS="2702.3622047244094" HPOS="2294.488188976378" CONTENT="(6" ID="tl_17_5" STYLEREFS="FONT0"/>
            <SP HEIGHT="102.36220472440945" WIDTH="40.94488188976378" VPOS="2702.3622047244094" HPOS="2541.732283464567"/>
            <String HEIGHT="102.36220472440945" WIDTH="330.70866141732284" VPOS="2702.3622047244094" HPOS="2418.8976377952754" CONTENT="juin" ID="tl_17_6" STYLEREFS="FONT0"/>
            <SP HEIGHT="102.36220472440945" WIDTH="40.94488188976378" VPOS="2702.3622047244094" HPOS="2749.6062992125985"/>
            <String HEIGHT="102.36220472440945" WIDTH="414.1732283464567" VPOS="2702.3622047244094" HPOS="2625.196850393701" CONTENT="1808)," ID="tl_17_7" STYLEREFS="FONT0"/>
            <SP HEIGHT="102.36220472440945" WIDTH="40.94488188976378" VPOS="2702.3622047244094" HPOS="3039.3700787401576"/>
            <String HEIGHT="102.36220472440945" WIDTH="248.8188976377953" VPOS="2702.3622047244094" HPOS="2914.9606299212596" CONTENT="m." ID="tl_17_8" STYLEREFS="FONT0"/>
            <SP HEIGHT="102.36220472440945" WIDTH="40.94488188976378" VPOS="2702.3622047244094" HPOS="3163.779527559055"/>
            <String HEIGHT="102.36220472440945" WIDTH="207.8740157480315" VPOS="2702.3622047244094" HPOS="3039.3700787401576" CONTENT="à" ID="tl_17_9" STYLEREFS="FONT0"/>
            <SP HEIGHT="102.36220472440945" WIDTH="40.94488188976378" VPOS="2702.3622047244094" HPOS="3247.244094488189"/>
            <String HEIGHT="102.36220472440945" WIDTH="538.5826771653543" VPOS="2702.3622047244094" HPOS="3122.834645669291" CONTENT="Florence," ID="tl_17_10" STYLEREFS="FONT0"/>
            <SP HEIGHT="102.36220472440945" WIDTH="40.94488188976378" VPOS="2702.3622047244094" HPOS="3661.417322834646"/>
            <String HEIGHT="102.36220472440945" WIDTH="248.8188976377953" VPOS="2702.3622047244094" HPOS="3537.0078740157483" CONTENT="28" ID="tl_17_11" STYLEREFS="FONT0"/>
            <SP HEIGHT="102.36220472440945" WIDTH="40.94488188976378" VPOS="2702.3622047244094" HPOS="3785.8267716535433"/>
            <String HEIGHT="102.36220472440945" WIDTH="455.11811023622045" VPOS="2702.3622047244094" HPOS="3661.417322834646" CONTENT="juillet" ID="tl_17_12" STYLEREFS="FONT0"/>
            <SP HEIGHT="102.36220472440945" WIDTH="40.94488188976378" VPOS="2702.3622047244094" HPOS="4116.535433070866"/>
            <String HEIGHT="102.36220472440945" WIDTH="289.76377952755905" VPOS="2702.3622047244094" HPOS="3951.181102362205" CONTENT="1844." ID="tl_17_13" STYLEREFS="FONT0"/>
          </TextLine>
        </TextBlock>
        <TextBlock ID="r_6_6" HEIGHT="99.21259842519684" WIDTH="3428.3464566929133" VPOS="2829.9212598425197" HPOS="1333.8582677165355">
          <TextLine ID="tl_18" BASELINE="1859" HEIGHT="96.06299212598425" WIDTH="3425.196850393701" VPOS="2831.496062992126" HPOS="1335.4330708661416">
            <String HEIGHT="96.06299212598425" WIDTH="203.1496062992126" VPOS="2831.496062992126" HPOS="1300.7874015748032" CONTENT="L." ID="tl_18_1" STYLEREFS="FONT0"/>
            <SP HEIGHT="96.06299212598425" WIDTH="34.645669291338585" VPOS="2831.496062992126" HPOS="1505.5118110236222"/>
            <String HEIGHT="96.06299212598425" WIDTH="203.1496062992126" VPOS="2831.496062992126" HPOS="1403.1496062992126" CONTENT="A." ID="tl_18_2" STYLEREFS="FONT0"/>
            <SP HEIGHT="96.06299212598425" WIDTH="34.645669291338585" VPOS="2831.496062992126" HPOS="1606.2992125984251"/>
            <String HEIGHT="96.06299212598425" WIDTH="203.1496062992126" VPOS="2831.496062992126" HPOS="1505.5118110236222" CONTENT="S." ID="tl_18_3" STYLEREFS="FONT0"/>
            <SP HEIGHT="96.06299212598425" WIDTH="34.645669291338585" VPOS="2831.496062992126" HPOS="1708.6614173228347"/>
            <String HEIGHT="96.06299212598425" WIDTH="203.1496062992126" VPOS="2831.496062992126" HPOS="1606.2992125984251" CONTENT="au" ID="tl_18_4" STYLEREFS="FONT0"/>
            <SP HEIGHT="96.06299212598425" WIDTH="34.645669291338585" VPOS="2831.496062992126" HPOS="1809.4488188976377"/>
            <String HEIGHT="96.06299212598425" WIDTH="305.51181102362204" VPOS="2831.496062992126" HPOS="1708.6614173228347" CONTENT="comte" ID="tl_18_5" STYLEREFS="FONT0"/>
            <SP HEIGHT="96.06299212598425" WIDTH="34.645669291338585" VPOS="2831.496062992126" HPOS="2014.1732283464567"/>
            <String HEIGHT="96.06299212598425" WIDTH="440.9448818897638" VPOS="2831.496062992126" HPOS="1911.8110236220473" CONTENT="(Lacuée);" ID="tl_18_6" STYLEREFS="FONT0"/>
            <SP HEIGHT="96.06299212598425" WIDTH="34.645669291338585" VPOS="2831.496062992126" HPOS="2352.755905511811"/>
            <String HEIGHT="96.06299212598425" WIDTH="406.2992125984252" VPOS="2831.496062992126" HPOS="2250.3937007874015" CONTENT="Londres," ID="tl_18_7" STYLEREFS="FONT0"/>
            <SP HEIGHT="96.06299212598425" WIDTH="34.645669291338585" VPOS="2831.496062992126" HPOS="2658.267716535433"/>
            <String HEIGHT="96.06299212598425" WIDTH="203.1496062992126" VPOS="2831.496062992126" HPOS="2555.9055118110236" CONTENT="26" ID="tl_18_8" STYLEREFS="FONT0"/>
            <SP HEIGHT="96.06299212598425" WIDTH="34.645669291338585" VPOS="2831.496062992126" HPOS="2759.0551181102364"/>
            <String HEIGHT="96.06299212598425" WIDTH="406.2992125984252" VPOS="2831.496062992126" HPOS="2658.267716535433" CONTENT="décembre" ID="tl_18_9" STYLEREFS="FONT0"/>
            <SP HEIGHT="96.06299212598425" WIDTH="34.645669291338585" VPOS="2831.496062992126" HPOS="3064.566929133858"/>
            <String HEIGHT="96.06299212598425" WIDTH="305.51181102362204" VPOS="2831.496062992126" HPOS="2963.779527559055" CONTENT="1832," ID="tl_18_10" STYLEREFS="FONT0"/>
            <SP HEIGHT="96.06299212598425" WIDTH="34.645669291338585" VPOS="2831.496062992126" HPOS="3267.716535433071"/>
            <String HEIGHT="96.06299212598425" WIDTH="170.07874015748033" VPOS="2831.496062992126" HPOS="3166.9291338582675" CONTENT="1" ID="tl_18_11" STYLEREFS="FONT0"/>
            <SP HEIGHT="96.06299212598425" WIDTH="34.645669291338585" VPOS="2831.496062992126" HPOS="3337.0078740157483"/>
            <String HEIGHT="96.06299212598425" WIDTH="203.1496062992126" VPOS="2831.496062992126" HPOS="3234.6456692913384" CONTENT="p," ID="tl_18_12" STYLEREFS="FONT0"/>
            <SP HEIGHT="96.06299212598425" WIDTH="34.645669291338585" VPOS="2831.496062992126" HPOS="3437.7952755905512"/>
            <String HEIGHT="96.06299212598425" WIDTH="237.79527559055117" VPOS="2831.496062992126" HPOS="3337.0078740157483" CONTENT="1/4" ID="tl_18_13" STYLEREFS="FONT0"/>
            <SP HEIGHT="96.06299212598425" WIDTH="34.645669291338585" VPOS="2831.496062992126" HPOS="3573.228346456693"/>
            <String HEIGHT="96.06299212598425" WIDTH="305.51181102362204" VPOS="2831.496062992126" HPOS="3472.4409448818897" CONTENT="in-4." ID="tl_18_14" STYLEREFS="FONT0"/>
            <SP HEIGHT="96.06299212598425" WIDTH="34.645669291338585" VPOS="2831.496062992126" HPOS="3776.3779527559054"/>
            <String HEIGHT="96.06299212598425" WIDTH="440.9448818897638" VPOS="2831.496062992126" HPOS="3675.5905511811025" CONTENT="(Coll." ID="tl_18_15" STYLEREFS="FONT2"/>
            <SP HEIGHT="96.06299212598425" WIDTH="34.645669291338585" VPOS="2831.496062992126" HPOS="4116.535433070866"/>
            <String HEIGHT="96.06299212598425" WIDTH="678.7401574803149" VPOS="2831.496062992126" HPOS="4014.1732283464567" CONTENT="Dubrunfaut.)" ID="tl_18_16" STYLEREFS="FONT2"/>
            <SP HEIGHT="96.06299212598425" WIDTH="34.645669291338585" VPOS="2831.496062992126" HPOS="4692.913385826771"/>
            <String HEIGHT="96.06299212598425" WIDTH="170.07874015748033" VPOS="2831.496062992126" HPOS="4590.5511811023625" CONTENT="—" ID="tl_18_17" STYLEREFS="FONT0"/>
            <SP HEIGHT="96.06299212598425" WIDTH="34.645669291338585" VPOS="2831.496062992126" HPOS="4760.629921259842"/>
            <String HEIGHT="96.06299212598425" WIDTH="135.43307086614172" VPOS="2831.496062992126" HPOS="4625.1968503937005" CONTENT="P." ID="tl_18_18" STYLEREFS="FONT0"/>
          </TextLine>
        </TextBlock>
        <TextBlock ID="r_6_7" HEIGHT="62.99212598425197" WIDTH="1462.992125984252" VPOS="2933.8582677165355" HPOS="1305.5118110236222">
          <TextLine ID="line_1582275024027_227" BASELINE="1902" HEIGHT="55.118110236220474" WIDTH="1458.267716535433" VPOS="2940.1574803149606" HPOS="1307.0866141732283">
            <String HEIGHT="55.118110236220474" WIDTH="440.9448818897638" VPOS="2940.1574803149606" HPOS="1280.3149606299212" CONTENT="Intéressante" ID="line_1582275024027_227_1" STYLEREFS="FONT0"/>
            <SP HEIGHT="55.118110236220474" WIDTH="26.771653543307085" VPOS="2940.1574803149606" HPOS="1719.6850393700788"/>
            <String HEIGHT="55.118110236220474" WIDTH="275.59055118110234" VPOS="2940.1574803149606" HPOS="1637.7952755905512" CONTENT="lettre" ID="line_1582275024027_227_2" STYLEREFS="FONT0"/>
            <SP HEIGHT="55.118110236220474" WIDTH="26.771653543307085" VPOS="2940.1574803149606" HPOS="1911.8110236220473"/>
            <String HEIGHT="55.118110236220474" WIDTH="165.35433070866142" VPOS="2940.1574803149606" HPOS="1829.9212598425197" CONTENT="où" ID="line_1582275024027_227_3" STYLEREFS="FONT0"/>
            <SP HEIGHT="55.118110236220474" WIDTH="26.771653543307085" VPOS="2940.1574803149606" HPOS="1995.275590551181"/>
            <String HEIGHT="55.118110236220474" WIDTH="165.35433070866142" VPOS="2940.1574803149606" HPOS="1911.8110236220473" CONTENT="il" ID="line_1582275024027_227_4" STYLEREFS="FONT0"/>
            <SP HEIGHT="55.118110236220474" WIDTH="26.771653543307085" VPOS="2940.1574803149606" HPOS="2077.165354330709"/>
            <String HEIGHT="55.118110236220474" WIDTH="302.3622047244094" VPOS="2940.1574803149606" HPOS="1995.275590551181" CONTENT="raconte" ID="line_1582275024027_227_5" STYLEREFS="FONT0"/>
            <SP HEIGHT="55.118110236220474" WIDTH="26.771653543307085" VPOS="2940.1574803149606" HPOS="2297.6377952755906"/>
            <String HEIGHT="55.118110236220474" WIDTH="192.1259842519685" VPOS="2940.1574803149606" HPOS="2215.748031496063" CONTENT="une" ID="line_1582275024027_227_6" STYLEREFS="FONT0"/>
            <SP HEIGHT="55.118110236220474" WIDTH="26.771653543307085" VPOS="2940.1574803149606" HPOS="2407.8740157480315"/>
            <String HEIGHT="55.118110236220474" WIDTH="275.59055118110234" VPOS="2940.1574803149606" HPOS="2324.4094488188975" CONTENT="courte" ID="line_1582275024027_227_7" STYLEREFS="FONT0"/>
            <SP HEIGHT="55.118110236220474" WIDTH="26.771653543307085" VPOS="2940.1574803149606" HPOS="2600.0"/>
            <String HEIGHT="55.118110236220474" WIDTH="275.59055118110234" VPOS="2940.1574803149606" HPOS="2489.763779527559" CONTENT="entrevue" ID="line_1582275024027_227_8" STYLEREFS="FONT0"/>
          </TextLine>
        </TextBlock>
        <TextBlock ID="r_6_8" HEIGHT="335.43307086614175" WIDTH="1514.9606299212599" VPOS="2998.4251968503936" HPOS="1244.0944881889764">
          <TextLine ID="tl_20" BASELINE="1946" HEIGHT="64.56692913385827" WIDTH="1507.0866141732283" VPOS="3000.0" HPOS="1250.3937007874015">
            <String HEIGHT="64.56692913385827" WIDTH="251.96850393700788" VPOS="3000.0" HPOS="1218.8976377952756" CONTENT="avec" ID="tl_20_1" STYLEREFS="FONT0"/>
            <SP HEIGHT="64.56692913385827" WIDTH="31.496062992125985" VPOS="3000.0" HPOS="1470.8661417322835"/>
            <String HEIGHT="64.56692913385827" WIDTH="376.37795275590554" VPOS="3000.0" HPOS="1376.3779527559054" CONTENT="Mérimée." ID="tl_20_2" STYLEREFS="FONT0"/>
            <SP HEIGHT="64.56692913385827" WIDTH="31.496062992125985" VPOS="3000.0" HPOS="1752.755905511811"/>
            <String HEIGHT="64.56692913385827" WIDTH="251.96850393700788" VPOS="3000.0" HPOS="1658.267716535433" CONTENT="«Les" ID="tl_20_3" STYLEREFS="FONT0"/>
            <SP HEIGHT="64.56692913385827" WIDTH="31.496062992125985" VPOS="3000.0" HPOS="1910.236220472441"/>
            <String HEIGHT="64.56692913385827" WIDTH="376.37795275590554" VPOS="3000.0" HPOS="1815.748031496063" CONTENT="ouvrages" ID="tl_20_4" STYLEREFS="FONT0"/>
            <SP HEIGHT="64.56692913385827" WIDTH="31.496062992125985" VPOS="3000.0" HPOS="2192.1259842519685"/>
            <String HEIGHT="64.56692913385827" WIDTH="220.4724409448819" VPOS="3000.0" HPOS="2097.6377952755906" CONTENT="que" ID="tl_20_5" STYLEREFS="FONT0"/>
            <SP HEIGHT="64.56692913385827" WIDTH="31.496062992125985" VPOS="3000.0" HPOS="2318.1102362204724"/>
            <String HEIGHT="64.56692913385827" WIDTH="251.96850393700788" VPOS="3000.0" HPOS="2223.6220472440946" CONTENT="j'ai" ID="tl_20_6" STYLEREFS="FONT0"/>
            <SP HEIGHT="64.56692913385827" WIDTH="31.496062992125985" VPOS="3000.0" HPOS="2475.5905511811025"/>
            <String HEIGHT="64.56692913385827" WIDTH="220.4724409448819" VPOS="3000.0" HPOS="2381.1023622047246" CONTENT="lus" ID="tl_20_7" STYLEREFS="FONT0"/>
            <SP HEIGHT="64.56692913385827" WIDTH="31.496062992125985" VPOS="3000.0" HPOS="2600.0"/>
            <String HEIGHT="64.56692913385827" WIDTH="188.9763779527559" VPOS="3000.0" HPOS="2507.0866141732286" CONTENT="en" ID="tl_20_8" STYLEREFS="FONT0"/>
            <SP HEIGHT="64.56692913385827" WIDTH="31.496062992125985" VPOS="3000.0" HPOS="2694.488188976378"/>
            <String HEIGHT="64.56692913385827" WIDTH="188.9763779527559" VPOS="3000.0" HPOS="2568.503937007874" CONTENT="Amé" SUBS_TYPE="HypPart1" SUBS_CONTENT="Amérique" ID="tl_20_9" STYLEREFS="FONT0"/>
            <HYP CONTENT="-"/>
          </TextLine>
          <TextLine ID="tl_21" BASELINE="1992" HEIGHT="64.56692913385827" WIDTH="1505.5118110236222" VPOS="3072.4409448818897" HPOS="1250.3937007874015">
            <String HEIGHT="64.56692913385827" WIDTH="288.18897637795277" VPOS="3072.4409448818897" HPOS="1218.8976377952756" CONTENT="rique" SUBS_TYPE="HypPart2" SUBS_CONTENT="Amérique" ID="tl_21_1" STYLEREFS="FONT0"/>
            <SP HEIGHT="64.56692913385827" WIDTH="31.496062992125985" VPOS="3072.4409448818897" HPOS="1507.0866141732283"/>
            <String HEIGHT="64.56692913385827" WIDTH="192.1259842519685" VPOS="3072.4409448818897" HPOS="1411.023622047244" CONTENT="me" ID="tl_21_2" STYLEREFS="FONT0"/>
            <SP HEIGHT="64.56692913385827" WIDTH="31.496062992125985" VPOS="3072.4409448818897" HPOS="1603.1496062992126"/>
            <String HEIGHT="64.56692913385827" WIDTH="480.31496062992125" VPOS="3072.4409448818897" HPOS="1507.0866141732283" CONTENT="prévenoient" ID="tl_21_3" STYLEREFS="FONT0"/>
            <SP HEIGHT="64.56692913385827" WIDTH="31.496062992125985" VPOS="3072.4409448818897" HPOS="1987.4015748031495"/>
            <String HEIGHT="64.56692913385827" WIDTH="288.18897637795277" VPOS="3072.4409448818897" HPOS="1891.3385826771653" CONTENT="assez" ID="tl_21_4" STYLEREFS="FONT0"/>
            <SP HEIGHT="64.56692913385827" WIDTH="31.496062992125985" VPOS="3072.4409448818897" HPOS="2179.527559055118"/>
            <String HEIGHT="64.56692913385827" WIDTH="192.1259842519685" VPOS="3072.4409448818897" HPOS="2083.464566929134" CONTENT="en" ID="tl_21_5" STYLEREFS="FONT0"/>
            <SP HEIGHT="64.56692913385827" WIDTH="31.496062992125985" VPOS="3072.4409448818897" HPOS="2275.5905511811025"/>
            <String HEIGHT="64.56692913385827" WIDTH="192.1259842519685" VPOS="3072.4409448818897" HPOS="2179.527559055118" CONTENT="sa" ID="tl_21_6" STYLEREFS="FONT0"/>
            <SP HEIGHT="64.56692913385827" WIDTH="31.496062992125985" VPOS="3072.4409448818897" HPOS="2371.6535433070867"/>
            <String HEIGHT="64.56692913385827" WIDTH="319.68503937007875" VPOS="3072.4409448818897" HPOS="2275.5905511811025" CONTENT="faveur" ID="tl_21_7" STYLEREFS="FONT0"/>
            <SP HEIGHT="64.56692913385827" WIDTH="31.496062992125985" VPOS="3072.4409448818897" HPOS="2595.2755905511813"/>
            <String HEIGHT="64.56692913385827" WIDTH="256.6929133858268" VPOS="3072.4409448818897" HPOS="2499.212598425197" CONTENT="pour" ID="tl_21_8" STYLEREFS="FONT0"/>
            <SP HEIGHT="64.56692913385827" WIDTH="31.496062992125985" VPOS="3072.4409448818897" HPOS="2755.9055118110236"/>
            <String HEIGHT="64.56692913385827" WIDTH="127.55905511811024" VPOS="3072.4409448818897" HPOS="2628.3464566929133" CONTENT="me" ID="tl_21_9" STYLEREFS="FONT0"/>
          </TextLine>
          <TextLine ID="tl_22" BASELINE="2030" HEIGHT="59.84251968503937" WIDTH="1507.0866141732283" VPOS="3137.0078740157483" HPOS="1248.8188976377953">
            <String HEIGHT="59.84251968503937" WIDTH="289.76377952755905" VPOS="3137.0078740157483" HPOS="1220.4724409448818" CONTENT="donner" ID="tl_22_1" STYLEREFS="FONT0"/>
            <SP HEIGHT="59.84251968503937" WIDTH="28.346456692913385" VPOS="3137.0078740157483" HPOS="1510.236220472441"/>
            <String HEIGHT="59.84251968503937" WIDTH="173.22834645669292" VPOS="3137.0078740157483" HPOS="1422.0472440944882" CONTENT="le" ID="tl_22_2" STYLEREFS="FONT0"/>
            <SP HEIGHT="59.84251968503937" WIDTH="28.346456692913385" VPOS="3137.0078740157483" HPOS="1596.8503937007874"/>
            <String HEIGHT="59.84251968503937" WIDTH="261.4173228346457" VPOS="3137.0078740157483" HPOS="1510.236220472441" CONTENT="désir" ID="tl_22_3" STYLEREFS="FONT0"/>
            <SP HEIGHT="59.84251968503937" WIDTH="28.346456692913385" VPOS="3137.0078740157483" HPOS="1770.0787401574803"/>
            <String HEIGHT="59.84251968503937" WIDTH="173.22834645669292" VPOS="3137.0078740157483" HPOS="1683.4645669291338" CONTENT="de" ID="tl_22_4" STYLEREFS="FONT0"/>
            <SP HEIGHT="59.84251968503937" WIDTH="28.346456692913385" VPOS="3137.0078740157483" HPOS="1856.6929133858268"/>
            <String HEIGHT="59.84251968503937" WIDTH="173.22834645669292" VPOS="3137.0078740157483" HPOS="1770.0787401574803" CONTENT="le" ID="tl_22_5" STYLEREFS="FONT0"/>
            <SP HEIGHT="59.84251968503937" WIDTH="28.346456692913385" VPOS="3137.0078740157483" HPOS="1944.8818897637796"/>
            <String HEIGHT="59.84251968503937" WIDTH="231.49606299212599" VPOS="3137.0078740157483" HPOS="1856.6929133858268" CONTENT="voir" ID="tl_22_6" STYLEREFS="FONT0"/>
            <SP HEIGHT="59.84251968503937" WIDTH="28.346456692913385" VPOS="3137.0078740157483" HPOS="2089.763779527559"/>
            <String HEIGHT="59.84251968503937" WIDTH="376.37795275590554" VPOS="3137.0078740157483" HPOS="2003.1496062992126" CONTENT="longtems," ID="tl_22_7" STYLEREFS="FONT0"/>
            <SP HEIGHT="59.84251968503937" WIDTH="28.346456692913385" VPOS="3137.0078740157483" HPOS="2379.527559055118"/>
            <String HEIGHT="59.84251968503937" WIDTH="231.49606299212599" VPOS="3137.0078740157483" HPOS="2292.9133858267714" CONTENT="mais" ID="tl_22_8" STYLEREFS="FONT0"/>
            <SP HEIGHT="59.84251968503937" WIDTH="28.346456692913385" VPOS="3137.0078740157483" HPOS="2524.4094488188975"/>
            <String HEIGHT="59.84251968503937" WIDTH="261.4173228346457" VPOS="3137.0078740157483" HPOS="2437.7952755905512" CONTENT="notre" ID="tl_22_9" STYLEREFS="FONT0"/>
            <SP HEIGHT="59.84251968503937" WIDTH="28.346456692913385" VPOS="3137.0078740157483" HPOS="2697.6377952755906"/>
            <String HEIGHT="59.84251968503937" WIDTH="173.22834645669292" VPOS="3137.0078740157483" HPOS="2582.6771653543306" CONTENT="con" SUBS_TYPE="HypPart1" SUBS_CONTENT="conversation" ID="tl_22_10" STYLEREFS="FONT0"/>
            <HYP CONTENT="-"/>
          </TextLine>
          <TextLine ID="tl_23" BASELINE="2074" HEIGHT="62.99212598425197" WIDTH="1507.0866141732283" VPOS="3203.149606299213" HPOS="1245.6692913385828">
            <String HEIGHT="62.99212598425197" WIDTH="370.0787401574803" VPOS="3203.149606299213" HPOS="1217.3228346456692" CONTENT="versation" SUBS_TYPE="HypPart2" SUBS_CONTENT="conversation" ID="tl_23_1" STYLEREFS="FONT0"/>
            <SP HEIGHT="62.99212598425197" WIDTH="28.346456692913385" VPOS="3203.149606299213" HPOS="1587.4015748031495"/>
            <String HEIGHT="62.99212598425197" WIDTH="198.4251968503937" VPOS="3203.149606299213" HPOS="1502.3622047244094" CONTENT="n’a" ID="tl_23_2" STYLEREFS="FONT0"/>
            <SP HEIGHT="62.99212598425197" WIDTH="28.346456692913385" VPOS="3203.149606299213" HPOS="1700.7874015748032"/>
            <String HEIGHT="62.99212598425197" WIDTH="198.4251968503937" VPOS="3203.149606299213" HPOS="1615.748031496063" CONTENT="pas" ID="tl_23_3" STYLEREFS="FONT0"/>
            <SP HEIGHT="62.99212598425197" WIDTH="28.346456692913385" VPOS="3203.149606299213" HPOS="1814.1732283464567"/>
            <String HEIGHT="62.99212598425197" WIDTH="198.4251968503937" VPOS="3203.149606299213" HPOS="1729.1338582677165" CONTENT="été" ID="tl_23_4" STYLEREFS="FONT0"/>
            <SP HEIGHT="62.99212598425197" WIDTH="28.346456692913385" VPOS="3203.149606299213" HPOS="1927.5590551181103"/>
            <String HEIGHT="62.99212598425197" WIDTH="313.38582677165357" VPOS="3203.149606299213" HPOS="1842.5196850393702" CONTENT="longue;" ID="tl_23_5" STYLEREFS="FONT0"/>
            <SP HEIGHT="62.99212598425197" WIDTH="28.346456692913385" VPOS="3203.149606299213" HPOS="2155.9055118110236"/>
            <String HEIGHT="62.99212598425197" WIDTH="170.07874015748033" VPOS="3203.149606299213" HPOS="2070.8661417322833" CONTENT="sa" ID="tl_23_6" STYLEREFS="FONT0"/>
            <SP HEIGHT="62.99212598425197" WIDTH="28.346456692913385" VPOS="3203.149606299213" HPOS="2240.9448818897636"/>
            <String HEIGHT="62.99212598425197" WIDTH="285.03937007874015" VPOS="3203.149606299213" HPOS="2155.9055118110236" CONTENT="visite" ID="tl_23_7" STYLEREFS="FONT0"/>
            <SP HEIGHT="62.99212598425197" WIDTH="28.346456692913385" VPOS="3203.149606299213" HPOS="2439.3700787401576"/>
            <String HEIGHT="62.99212598425197" WIDTH="141.73228346456693" VPOS="3203.149606299213" HPOS="2354.3307086614172" CONTENT="a" ID="tl_23_8" STYLEREFS="FONT0"/>
            <SP HEIGHT="62.99212598425197" WIDTH="28.346456692913385" VPOS="3203.149606299213" HPOS="2496.0629921259842"/>
            <String HEIGHT="62.99212598425197" WIDTH="198.4251968503937" VPOS="3203.149606299213" HPOS="2411.0236220472443" CONTENT="été" ID="tl_23_9" STYLEREFS="FONT0"/>
            <SP HEIGHT="62.99212598425197" WIDTH="28.346456692913385" VPOS="3203.149606299213" HPOS="2611.0236220472443"/>
            <String HEIGHT="62.99212598425197" WIDTH="256.6929133858268" VPOS="3203.149606299213" HPOS="2496.0629921259842" CONTENT="courte," ID="tl_23_10" STYLEREFS="FONT0"/>
          </TextLine>
          <TextLine ID="tl_24" BASELINE="2116" HEIGHT="61.41732283464567" WIDTH="1500.7874015748032" VPOS="3270.8661417322833" HPOS="1247.244094488189">
            <String HEIGHT="61.41732283464567" WIDTH="173.22834645669292" VPOS="3270.8661417322833" HPOS="1218.8976377952756" CONTENT="et" ID="tl_24_1" STYLEREFS="FONT0"/>
            <SP HEIGHT="61.41732283464567" WIDTH="28.346456692913385" VPOS="3270.8661417322833" HPOS="1392.1259842519685"/>
            <String HEIGHT="61.41732283464567" WIDTH="173.22834645669292" VPOS="3270.8661417322833" HPOS="1305.5118110236222" CONTENT="il" ID="tl_24_2" STYLEREFS="FONT0"/>
            <SP HEIGHT="61.41732283464567" WIDTH="28.346456692913385" VPOS="3270.8661417322833" HPOS="1478.740157480315"/>
            <String HEIGHT="61.41732283464567" WIDTH="173.22834645669292" VPOS="3270.8661417322833" HPOS="1392.1259842519685" CONTENT="ne" ID="tl_24_3" STYLEREFS="FONT0"/>
            <SP HEIGHT="61.41732283464567" WIDTH="28.346456692913385" VPOS="3270.8661417322833" HPOS="1565.3543307086613"/>
            <String HEIGHT="61.41732283464567" WIDTH="201.5748031496063" VPOS="3270.8661417322833" HPOS="1478.740157480315" CONTENT="m’a" ID="tl_24_4" STYLEREFS="FONT0"/>
            <SP HEIGHT="61.41732283464567" WIDTH="28.346456692913385" VPOS="3270.8661417322833" HPOS="1680.3149606299212"/>
            <String HEIGHT="61.41732283464567" WIDTH="201.5748031496063" VPOS="3270.8661417322833" HPOS="1593.7007874015749" CONTENT="pas" ID="tl_24_5" STYLEREFS="FONT0"/>
            <SP HEIGHT="61.41732283464567" WIDTH="28.346456692913385" VPOS="3270.8661417322833" HPOS="1795.275590551181"/>
            <String HEIGHT="61.41732283464567" WIDTH="259.84251968503935" VPOS="3270.8661417322833" HPOS="1708.6614173228347" CONTENT="donné" ID="tl_24_6" STYLEREFS="FONT0"/>
            <SP HEIGHT="61.41732283464567" WIDTH="28.346456692913385" VPOS="3270.8661417322833" HPOS="1968.5039370078741"/>
            <String HEIGHT="61.41732283464567" WIDTH="173.22834645669292" VPOS="3270.8661417322833" HPOS="1881.8897637795276" CONTENT="le" ID="tl_24_7" STYLEREFS="FONT0"/>
            <SP HEIGHT="61.41732283464567" WIDTH="28.346456692913385" VPOS="3270.8661417322833" HPOS="2055.1181102362207"/>
            <String HEIGHT="61.41732283464567" WIDTH="259.84251968503935" VPOS="3270.8661417322833" HPOS="1968.5039370078741" CONTENT="moien" ID="tl_24_8" STYLEREFS="FONT0"/>
            <SP HEIGHT="61.41732283464567" WIDTH="28.346456692913385" VPOS="3270.8661417322833" HPOS="2228.3464566929133"/>
            <String HEIGHT="61.41732283464567" WIDTH="173.22834645669292" VPOS="3270.8661417322833" HPOS="2141.732283464567" CONTENT="de" ID="tl_24_9" STYLEREFS="FONT0"/>
            <SP HEIGHT="61.41732283464567" WIDTH="28.346456692913385" VPOS="3270.8661417322833" HPOS="2314.9606299212596"/>
            <String HEIGHT="61.41732283464567" WIDTH="173.22834645669292" VPOS="3270.8661417322833" HPOS="2228.3464566929133" CONTENT="le" ID="tl_24_10" STYLEREFS="FONT0"/>
            <SP HEIGHT="61.41732283464567" WIDTH="28.346456692913385" VPOS="3270.8661417322833" HPOS="2401.5748031496064"/>
            <String HEIGHT="61.41732283464567" WIDTH="288.18897637795277" VPOS="3270.8661417322833" HPOS="2314.9606299212596" CONTENT="revoir" ID="tl_24_11" STYLEREFS="FONT0"/>
            <SP HEIGHT="61.41732283464567" WIDTH="28.346456692913385" VPOS="3270.8661417322833" HPOS="2603.149606299213"/>
            <String HEIGHT="61.41732283464567" WIDTH="259.84251968503935" VPOS="3270.8661417322833" HPOS="2488.1889763779527" CONTENT="encore." ID="tl_24_12" STYLEREFS="FONT0"/>
          </TextLine>
        </TextBlock>
        <TextBlock ID="r_6_9" HEIGHT="267.7165354330709" WIDTH="1511.8110236220473" VPOS="3335.433070866142" HPOS="1240.9448818897638">
          <TextLine ID="tl_25" BASELINE="2157" HEIGHT="59.84251968503937" WIDTH="1505.5118110236222" VPOS="3337.0078740157483" HPOS="1245.6692913385828">
            <String HEIGHT="59.84251968503937" WIDTH="163.7795275590551" VPOS="3337.0078740157483" HPOS="1218.8976377952756" CONTENT="Il" ID="tl_25_1" STYLEREFS="FONT0"/>
            <SP HEIGHT="59.84251968503937" WIDTH="26.771653543307085" VPOS="3337.0078740157483" HPOS="1382.6771653543308"/>
            <String HEIGHT="59.84251968503937" WIDTH="245.66929133858267" VPOS="3337.0078740157483" HPOS="1300.7874015748032" CONTENT="s'est" ID="tl_25_2" STYLEREFS="FONT0"/>
            <SP HEIGHT="59.84251968503937" WIDTH="26.771653543307085" VPOS="3337.0078740157483" HPOS="1546.4566929133857"/>
            <String HEIGHT="59.84251968503937" WIDTH="274.01574803149606" VPOS="3337.0078740157483" HPOS="1464.5669291338584" CONTENT="refusé" ID="tl_25_3" STYLEREFS="FONT0"/>
            <SP HEIGHT="59.84251968503937" WIDTH="26.771653543307085" VPOS="3337.0078740157483" HPOS="1738.5826771653544"/>
            <String HEIGHT="59.84251968503937" WIDTH="192.1259842519685" VPOS="3337.0078740157483" HPOS="1656.6929133858268" CONTENT="aux" ID="tl_25_4" STYLEREFS="FONT0"/>
            <SP HEIGHT="59.84251968503937" WIDTH="26.771653543307085" VPOS="3337.0078740157483" HPOS="1847.244094488189"/>
            <String HEIGHT="59.84251968503937" WIDTH="411.0236220472441" VPOS="3337.0078740157483" HPOS="1765.3543307086613" CONTENT="invitations" ID="tl_25_5" STYLEREFS="FONT0"/>
            <SP HEIGHT="59.84251968503937" WIDTH="26.771653543307085" VPOS="3337.0078740157483" HPOS="2176.3779527559054"/>
            <String HEIGHT="59.84251968503937" WIDTH="192.1259842519685" VPOS="3337.0078740157483" HPOS="2094.488188976378" CONTENT="que" ID="tl_25_6" STYLEREFS="FONT0"/>
            <SP HEIGHT="59.84251968503937" WIDTH="26.771653543307085" VPOS="3337.0078740157483" HPOS="2286.6141732283463"/>
            <String HEIGHT="59.84251968503937" WIDTH="163.7795275590551" VPOS="3337.0078740157483" HPOS="2203.149606299213" CONTENT="je" ID="tl_25_7" STYLEREFS="FONT0"/>
            <SP HEIGHT="59.84251968503937" WIDTH="26.771653543307085" VPOS="3337.0078740157483" HPOS="2368.503937007874"/>
            <String HEIGHT="59.84251968503937" WIDTH="192.1259842519685" VPOS="3337.0078740157483" HPOS="2286.6141732283463" CONTENT="lui" ID="tl_25_8" STYLEREFS="FONT0"/>
            <SP HEIGHT="59.84251968503937" WIDTH="26.771653543307085" VPOS="3337.0078740157483" HPOS="2477.165354330709"/>
            <String HEIGHT="59.84251968503937" WIDTH="163.7795275590551" VPOS="3337.0078740157483" HPOS="2395.2755905511813" CONTENT="ai" ID="tl_25_9" STYLEREFS="FONT0"/>
            <SP HEIGHT="59.84251968503937" WIDTH="26.771653543307085" VPOS="3337.0078740157483" HPOS="2559.0551181102364"/>
            <String HEIGHT="59.84251968503937" WIDTH="274.01574803149606" VPOS="3337.0078740157483" HPOS="2477.165354330709" CONTENT="faites" ID="tl_25_10" STYLEREFS="FONT0"/>
            <SP HEIGHT="59.84251968503937" WIDTH="26.771653543307085" VPOS="3337.0078740157483" HPOS="2751.181102362205"/>
            <String HEIGHT="59.84251968503937" WIDTH="110.23622047244095" VPOS="3337.0078740157483" HPOS="2640.9448818897636" CONTENT="de" ID="tl_25_11" STYLEREFS="FONT0"/>
          </TextLine>
          <TextLine ID="tl_26" BASELINE="2201" HEIGHT="61.41732283464567" WIDTH="1503.9370078740158" VPOS="3404.7244094488187" HPOS="1244.0944881889764">
            <String HEIGHT="61.41732283464567" WIDTH="281.8897637795276" VPOS="3404.7244094488187" HPOS="1212.5984251968505" CONTENT="venir" ID="tl_26_1" STYLEREFS="FONT0"/>
            <SP HEIGHT="61.41732283464567" WIDTH="31.496062992125985" VPOS="3404.7244094488187" HPOS="1494.4881889763778"/>
            <String HEIGHT="61.41732283464567" WIDTH="281.8897637795276" VPOS="3404.7244094488187" HPOS="1400.0" CONTENT="diner" ID="tl_26_2" STYLEREFS="FONT0"/>
            <SP HEIGHT="61.41732283464567" WIDTH="31.496062992125985" VPOS="3404.7244094488187" HPOS="1683.4645669291338"/>
            <String HEIGHT="61.41732283464567" WIDTH="250.39370078740157" VPOS="3404.7244094488187" HPOS="1588.976377952756" CONTENT="avec" ID="tl_26_3" STYLEREFS="FONT0"/>
            <SP HEIGHT="61.41732283464567" WIDTH="31.496062992125985" VPOS="3404.7244094488187" HPOS="1839.3700787401574"/>
            <String HEIGHT="61.41732283464567" WIDTH="218.89763779527559" VPOS="3404.7244094488187" HPOS="1744.8818897637796" CONTENT="moi" ID="tl_26_4" STYLEREFS="FONT0"/>
            <SP HEIGHT="61.41732283464567" WIDTH="31.496062992125985" VPOS="3404.7244094488187" HPOS="1965.3543307086613"/>
            <String HEIGHT="61.41732283464567" WIDTH="187.4015748031496" VPOS="3404.7244094488187" HPOS="1870.8661417322835" CONTENT="et" ID="tl_26_5" STYLEREFS="FONT0"/>
            <SP HEIGHT="61.41732283464567" WIDTH="31.496062992125985" VPOS="3404.7244094488187" HPOS="2058.267716535433"/>
            <String HEIGHT="61.41732283464567" WIDTH="187.4015748031496" VPOS="3404.7244094488187" HPOS="1965.3543307086613" CONTENT="je" ID="tl_26_6" STYLEREFS="FONT0"/>
            <SP HEIGHT="61.41732283464567" WIDTH="31.496062992125985" VPOS="3404.7244094488187" HPOS="2152.755905511811"/>
            <String HEIGHT="61.41732283464567" WIDTH="187.4015748031496" VPOS="3404.7244094488187" HPOS="2058.267716535433" CONTENT="ne" ID="tl_26_7" STYLEREFS="FONT0"/>
            <SP HEIGHT="61.41732283464567" WIDTH="31.496062992125985" VPOS="3404.7244094488187" HPOS="2247.244094488189"/>
            <String HEIGHT="61.41732283464567" WIDTH="250.39370078740157" VPOS="3404.7244094488187" HPOS="2152.755905511811" CONTENT="dois" ID="tl_26_8" STYLEREFS="FONT0"/>
            <SP HEIGHT="61.41732283464567" WIDTH="31.496062992125985" VPOS="3404.7244094488187" HPOS="2403.149606299213"/>
            <String HEIGHT="61.41732283464567" WIDTH="187.4015748031496" VPOS="3404.7244094488187" HPOS="2308.6614173228345" CONTENT="le" ID="tl_26_9" STYLEREFS="FONT0"/>
            <SP HEIGHT="61.41732283464567" WIDTH="31.496062992125985" VPOS="3404.7244094488187" HPOS="2497.6377952755906"/>
            <String HEIGHT="61.41732283464567" WIDTH="250.39370078740157" VPOS="3404.7244094488187" HPOS="2403.149606299213" CONTENT="voir" ID="tl_26_10" STYLEREFS="FONT0"/>
            <SP HEIGHT="61.41732283464567" WIDTH="31.496062992125985" VPOS="3404.7244094488187" HPOS="2653.5433070866143"/>
            <String HEIGHT="61.41732283464567" WIDTH="218.89763779527559" VPOS="3404.7244094488187" HPOS="2529.1338582677167" CONTENT="qu’un" ID="tl_26_11" STYLEREFS="FONT0"/>
          </TextLine>
          <TextLine ID="tl_27" BASELINE="2243" HEIGHT="59.84251968503937" WIDTH="1502.3622047244094" VPOS="3472.4409448818897" HPOS="1244.0944881889764">
            <String HEIGHT="59.84251968503937" WIDTH="300.78740157480314" VPOS="3472.4409448818897" HPOS="1214.1732283464567" CONTENT="moment" ID="tl_27_1" STYLEREFS="FONT0"/>
            <SP HEIGHT="59.84251968503937" WIDTH="29.921259842519685" VPOS="3472.4409448818897" HPOS="1514.9606299212599"/>
            <String HEIGHT="59.84251968503937" WIDTH="450.3937007874016" VPOS="3472.4409448818897" HPOS="1423.6220472440946" CONTENT="aujourd’hui" ID="tl_27_2" STYLEREFS="FONT0"/>
            <SP HEIGHT="59.84251968503937" WIDTH="29.921259842519685" VPOS="3472.4409448818897" HPOS="1875.5905511811025"/>
            <String HEIGHT="59.84251968503937" WIDTH="240.9448818897638" VPOS="3472.4409448818897" HPOS="1784.251968503937" CONTENT="pour" ID="tl_27_3" STYLEREFS="FONT0"/>
            <SP HEIGHT="59.84251968503937" WIDTH="29.921259842519685" VPOS="3472.4409448818897" HPOS="2025.1968503937007"/>
            <String HEIGHT="59.84251968503937" WIDTH="211.0236220472441" VPOS="3472.4409448818897" HPOS="1935.4330708661416" CONTENT="lui" ID="tl_27_4" STYLEREFS="FONT0"/>
            <SP HEIGHT="59.84251968503937" WIDTH="29.921259842519685" VPOS="3472.4409448818897" HPOS="2144.8818897637793"/>
            <String HEIGHT="59.84251968503937" WIDTH="360.62992125984255" VPOS="3472.4409448818897" HPOS="2055.1181102362207" CONTENT="remettre" ID="tl_27_5" STYLEREFS="FONT0"/>
            <SP HEIGHT="59.84251968503937" WIDTH="29.921259842519685" VPOS="3472.4409448818897" HPOS="2415.748031496063"/>
            <String HEIGHT="59.84251968503937" WIDTH="270.86614173228344" VPOS="3472.4409448818897" HPOS="2325.984251968504" CONTENT="cette" ID="tl_27_6" STYLEREFS="FONT0"/>
            <SP HEIGHT="59.84251968503937" WIDTH="29.921259842519685" VPOS="3472.4409448818897" HPOS="2596.850393700787"/>
            <String HEIGHT="59.84251968503937" WIDTH="270.86614173228344" VPOS="3472.4409448818897" HPOS="2475.5905511811025" CONTENT="lettre," ID="tl_27_7" STYLEREFS="FONT0"/>
          </TextLine>
          <TextLine ID="tl_28" BASELINE="2287" HEIGHT="62.99212598425197" WIDTH="1415.748031496063" VPOS="3538.582677165354" HPOS="1242.5196850393702">
            <String HEIGHT="62.99212598425197" WIDTH="270.86614173228344" VPOS="3538.582677165354" HPOS="1212.5984251968505" CONTENT="qu’il" ID="tl_28_1" STYLEREFS="FONT0"/>
            <SP HEIGHT="62.99212598425197" WIDTH="29.921259842519685" VPOS="3538.582677165354" HPOS="1483.4645669291338"/>
            <String HEIGHT="62.99212598425197" WIDTH="240.9448818897638" VPOS="3538.582677165354" HPOS="1393.7007874015749" CONTENT="veut" ID="tl_28_2" STYLEREFS="FONT0"/>
            <SP HEIGHT="62.99212598425197" WIDTH="29.921259842519685" VPOS="3538.582677165354" HPOS="1634.6456692913387"/>
            <String HEIGHT="62.99212598425197" WIDTH="422.0472440944882" VPOS="3538.582677165354" HPOS="1543.3070866141732" CONTENT="absolument" ID="tl_28_3" STYLEREFS="FONT0"/>
            <SP HEIGHT="62.99212598425197" WIDTH="29.921259842519685" VPOS="3538.582677165354" HPOS="1965.3543307086613"/>
            <String HEIGHT="62.99212598425197" WIDTH="270.86614173228344" VPOS="3538.582677165354" HPOS="1875.5905511811025" CONTENT="venir" ID="tl_28_4" STYLEREFS="FONT0"/>
            <SP HEIGHT="62.99212598425197" WIDTH="29.921259842519685" VPOS="3538.582677165354" HPOS="2146.4566929133857"/>
            <String HEIGHT="62.99212598425197" WIDTH="362.20472440944883" VPOS="3538.582677165354" HPOS="2055.1181102362207" CONTENT="chercher" ID="tl_28_5" STYLEREFS="FONT0"/>
            <SP HEIGHT="62.99212598425197" WIDTH="29.921259842519685" VPOS="3538.582677165354" HPOS="2417.3228346456694"/>
            <String HEIGHT="62.99212598425197" WIDTH="362.20472440944883" VPOS="3538.582677165354" HPOS="2296.0629921259842" CONTENT="lui" ID="tl_28_6" STYLEREFS="FONT0"/>
          </TextLine>
        </TextBlock>
        <TextBlock ID="r_6_10" HEIGHT="211.0236220472441" WIDTH="3518.1102362204724" VPOS="3656.6929133858266" HPOS="1240.9448818897638">
          <TextLine ID="tl_29" BASELINE="2392" HEIGHT="108.66141732283465" WIDTH="3513.3858267716537" VPOS="3658.267716535433" HPOS="1244.0944881889764">
            <String HEIGHT="108.66141732283465" WIDTH="384.251968503937" VPOS="3658.267716535433" HPOS="1195.275590551181" CONTENT="★57★" ID="tl_29_1" STYLEREFS="FONT0"/>
            <SP HEIGHT="108.66141732283465" WIDTH="48.818897637795274" VPOS="3658.267716535433" HPOS="1581.1023622047244"/>
            <String HEIGHT="108.66141732283465" WIDTH="577.9527559055118" VPOS="3658.267716535433" HPOS="1436.2204724409448" CONTENT="ALPHONSE" ID="tl_29_2" STYLEREFS="FONT0"/>
            <SP HEIGHT="108.66141732283465" WIDTH="48.818897637795274" VPOS="3658.267716535433" HPOS="2014.1732283464567"/>
            <String HEIGHT="108.66141732283465" WIDTH="384.251968503937" VPOS="3658.267716535433" HPOS="1869.291338582677" CONTENT="XII," ID="tl_29_3" STYLEREFS="FONT0"/>
            <SP HEIGHT="108.66141732283465" WIDTH="48.818897637795274" VPOS="3658.267716535433" HPOS="2255.1181102362207"/>
            <String HEIGHT="108.66141732283465" WIDTH="288.18897637795277" VPOS="3658.267716535433" HPOS="2110.236220472441" CONTENT="n." ID="tl_29_4" STYLEREFS="FONT0"/>
            <SP HEIGHT="108.66141732283465" WIDTH="48.818897637795274" VPOS="3658.267716535433" HPOS="2398.4251968503936"/>
            <String HEIGHT="108.66141732283465" WIDTH="288.18897637795277" VPOS="3658.267716535433" HPOS="2255.1181102362207" CONTENT="28" ID="tl_29_5" STYLEREFS="FONT0"/>
            <SP HEIGHT="108.66141732283465" WIDTH="48.818897637795274" VPOS="3658.267716535433" HPOS="2543.3070866141734"/>
            <String HEIGHT="108.66141732283465" WIDTH="577.9527559055118" VPOS="3658.267716535433" HPOS="2398.4251968503936" CONTENT="novembre" ID="tl_29_6" STYLEREFS="FONT0"/>
            <SP HEIGHT="108.66141732283465" WIDTH="48.818897637795274" VPOS="3658.267716535433" HPOS="2976.3779527559054"/>
            <String HEIGHT="108.66141732283465" WIDTH="433.07086614173227" VPOS="3658.267716535433" HPOS="2833.0708661417325" CONTENT="1857," ID="tl_29_7" STYLEREFS="FONT0"/>
            <SP HEIGHT="108.66141732283465" WIDTH="48.818897637795274" VPOS="3658.267716535433" HPOS="3266.1417322834645"/>
            <String HEIGHT="108.66141732283465" WIDTH="384.251968503937" VPOS="3658.267716535433" HPOS="3121.259842519685" CONTENT="fils" ID="tl_29_8" STYLEREFS="FONT0"/>
            <SP HEIGHT="108.66141732283465" WIDTH="48.818897637795274" VPOS="3658.267716535433" HPOS="3505.511811023622"/>
            <String HEIGHT="108.66141732283465" WIDTH="288.18897637795277" VPOS="3658.267716535433" HPOS="3362.2047244094488" CONTENT="de" ID="tl_29_9" STYLEREFS="FONT0"/>
            <SP HEIGHT="108.66141732283465" WIDTH="48.818897637795274" VPOS="3658.267716535433" HPOS="3650.3937007874015"/>
            <String HEIGHT="108.66141732283465" WIDTH="288.18897637795277" VPOS="3658.267716535433" HPOS="3505.511811023622" CONTENT="la" ID="tl_29_10" STYLEREFS="FONT0"/>
            <SP HEIGHT="108.66141732283465" WIDTH="48.818897637795274" VPOS="3658.267716535433" HPOS="3795.2755905511813"/>
            <String HEIGHT="108.66141732283465" WIDTH="433.07086614173227" VPOS="3658.267716535433" HPOS="3650.3937007874015" CONTENT="reine" ID="tl_29_11" STYLEREFS="FONT0"/>
            <SP HEIGHT="108.66141732283465" WIDTH="48.818897637795274" VPOS="3658.267716535433" HPOS="4083.464566929134"/>
            <String HEIGHT="108.66141732283465" WIDTH="577.9527559055118" VPOS="3658.267716535433" HPOS="3938.582677165354" CONTENT="Isabelle" ID="tl_29_12" STYLEREFS="FONT0"/>
            <SP HEIGHT="108.66141732283465" WIDTH="48.818897637795274" VPOS="3658.267716535433" HPOS="4516.535433070866"/>
            <String HEIGHT="108.66141732283465" WIDTH="337.00787401574803" VPOS="3658.267716535433" HPOS="4373.228346456693" CONTENT="II," ID="tl_29_13" STYLEREFS="FONT0"/>
            <SP HEIGHT="108.66141732283465" WIDTH="48.818897637795274" VPOS="3658.267716535433" HPOS="4708.6614173228345"/>
            <String HEIGHT="108.66141732283465" WIDTH="240.9448818897638" VPOS="3658.267716535433" HPOS="4516.535433070866" CONTENT="roi" ID="tl_29_14" STYLEREFS="FONT0"/>
          </TextLine>
          <TextLine ID="tl_30" BASELINE="2455" HEIGHT="97.63779527559055" WIDTH="1286.6141732283465" VPOS="3768.503937007874" HPOS="1242.5196850393702">
            <String HEIGHT="97.63779527559055" WIDTH="576.3779527559055" VPOS="3768.503937007874" HPOS="1198.4251968503936" CONTENT="d’Espagne" ID="tl_30_1" STYLEREFS="FONT0"/>
            <SP HEIGHT="97.63779527559055" WIDTH="44.09448818897638" VPOS="3768.503937007874" HPOS="1774.8031496062993"/>
            <String HEIGHT="97.63779527559055" WIDTH="310.23622047244095" VPOS="3768.503937007874" HPOS="1642.5196850393702" CONTENT="(29" ID="tl_30_2" STYLEREFS="FONT0"/>
            <SP HEIGHT="97.63779527559055" WIDTH="44.09448818897638" VPOS="3768.503937007874" HPOS="1952.755905511811"/>
            <String HEIGHT="97.63779527559055" WIDTH="532.2834645669292" VPOS="3768.503937007874" HPOS="1818.8976377952756" CONTENT="décembre" ID="tl_30_3" STYLEREFS="FONT0"/>
            <SP HEIGHT="97.63779527559055" WIDTH="44.09448818897638" VPOS="3768.503937007874" HPOS="2351.181102362205"/>
            <String HEIGHT="97.63779527559055" WIDTH="354.3307086614173" VPOS="3768.503937007874" HPOS="2174.803149606299" CONTENT="1874.)" ID="tl_30_4" STYLEREFS="FONT0"/>
          </TextLine>
        </TextBlock>
        <TextBlock ID="r_6_11" HEIGHT="253.54330708661416" WIDTH="1431.4960629921259" VPOS="3897.6377952755906" HPOS="1237.7952755905512">
          <TextLine ID="tl_31" BASELINE="2525" HEIGHT="77.16535433070867" WIDTH="1348.0314960629921" VPOS="3899.212598425197" HPOS="1319.6850393700788">
            <String HEIGHT="77.16535433070867" WIDTH="245.66929133858267" VPOS="3899.212598425197" HPOS="1278.740157480315" CONTENT="L." ID="tl_31_1" STYLEREFS="FONT0"/>
            <SP HEIGHT="77.16535433070867" WIDTH="40.94488188976378" VPOS="3899.212598425197" HPOS="1524.4094488188975"/>
            <String HEIGHT="77.16535433070867" WIDTH="245.66929133858267" VPOS="3899.212598425197" HPOS="1401.5748031496064" CONTENT="S." ID="tl_31_2" STYLEREFS="FONT0"/>
            <SP HEIGHT="77.16535433070867" WIDTH="40.94488188976378" VPOS="3899.212598425197" HPOS="1647.244094488189"/>
            <String HEIGHT="77.16535433070867" WIDTH="245.66929133858267" VPOS="3899.212598425197" HPOS="1524.4094488188975" CONTENT="au" ID="tl_31_3" STYLEREFS="FONT0"/>
            <SP HEIGHT="77.16535433070867" WIDTH="40.94488188976378" VPOS="3899.212598425197" HPOS="1768.5039370078741"/>
            <String HEIGHT="77.16535433070867" WIDTH="489.76377952755905" VPOS="3899.212598425197" HPOS="1647.244094488189" CONTENT="cardinal" ID="tl_31_4" STYLEREFS="FONT0"/>
            <SP HEIGHT="77.16535433070867" WIDTH="40.94488188976378" VPOS="3899.212598425197" HPOS="2137.0078740157483"/>
            <String HEIGHT="77.16535433070867" WIDTH="489.76377952755905" VPOS="3899.212598425197" HPOS="2014.1732283464567" CONTENT="Caverot," ID="tl_31_5" STYLEREFS="FONT0"/>
            <SP HEIGHT="77.16535433070867" WIDTH="40.94488188976378" VPOS="3899.212598425197" HPOS="2503.9370078740158"/>
            <String HEIGHT="77.16535433070867" WIDTH="327.5590551181102" VPOS="3899.212598425197" HPOS="2340.1574803149606" CONTENT="arche" SUBS_TYPE="HypPart1" SUBS_CONTENT="archevêque" ID="tl_31_6" STYLEREFS="FONT0"/>
            <HYP CONTENT="-"/>
          </TextLine>
          <TextLine ID="tl_32" BASELINE="2582" HEIGHT="81.88976377952756" WIDTH="1426.7716535433071" VPOS="3984.251968503937" HPOS="1239.3700787401574">
            <String HEIGHT="81.88976377952756" WIDTH="377.9527559055118" VPOS="3984.251968503937" HPOS="1196.8503937007874" CONTENT="vêque" SUBS_TYPE="HypPart2" SUBS_CONTENT="archevêque" ID="tl_32_1" STYLEREFS="FONT0"/>
            <SP HEIGHT="81.88976377952756" WIDTH="42.51968503937008" VPOS="3984.251968503937" HPOS="1574.8031496062993"/>
            <String HEIGHT="81.88976377952756" WIDTH="251.96850393700788" VPOS="3984.251968503937" HPOS="1448.8188976377953" CONTENT="de" ID="tl_32_2" STYLEREFS="FONT0"/>
            <SP HEIGHT="81.88976377952756" WIDTH="42.51968503937008" VPOS="3984.251968503937" HPOS="1700.7874015748032"/>
            <String HEIGHT="81.88976377952756" WIDTH="377.9527559055118" VPOS="3984.251968503937" HPOS="1574.8031496062993" CONTENT="Lyon;" ID="tl_32_3" STYLEREFS="FONT0"/>
            <SP HEIGHT="81.88976377952756" WIDTH="42.51968503937008" VPOS="3984.251968503937" HPOS="1952.755905511811"/>
            <String HEIGHT="81.88976377952756" WIDTH="461.4173228346457" VPOS="3984.251968503937" HPOS="1826.7716535433071" CONTENT="Madrid," ID="tl_32_4" STYLEREFS="FONT0"/>
            <SP HEIGHT="81.88976377952756" WIDTH="42.51968503937008" VPOS="3984.251968503937" HPOS="2288.1889763779527"/>
            <String HEIGHT="81.88976377952756" WIDTH="251.96850393700788" VPOS="3984.251968503937" HPOS="2162.2047244094488" CONTENT="31" ID="tl_32_5" STYLEREFS="FONT0"/>
            <SP HEIGHT="81.88976377952756" WIDTH="42.51968503937008" VPOS="3984.251968503937" HPOS="2414.1732283464567"/>
            <String HEIGHT="81.88976377952756" WIDTH="418.8976377952756" VPOS="3984.251968503937" HPOS="2247.244094488189" CONTENT="décembre" ID="tl_32_6" STYLEREFS="FONT0"/>
          </TextLine>
          <TextLine ID="tl_33" BASELINE="2635" HEIGHT="78.74015748031496" WIDTH="1365.3543307086613" VPOS="4070.8661417322833" HPOS="1248.8188976377953">
            <String HEIGHT="78.74015748031496" WIDTH="332.2834645669291" VPOS="4070.8661417322833" HPOS="1212.5984251968505" CONTENT="1879," ID="tl_33_1" STYLEREFS="FONT0"/>
            <SP HEIGHT="78.74015748031496" WIDTH="36.22047244094488" VPOS="4070.8661417322833" HPOS="1543.3070866141732"/>
            <String HEIGHT="78.74015748031496" WIDTH="184.251968503937" VPOS="4070.8661417322833" HPOS="1433.0708661417323" CONTENT="1" ID="tl_33_2" STYLEREFS="FONT0"/>
            <SP HEIGHT="78.74015748031496" WIDTH="36.22047244094488" VPOS="4070.8661417322833" HPOS="1617.3228346456692"/>
            <String HEIGHT="78.74015748031496" WIDTH="222.04724409448818" VPOS="4070.8661417322833" HPOS="1507.0866141732283" CONTENT="p." ID="tl_33_3" STYLEREFS="FONT0"/>
            <SP HEIGHT="78.74015748031496" WIDTH="36.22047244094488" VPOS="4070.8661417322833" HPOS="1729.1338582677165"/>
            <String HEIGHT="78.74015748031496" WIDTH="332.2834645669291" VPOS="4070.8661417322833" HPOS="1617.3228346456692" CONTENT="in-4," ID="tl_33_4" STYLEREFS="FONT0"/>
            <SP HEIGHT="78.74015748031496" WIDTH="36.22047244094488" VPOS="4070.8661417322833" HPOS="1949.6062992125985"/>
            <String HEIGHT="78.74015748031496" WIDTH="368.503937007874" VPOS="4070.8661417322833" HPOS="1839.3700787401574" CONTENT="papier" ID="tl_33_5" STYLEREFS="FONT0"/>
            <SP HEIGHT="78.74015748031496" WIDTH="36.22047244094488" VPOS="4070.8661417322833" HPOS="2207.8740157480315"/>
            <String HEIGHT="78.74015748031496" WIDTH="442.5196850393701" VPOS="4070.8661417322833" HPOS="2097.6377952755906" CONTENT="armorié." ID="tl_33_6" STYLEREFS="FONT0"/>
            <SP HEIGHT="78.74015748031496" WIDTH="36.22047244094488" VPOS="4070.8661417322833" HPOS="2540.1574803149606"/>
            <String HEIGHT="78.74015748031496" WIDTH="184.251968503937" VPOS="4070.8661417322833" HPOS="2429.9212598425197" CONTENT="—" ID="tl_33_7" STYLEREFS="FONT0"/>
            <SP HEIGHT="78.74015748031496" WIDTH="36.22047244094488" VPOS="4070.8661417322833" HPOS="2614.1732283464567"/>
            <String HEIGHT="78.74015748031496" WIDTH="148.03149606299212" VPOS="4070.8661417322833" HPOS="2466.1417322834645" CONTENT="P." ID="tl_33_8" STYLEREFS="FONT0"/>
          </TextLine>
        </TextBlock>
        <TextBlock ID="r_6_12" HEIGHT="118.11023622047244" WIDTH="1425.1968503937007" VPOS="4182.677165354331" HPOS="1237.7952755905512">
          <TextLine ID="tl_34" BASELINE="2695" HEIGHT="59.84251968503937" WIDTH="1365.3543307086613" VPOS="4184.251968503937" HPOS="1296.0629921259842">
            <String HEIGHT="59.84251968503937" WIDTH="160.62992125984252" VPOS="4184.251968503937" HPOS="1269.291338582677" CONTENT="Il" ID="tl_34_1" STYLEREFS="FONT0"/>
            <SP HEIGHT="59.84251968503937" WIDTH="26.771653543307085" VPOS="4184.251968503937" HPOS="1429.9212598425197"/>
            <String HEIGHT="59.84251968503937" WIDTH="160.62992125984252" VPOS="4184.251968503937" HPOS="1349.6062992125985" CONTENT="le" ID="tl_34_2" STYLEREFS="FONT0"/>
            <SP HEIGHT="59.84251968503937" WIDTH="26.771653543307085" VPOS="4184.251968503937" HPOS="1510.236220472441"/>
            <String HEIGHT="59.84251968503937" WIDTH="321.25984251968504" VPOS="4184.251968503937" HPOS="1429.9212598425197" CONTENT="remercie" ID="tl_34_3" STYLEREFS="FONT0"/>
            <SP HEIGHT="59.84251968503937" WIDTH="26.771653543307085" VPOS="4184.251968503937" HPOS="1751.1811023622047"/>
            <String HEIGHT="59.84251968503937" WIDTH="187.4015748031496" VPOS="4184.251968503937" HPOS="1670.8661417322835" CONTENT="des" ID="tl_34_4" STYLEREFS="FONT0"/>
            <SP HEIGHT="59.84251968503937" WIDTH="26.771653543307085" VPOS="4184.251968503937" HPOS="1858.267716535433"/>
            <String HEIGHT="59.84251968503937" WIDTH="455.11811023622045" VPOS="4184.251968503937" HPOS="1777.9527559055118" CONTENT="félicitations" ID="tl_34_5" STYLEREFS="FONT0"/>
            <SP HEIGHT="59.84251968503937" WIDTH="26.771653543307085" VPOS="4184.251968503937" HPOS="2233.0708661417325"/>
            <String HEIGHT="59.84251968503937" WIDTH="240.9448818897638" VPOS="4184.251968503937" HPOS="2152.755905511811" CONTENT="qu’il" ID="tl_34_6" STYLEREFS="FONT0"/>
            <SP HEIGHT="59.84251968503937" WIDTH="26.771653543307085" VPOS="4184.251968503937" HPOS="2393.700787401575"/>
            <String HEIGHT="59.84251968503937" WIDTH="187.4015748031496" VPOS="4184.251968503937" HPOS="2313.3858267716537" CONTENT="lui" ID="tl_34_7" STYLEREFS="FONT0"/>
            <SP HEIGHT="59.84251968503937" WIDTH="26.771653543307085" VPOS="4184.251968503937" HPOS="2500.787401574803"/>
            <String HEIGHT="59.84251968503937" WIDTH="133.85826771653544" VPOS="4184.251968503937" HPOS="2420.472440944882" CONTENT="a" ID="tl_34_8" STYLEREFS="FONT0"/>
            <SP HEIGHT="59.84251968503937" WIDTH="26.771653543307085" VPOS="4184.251968503937" HPOS="2554.3307086614172"/>
            <String HEIGHT="59.84251968503937" WIDTH="214.17322834645668" VPOS="4184.251968503937" HPOS="2447.244094488189" CONTENT="adres" SUBS_TYPE="HypPart1" SUBS_CONTENT="adressées" ID="tl_34_9" STYLEREFS="FONT0"/>
            <HYP CONTENT="-"/>
          </TextLine>
          <TextLine ID="tl_35" BASELINE="2730" HEIGHT="47.24409448818898" WIDTH="1072.4409448818897" VPOS="4251.968503937008" HPOS="1239.3700787401574">
            <String HEIGHT="47.24409448818898" WIDTH="220.4724409448819" VPOS="4251.968503937008" HPOS="1212.5984251968505" CONTENT="sées" SUBS_TYPE="HypPart2" SUBS_CONTENT="adressées" ID="tl_35_1" STYLEREFS="FONT0"/>
            <SP HEIGHT="47.24409448818898" WIDTH="26.771653543307085" VPOS="4251.968503937008" HPOS="1431.4960629921259"/>
            <String HEIGHT="47.24409448818898" WIDTH="137.00787401574803" VPOS="4251.968503937008" HPOS="1349.6062992125985" CONTENT="à" ID="tl_35_2" STYLEREFS="FONT0"/>
            <SP HEIGHT="47.24409448818898" WIDTH="26.771653543307085" VPOS="4251.968503937008" HPOS="1486.6141732283465"/>
            <String HEIGHT="47.24409448818898" WIDTH="384.251968503937" VPOS="4251.968503937008" HPOS="1404.724409448819" CONTENT="l’occasion" ID="tl_35_3" STYLEREFS="FONT0"/>
            <SP HEIGHT="47.24409448818898" WIDTH="26.771653543307085" VPOS="4251.968503937008" HPOS="1788.976377952756"/>
            <String HEIGHT="47.24409448818898" WIDTH="165.35433070866142" VPOS="4251.968503937008" HPOS="1707.0866141732283" CONTENT="de" ID="tl_35_4" STYLEREFS="FONT0"/>
            <SP HEIGHT="47.24409448818898" WIDTH="26.771653543307085" VPOS="4251.968503937008" HPOS="1872.4409448818897"/>
            <String HEIGHT="47.24409448818898" WIDTH="165.35433070866142" VPOS="4251.968503937008" HPOS="1788.976377952756" CONTENT="la" ID="tl_35_5" STYLEREFS="FONT0"/>
            <SP HEIGHT="47.24409448818898" WIDTH="26.771653543307085" VPOS="4251.968503937008" HPOS="1954.3307086614172"/>
            <String HEIGHT="47.24409448818898" WIDTH="330.70866141732284" VPOS="4251.968503937008" HPOS="1872.4409448818897" CONTENT="nouvelle" ID="tl_35_6" STYLEREFS="FONT0"/>
            <SP HEIGHT="47.24409448818898" WIDTH="26.771653543307085" VPOS="4251.968503937008" HPOS="2201.5748031496064"/>
            <String HEIGHT="47.24409448818898" WIDTH="220.4724409448819" VPOS="4251.968503937008" HPOS="2091.3385826771655" CONTENT="année." ID="tl_35_7" STYLEREFS="FONT0"/>
          </TextLine>
        </TextBlock>
        <TextBlock ID="r_7_1" HEIGHT="103.93700787401575" WIDTH="1266.1417322834645" VPOS="4733.858267716535" HPOS="2365.3543307086616">
          <TextLine ID="tl_36" BASELINE="3071" HEIGHT="100.78740157480316" WIDTH="1262.992125984252" VPOS="4735.433070866142" HPOS="2366.9291338582675">
            <String HEIGHT="100.78740157480316" WIDTH="1514.9606299212599" VPOS="4735.433070866142" HPOS="2114.9606299212596" CONTENT="ANGLETERRE" ID="tl_36_1" STYLEREFS="FONT0"/>
          </TextLine>
        </TextBlock>
        <TextBlock ID="r_7_2" HEIGHT="209.4488188976378" WIDTH="3521.259842519685" VPOS="4979.527559055118" HPOS="1236.2204724409448">
          <TextLine ID="tl_37" BASELINE="3227" HEIGHT="100.78740157480316" WIDTH="3518.1102362204724" VPOS="4981.102362204724" HPOS="1237.7952755905512">
            <String HEIGHT="100.78740157480316" WIDTH="351.18110236220474" VPOS="4981.102362204724" HPOS="1193.7007874015749" CONTENT="★58★" ID="tl_37_1" STYLEREFS="FONT0"/>
            <SP HEIGHT="100.78740157480316" WIDTH="44.09448818897638" VPOS="4981.102362204724" HPOS="1544.8818897637796"/>
            <String HEIGHT="100.78740157480316" WIDTH="395.2755905511811" VPOS="4981.102362204724" HPOS="1414.1732283464567" CONTENT="HENRI" ID="tl_37_2" STYLEREFS="FONT0"/>
            <SP HEIGHT="100.78740157480316" WIDTH="44.09448818897638" VPOS="4981.102362204724" HPOS="1809.4488188976377"/>
            <String HEIGHT="100.78740157480316" WIDTH="395.2755905511811" VPOS="4981.102362204724" HPOS="1677.1653543307086" CONTENT="VIII," ID="tl_37_3" STYLEREFS="FONT0"/>
            <SP HEIGHT="100.78740157480316" WIDTH="44.09448818897638" VPOS="4981.102362204724" HPOS="2074.015748031496"/>
            <String HEIGHT="100.78740157480316" WIDTH="264.56692913385825" VPOS="4981.102362204724" HPOS="1941.732283464567" CONTENT="n." ID="tl_37_4" STYLEREFS="FONT0"/>
            <SP HEIGHT="100.78740157480316" WIDTH="44.09448818897638" VPOS="4981.102362204724" HPOS="2204.7244094488187"/>
            <String HEIGHT="100.78740157480316" WIDTH="220.4724409448819" VPOS="4981.102362204724" HPOS="2074.015748031496" CONTENT="à" ID="tl_37_5" STYLEREFS="FONT0"/>
            <SP HEIGHT="100.78740157480316" WIDTH="44.09448818897638" VPOS="4981.102362204724" HPOS="2292.9133858267714"/>
            <String HEIGHT="100.78740157480316" WIDTH="615.7480314960629" VPOS="4981.102362204724" HPOS="2160.6299212598424" CONTENT="Greenwich," ID="tl_37_6" STYLEREFS="FONT0"/>
            <SP HEIGHT="100.78740157480316" WIDTH="44.09448818897638" VPOS="4981.102362204724" HPOS="2776.3779527559054"/>
            <String HEIGHT="100.78740157480316" WIDTH="264.56692913385825" VPOS="4981.102362204724" HPOS="2645.6692913385828" CONTENT="28" ID="tl_37_7" STYLEREFS="FONT0"/>
            <SP HEIGHT="100.78740157480316" WIDTH="44.09448818897638" VPOS="4981.102362204724" HPOS="2908.6614173228345"/>
            <String HEIGHT="100.78740157480316" WIDTH="351.18110236220474" VPOS="4981.102362204724" HPOS="2776.3779527559054" CONTENT="juin" ID="tl_37_8" STYLEREFS="FONT0"/>
            <SP HEIGHT="100.78740157480316" WIDTH="44.09448818897638" VPOS="4981.102362204724" HPOS="3129.1338582677167"/>
            <String HEIGHT="100.78740157480316" WIDTH="395.2755905511811" VPOS="4981.102362204724" HPOS="2996.850393700787" CONTENT="1491," ID="tl_37_9" STYLEREFS="FONT0"/>
            <SP HEIGHT="100.78740157480316" WIDTH="44.09448818897638" VPOS="4981.102362204724" HPOS="3392.1259842519685"/>
            <String HEIGHT="100.78740157480316" WIDTH="307.0866141732283" VPOS="4981.102362204724" HPOS="3261.417322834646" CONTENT="roi" ID="tl_37_10" STYLEREFS="FONT0"/>
            <SP HEIGHT="100.78740157480316" WIDTH="44.09448818897638" VPOS="4981.102362204724" HPOS="3568.503937007874"/>
            <String HEIGHT="100.78740157480316" WIDTH="703.9370078740158" VPOS="4981.102362204724" HPOS="3436.220472440945" CONTENT="d’Angleterre" ID="tl_37_11" STYLEREFS="FONT0"/>
            <SP HEIGHT="100.78740157480316" WIDTH="44.09448818897638" VPOS="4981.102362204724" HPOS="4140.157480314961"/>
            <String HEIGHT="100.78740157480316" WIDTH="307.0866141732283" VPOS="4981.102362204724" HPOS="4007.8740157480315" CONTENT="(22" ID="tl_37_12" STYLEREFS="FONT0"/>
            <SP HEIGHT="100.78740157480316" WIDTH="44.09448818897638" VPOS="4981.102362204724" HPOS="4316.535433070866"/>
            <String HEIGHT="100.78740157480316" WIDTH="395.2755905511811" VPOS="4981.102362204724" HPOS="4184.251968503937" CONTENT="avril" ID="tl_37_13" STYLEREFS="FONT0"/>
            <SP HEIGHT="100.78740157480316" WIDTH="44.09448818897638" VPOS="4981.102362204724" HPOS="4579.527559055118"/>
            <String HEIGHT="100.78740157480316" WIDTH="351.18110236220474" VPOS="4981.102362204724" HPOS="4404.724409448819" CONTENT="1509)," ID="tl_37_14" STYLEREFS="FONT0"/>
          </TextLine>
          <TextLine ID="tl_38" BASELINE="3294" HEIGHT="97.63779527559055" WIDTH="1354.3307086614172" VPOS="5089.763779527559" HPOS="1237.7952755905512">
            <String HEIGHT="97.63779527559055" WIDTH="270.86614173228344" VPOS="5089.763779527559" HPOS="1192.1259842519685" CONTENT="m." ID="tl_38_1" STYLEREFS="FONT0"/>
            <SP HEIGHT="97.63779527559055" WIDTH="45.669291338582674" VPOS="5089.763779527559" HPOS="1462.992125984252"/>
            <String HEIGHT="97.63779527559055" WIDTH="225.1968503937008" VPOS="5089.763779527559" HPOS="1327.5590551181103" CONTENT="à" ID="tl_38_2" STYLEREFS="FONT0"/>
            <SP HEIGHT="97.63779527559055" WIDTH="45.669291338582674" VPOS="5089.763779527559" HPOS="1554.3307086614172"/>
            <String HEIGHT="97.63779527559055" WIDTH="541.7322834645669" VPOS="5089.763779527559" HPOS="1418.8976377952756" CONTENT="Londres," ID="tl_38_3" STYLEREFS="FONT0"/>
            <SP HEIGHT="97.63779527559055" WIDTH="45.669291338582674" VPOS="5089.763779527559" HPOS="1960.6299212598426"/>
            <String HEIGHT="97.63779527559055" WIDTH="270.86614173228344" VPOS="5089.763779527559" HPOS="1825.1968503937007" CONTENT="28" ID="tl_38_4" STYLEREFS="FONT0"/>
            <SP HEIGHT="97.63779527559055" WIDTH="45.669291338582674" VPOS="5089.763779527559" HPOS="2096.0629921259842"/>
            <String HEIGHT="97.63779527559055" WIDTH="496.06299212598424" VPOS="5089.763779527559" HPOS="1960.6299212598426" CONTENT="janvier" ID="tl_38_5" STYLEREFS="FONT0"/>
            <SP HEIGHT="97.63779527559055" WIDTH="45.669291338582674" VPOS="5089.763779527559" HPOS="2456.6929133858266"/>
            <String HEIGHT="97.63779527559055" WIDTH="316.53543307086613" VPOS="5089.763779527559" HPOS="2275.5905511811025" CONTENT="1547." ID="tl_38_6" STYLEREFS="FONT0"/>
          </TextLine>
        </TextBlock>
        <TextBlock ID="r_7_3" HEIGHT="420.4724409448819" WIDTH="1365.3543307086613" VPOS="5222.047244094489" HPOS="1234.6456692913387">
          <TextLine ID="tl_39" BASELINE="3367" HEIGHT="78.74015748031496" WIDTH="1281.8897637795276" VPOS="5223.622047244095" HPOS="1314.9606299212599">
            <String HEIGHT="78.74015748031496" WIDTH="207.8740157480315" VPOS="5223.622047244095" HPOS="1280.3149606299212" CONTENT="L." ID="tl_39_1" STYLEREFS="FONT0"/>
            <SP HEIGHT="78.74015748031496" WIDTH="34.645669291338585" VPOS="5223.622047244095" HPOS="1488.1889763779527"/>
            <String HEIGHT="78.74015748031496" WIDTH="242.51968503937007" VPOS="5223.622047244095" HPOS="1384.251968503937" CONTENT="S.," ID="tl_39_2" STYLEREFS="FONT0"/>
            <SP HEIGHT="78.74015748031496" WIDTH="34.645669291338585" VPOS="5223.622047244095" HPOS="1626.7716535433071"/>
            <String HEIGHT="78.74015748031496" WIDTH="207.8740157480315" VPOS="5223.622047244095" HPOS="1522.8346456692914" CONTENT="en" ID="tl_39_3" STYLEREFS="FONT0"/>
            <SP HEIGHT="78.74015748031496" WIDTH="34.645669291338585" VPOS="5223.622047244095" HPOS="1730.708661417323"/>
            <String HEIGHT="78.74015748031496" WIDTH="346.45669291338584" VPOS="5223.622047244095" HPOS="1626.7716535433071" CONTENT="latin," ID="tl_39_4" STYLEREFS="FONT0"/>
            <SP HEIGHT="78.74015748031496" WIDTH="34.645669291338585" VPOS="5223.622047244095" HPOS="1973.2283464566929"/>
            <String HEIGHT="78.74015748031496" WIDTH="277.1653543307087" VPOS="5223.622047244095" HPOS="1869.291338582677" CONTENT="avec" ID="tl_39_5" STYLEREFS="FONT0"/>
            <SP HEIGHT="78.74015748031496" WIDTH="34.645669291338585" VPOS="5223.622047244095" HPOS="2146.4566929133857"/>
            <String HEIGHT="78.74015748031496" WIDTH="207.8740157480315" VPOS="5223.622047244095" HPOS="2042.5196850393702" CONTENT="la" ID="tl_39_6" STYLEREFS="FONT0"/>
            <SP HEIGHT="78.74015748031496" WIDTH="34.645669291338585" VPOS="5223.622047244095" HPOS="2250.3937007874015"/>
            <String HEIGHT="78.74015748031496" WIDTH="485.03937007874015" VPOS="5223.622047244095" HPOS="2111.8110236220473" CONTENT="souscription" ID="tl_39_7" STYLEREFS="FONT0"/>
          </TextLine>
          <TextLine ID="tl_40" BASELINE="3422" HEIGHT="78.74015748031496" WIDTH="1362.2047244094488" VPOS="5310.236220472441" HPOS="1236.2204724409448">
            <String HEIGHT="78.74015748031496" WIDTH="566.9291338582677" VPOS="5310.236220472441" HPOS="1198.4251968503936" CONTENT="autographe," ID="tl_40_1" STYLEREFS="FONT0"/>
            <SP HEIGHT="78.74015748031496" WIDTH="37.79527559055118" VPOS="5310.236220472441" HPOS="1765.3543307086613"/>
            <String HEIGHT="78.74015748031496" WIDTH="226.77165354330708" VPOS="5310.236220472441" HPOS="1651.9685039370079" CONTENT="au" ID="tl_40_2" STYLEREFS="FONT0"/>
            <SP HEIGHT="78.74015748031496" WIDTH="37.79527559055118" VPOS="5310.236220472441" HPOS="1878.740157480315"/>
            <String HEIGHT="78.74015748031496" WIDTH="377.9527559055118" VPOS="5310.236220472441" HPOS="1765.3543307086613" CONTENT="prince" ID="tl_40_3" STYLEREFS="FONT0"/>
            <SP HEIGHT="78.74015748031496" WIDTH="37.79527559055118" VPOS="5310.236220472441" HPOS="2144.8818897637793"/>
            <String HEIGHT="78.74015748031496" WIDTH="453.54330708661416" VPOS="5310.236220472441" HPOS="2031.4960629921259" CONTENT="Wolfgang" ID="tl_40_4" STYLEREFS="FONT0"/>
            <SP HEIGHT="78.74015748031496" WIDTH="37.79527559055118" VPOS="5310.236220472441" HPOS="2485.0393700787404"/>
            <String HEIGHT="78.74015748031496" WIDTH="264.56692913385825" VPOS="5310.236220472441" HPOS="2333.8582677165355" CONTENT="d’An" SUBS_TYPE="HypPart1" SUBS_CONTENT="d’Anhalt" ID="tl_40_5" STYLEREFS="FONT0"/>
            <HYP CONTENT="-"/>
          </TextLine>
          <TextLine ID="tl_41" BASELINE="3475" HEIGHT="85.03937007874016" WIDTH="1359.0551181102362" VPOS="5387.40157480315" HPOS="1237.7952755905512">
            <String HEIGHT="85.03937007874016" WIDTH="272.4409448818898" VPOS="5387.40157480315" HPOS="1203.1496062992126" CONTENT="halt" SUBS_TYPE="HypPart2" SUBS_CONTENT="d’Anhalt" ID="tl_41_1" STYLEREFS="FONT0"/>
            <SP HEIGHT="85.03937007874016" WIDTH="34.645669291338585" VPOS="5387.40157480315" HPOS="1475.5905511811025"/>
            <String HEIGHT="85.03937007874016" WIDTH="237.79527559055117" VPOS="5387.40157480315" HPOS="1373.2283464566929" CONTENT="(n." ID="tl_41_2" STYLEREFS="FONT0"/>
            <SP HEIGHT="85.03937007874016" WIDTH="34.645669291338585" VPOS="5387.40157480315" HPOS="1611.023622047244"/>
            <String HEIGHT="85.03937007874016" WIDTH="305.51181102362204" VPOS="5387.40157480315" HPOS="1510.236220472441" CONTENT="1492," ID="tl_41_3" STYLEREFS="FONT0"/>
            <SP HEIGHT="85.03937007874016" WIDTH="34.645669291338585" VPOS="5387.40157480315" HPOS="1815.748031496063"/>
            <String HEIGHT="85.03937007874016" WIDTH="340.15748031496065" VPOS="5387.40157480315" HPOS="1713.3858267716535" CONTENT="prince" ID="tl_41_4" STYLEREFS="FONT0"/>
            <SP HEIGHT="85.03937007874016" WIDTH="34.645669291338585" VPOS="5387.40157480315" HPOS="2053.5433070866143"/>
            <String HEIGHT="85.03937007874016" WIDTH="203.1496062992126" VPOS="5387.40157480315" HPOS="1951.1811023622047" CONTENT="en" ID="tl_41_5" STYLEREFS="FONT0"/>
            <SP HEIGHT="85.03937007874016" WIDTH="34.645669291338585" VPOS="5387.40157480315" HPOS="2155.9055118110236"/>
            <String HEIGHT="85.03937007874016" WIDTH="305.51181102362204" VPOS="5387.40157480315" HPOS="2053.5433070866143" CONTENT="1508," ID="tl_41_6" STYLEREFS="FONT0"/>
            <SP HEIGHT="85.03937007874016" WIDTH="34.645669291338585" VPOS="5387.40157480315" HPOS="2359.0551181102364"/>
            <String HEIGHT="85.03937007874016" WIDTH="340.15748031496065" VPOS="5387.40157480315" HPOS="2256.6929133858266" CONTENT="chassé" ID="tl_41_7" STYLEREFS="FONT0"/>
            <SP HEIGHT="85.03937007874016" WIDTH="34.645669291338585" VPOS="5387.40157480315" HPOS="2596.850393700787"/>
            <String HEIGHT="85.03937007874016" WIDTH="135.43307086614172" VPOS="5387.40157480315" HPOS="2461.417322834646" CONTENT="de" ID="tl_41_8" STYLEREFS="FONT0"/>
          </TextLine>
          <TextLine ID="tl_42" BASELINE="3530" HEIGHT="85.03937007874016" WIDTH="1359.0551181102362" VPOS="5474.0157480314965" HPOS="1237.7952755905512">
            <String HEIGHT="85.03937007874016" WIDTH="237.79527559055117" VPOS="5474.0157480314965" HPOS="1203.1496062992126" CONTENT="ses" ID="tl_42_1" STYLEREFS="FONT0"/>
            <SP HEIGHT="85.03937007874016" WIDTH="34.645669291338585" VPOS="5474.0157480314965" HPOS="1440.9448818897638"/>
            <String HEIGHT="85.03937007874016" WIDTH="305.51181102362204" VPOS="5474.0157480314965" HPOS="1340.1574803149606" CONTENT="Etats" ID="tl_42_2" STYLEREFS="FONT0"/>
            <SP HEIGHT="85.03937007874016" WIDTH="34.645669291338585" VPOS="5474.0157480314965" HPOS="1645.6692913385828"/>
            <String HEIGHT="85.03937007874016" WIDTH="203.1496062992126" VPOS="5474.0157480314965" HPOS="1543.3070866141732" CONTENT="en" ID="tl_42_3" STYLEREFS="FONT0"/>
            <SP HEIGHT="85.03937007874016" WIDTH="34.645669291338585" VPOS="5474.0157480314965" HPOS="1748.0314960629921"/>
            <String HEIGHT="85.03937007874016" WIDTH="305.51181102362204" VPOS="5474.0157480314965" HPOS="1645.6692913385828" CONTENT="1532," ID="tl_42_4" STYLEREFS="FONT0"/>
            <SP HEIGHT="85.03937007874016" WIDTH="34.645669291338585" VPOS="5474.0157480314965" HPOS="1951.1811023622047"/>
            <String HEIGHT="85.03937007874016" WIDTH="373.2283464566929" VPOS="5474.0157480314965" HPOS="1848.8188976377953" CONTENT="rétabli" ID="tl_42_5" STYLEREFS="FONT0"/>
            <SP HEIGHT="85.03937007874016" WIDTH="34.645669291338585" VPOS="5474.0157480314965" HPOS="2223.6220472440946"/>
            <String HEIGHT="85.03937007874016" WIDTH="272.4409448818898" VPOS="5474.0157480314965" HPOS="2121.259842519685" CONTENT="dans" ID="tl_42_6" STYLEREFS="FONT0"/>
            <SP HEIGHT="85.03937007874016" WIDTH="34.645669291338585" VPOS="5474.0157480314965" HPOS="2393.700787401575"/>
            <String HEIGHT="85.03937007874016" WIDTH="203.1496062992126" VPOS="5474.0157480314965" HPOS="2291.3385826771655" CONTENT="sa" ID="tl_42_7" STYLEREFS="FONT0"/>
            <SP HEIGHT="85.03937007874016" WIDTH="34.645669291338585" VPOS="5474.0157480314965" HPOS="2494.488188976378"/>
            <String HEIGHT="85.03937007874016" WIDTH="237.79527559055117" VPOS="5474.0157480314965" HPOS="2359.0551181102364" CONTENT="prin" SUBS_TYPE="HypPart1" SUBS_CONTENT="principauté" ID="tl_42_8" STYLEREFS="FONT0"/>
            <HYP CONTENT="-"/>
          </TextLine>
          <TextLine ID="tl_43" BASELINE="3582" HEIGHT="89.76377952755905" WIDTH="1357.4803149606298" VPOS="5551.181102362205" HPOS="1237.7952755905512">
            <String HEIGHT="89.76377952755905" WIDTH="426.7716535433071" VPOS="5551.181102362205" HPOS="1198.4251968503936" CONTENT="cipauté" SUBS_TYPE="HypPart2" SUBS_CONTENT="principauté" ID="tl_43_1" STYLEREFS="FONT0"/>
            <SP HEIGHT="89.76377952755905" WIDTH="39.37007874015748" VPOS="5551.181102362205" HPOS="1625.1968503937007"/>
            <String HEIGHT="89.76377952755905" WIDTH="233.0708661417323" VPOS="5551.181102362205" HPOS="1508.6614173228347" CONTENT="en" ID="tl_43_2" STYLEREFS="FONT0"/>
            <SP HEIGHT="89.76377952755905" WIDTH="39.37007874015748" VPOS="5551.181102362205" HPOS="1741.732283464567"/>
            <String HEIGHT="89.76377952755905" WIDTH="349.6062992125984" VPOS="5551.181102362205" HPOS="1625.1968503937007" CONTENT="1552," ID="tl_43_3" STYLEREFS="FONT0"/>
            <SP HEIGHT="89.76377952755905" WIDTH="39.37007874015748" VPOS="5551.181102362205" HPOS="1974.8031496062993"/>
            <String HEIGHT="89.76377952755905" WIDTH="233.0708661417323" VPOS="5551.181102362205" HPOS="1858.267716535433" CONTENT="m." ID="tl_43_4" STYLEREFS="FONT0"/>
            <SP HEIGHT="89.76377952755905" WIDTH="39.37007874015748" VPOS="5551.181102362205" HPOS="2091.3385826771655"/>
            <String HEIGHT="89.76377952755905" WIDTH="387.40157480314963" VPOS="5551.181102362205" HPOS="1974.8031496062993" CONTENT="1566);" ID="tl_43_5" STYLEREFS="FONT0"/>
            <SP HEIGHT="89.76377952755905" WIDTH="39.37007874015748" VPOS="5551.181102362205" HPOS="2362.2047244094488"/>
            <String HEIGHT="89.76377952755905" WIDTH="387.40157480314963" VPOS="5551.181102362205" HPOS="2207.8740157480315" CONTENT="Londres," ID="tl_43_6" STYLEREFS="FONT0"/>
          </TextLine>
        </TextBlock>
        <TextBlock ID="r_7_4" HEIGHT="171.6535433070866" WIDTH="1363.7795275590552" VPOS="5633.070866141732" HPOS="1237.7952755905512">
          <TextLine ID="tl_44" BASELINE="3634" HEIGHT="88.18897637795276" WIDTH="1359.0551181102362" VPOS="5634.645669291339" HPOS="1240.9448818897638">
            <String HEIGHT="88.18897637795276" WIDTH="214.17322834645668" VPOS="5634.645669291339" HPOS="1204.724409448819" CONTENT="24" ID="tl_44_1" STYLEREFS="FONT0"/>
            <SP HEIGHT="88.18897637795276" WIDTH="36.22047244094488" VPOS="5634.645669291339" HPOS="1420.4724409448818"/>
            <String HEIGHT="88.18897637795276" WIDTH="393.7007874015748" VPOS="5634.645669291339" HPOS="1311.8110236220473" CONTENT="janvier" ID="tl_44_2" STYLEREFS="FONT0"/>
            <SP HEIGHT="88.18897637795276" WIDTH="36.22047244094488" VPOS="5634.645669291339" HPOS="1705.5118110236222"/>
            <String HEIGHT="88.18897637795276" WIDTH="321.25984251968504" VPOS="5634.645669291339" HPOS="1598.4251968503936" CONTENT="1531," ID="tl_44_3" STYLEREFS="FONT0"/>
            <SP HEIGHT="88.18897637795276" WIDTH="36.22047244094488" VPOS="5634.645669291339" HPOS="1921.259842519685"/>
            <String HEIGHT="88.18897637795276" WIDTH="250.39370078740157" VPOS="5634.645669291339" HPOS="1812.5984251968505" CONTENT="1/2" ID="tl_44_4" STYLEREFS="FONT0"/>
            <SP HEIGHT="88.18897637795276" WIDTH="36.22047244094488" VPOS="5634.645669291339" HPOS="2062.9921259842517"/>
            <String HEIGHT="88.18897637795276" WIDTH="214.17322834645668" VPOS="5634.645669291339" HPOS="1955.9055118110236" CONTENT="p." ID="tl_44_5" STYLEREFS="FONT0"/>
            <SP HEIGHT="88.18897637795276" WIDTH="36.22047244094488" VPOS="5634.645669291339" HPOS="2170.0787401574803"/>
            <String HEIGHT="88.18897637795276" WIDTH="393.7007874015748" VPOS="5634.645669291339" HPOS="2062.9921259842517" CONTENT="in-fol." ID="tl_44_6" STYLEREFS="FONT0"/>
            <SP HEIGHT="88.18897637795276" WIDTH="36.22047244094488" VPOS="5634.645669291339" HPOS="2456.6929133858266"/>
            <String HEIGHT="88.18897637795276" WIDTH="286.61417322834643" VPOS="5634.645669291339" HPOS="2313.3858267716537" CONTENT="Taches" ID="tl_44_7" STYLEREFS="FONT0"/>
          </TextLine>
          <TextLine ID="tl_45" BASELINE="3685" HEIGHT="81.88976377952756" WIDTH="1078.740157480315" VPOS="5721.259842519685" HPOS="1239.3700787401574">
            <String HEIGHT="81.88976377952756" WIDTH="346.45669291338584" VPOS="5721.259842519685" HPOS="1201.5748031496064" CONTENT="d’eau" ID="tl_45_1" STYLEREFS="FONT0"/>
            <SP HEIGHT="81.88976377952756" WIDTH="37.79527559055118" VPOS="5721.259842519685" HPOS="1548.0314960629921"/>
            <String HEIGHT="81.88976377952756" WIDTH="231.49606299212599" VPOS="5721.259842519685" HPOS="1431.4960629921259" CONTENT="et" ID="tl_45_2" STYLEREFS="FONT0"/>
            <SP HEIGHT="81.88976377952756" WIDTH="37.79527559055118" VPOS="5721.259842519685" HPOS="1662.992125984252"/>
            <String HEIGHT="81.88976377952756" WIDTH="692.9133858267717" VPOS="5721.259842519685" HPOS="1548.0314960629921" CONTENT="raccommodages." ID="tl_45_3" STYLEREFS="FONT0"/>
            <SP HEIGHT="81.88976377952756" WIDTH="37.79527559055118" VPOS="5721.259842519685" HPOS="2240.9448818897636"/>
            <String HEIGHT="81.88976377952756" WIDTH="192.1259842519685" VPOS="5721.259842519685" HPOS="2125.984251968504" CONTENT="—" ID="tl_45_4" STYLEREFS="FONT0"/>
            <SP HEIGHT="81.88976377952756" WIDTH="37.79527559055118" VPOS="5721.259842519685" HPOS="2318.1102362204724"/>
            <String HEIGHT="81.88976377952756" WIDTH="154.33070866141733" VPOS="5721.259842519685" HPOS="2163.779527559055" CONTENT="P." ID="tl_45_5" STYLEREFS="FONT0"/>
          </TextLine>
        </TextBlock>
        <TextBlock ID="r_7_5" HEIGHT="130.70866141732284" WIDTH="1366.9291338582677" VPOS="5822.047244094489" HPOS="1236.2204724409448">
          <TextLine ID="tl_46" BASELINE="3742" HEIGHT="69.29133858267717" WIDTH="1305.5118110236222" VPOS="5823.622047244095" HPOS="1296.0629921259842">
            <String HEIGHT="69.29133858267717" WIDTH="310.23622047244095" VPOS="5823.622047244095" HPOS="1264.5669291338584" CONTENT="Lettre" ID="tl_46_1" STYLEREFS="FONT0"/>
            <SP HEIGHT="69.29133858267717" WIDTH="31.496062992125985" VPOS="5823.622047244095" HPOS="1576.3779527559054"/>
            <String HEIGHT="69.29133858267717" WIDTH="185.82677165354332" VPOS="5823.622047244095" HPOS="1481.8897637795276" CONTENT="de" ID="tl_46_2" STYLEREFS="FONT0"/>
            <SP HEIGHT="69.29133858267717" WIDTH="31.496062992125985" VPOS="5823.622047244095" HPOS="1669.291338582677"/>
            <String HEIGHT="69.29133858267717" WIDTH="341.73228346456693" VPOS="5823.622047244095" HPOS="1576.3779527559054" CONTENT="créance" ID="tl_46_3" STYLEREFS="FONT0"/>
            <SP HEIGHT="69.29133858267717" WIDTH="31.496062992125985" VPOS="5823.622047244095" HPOS="1918.1102362204724"/>
            <String HEIGHT="69.29133858267717" WIDTH="248.8188976377953" VPOS="5823.622047244095" HPOS="1825.1968503937007" CONTENT="pour" ID="tl_46_4" STYLEREFS="FONT0"/>
            <SP HEIGHT="69.29133858267717" WIDTH="31.496062992125985" VPOS="5823.622047244095" HPOS="2072.4409448818897"/>
            <String HEIGHT="69.29133858267717" WIDTH="185.82677165354332" VPOS="5823.622047244095" HPOS="1979.5275590551182" CONTENT="le" ID="tl_46_5" STYLEREFS="FONT0"/>
            <SP HEIGHT="69.29133858267717" WIDTH="31.496062992125985" VPOS="5823.622047244095" HPOS="2166.9291338582675"/>
            <String HEIGHT="69.29133858267717" WIDTH="341.73228346456693" VPOS="5823.622047244095" HPOS="2072.4409448818897" CONTENT="docteur" ID="tl_46_6" STYLEREFS="FONT0"/>
            <SP HEIGHT="69.29133858267717" WIDTH="31.496062992125985" VPOS="5823.622047244095" HPOS="2415.748031496063"/>
            <String HEIGHT="69.29133858267717" WIDTH="310.23622047244095" VPOS="5823.622047244095" HPOS="2291.3385826771655" CONTENT="Craymer," ID="tl_46_7" STYLEREFS="FONT0"/>
          </TextLine>
          <TextLine ID="tl_47" BASELINE="3779" HEIGHT="61.41732283464567" WIDTH="1135.4330708661416" VPOS="5889.763779527559" HPOS="1237.7952755905512">
            <String HEIGHT="61.41732283464567" WIDTH="214.17322834645668" VPOS="5889.763779527559" HPOS="1207.8740157480315" CONTENT="son" ID="tl_47_1" STYLEREFS="FONT0"/>
            <SP HEIGHT="61.41732283464567" WIDTH="29.921259842519685" VPOS="5889.763779527559" HPOS="1422.0472440944882"/>
            <String HEIGHT="61.41732283464567" WIDTH="459.84251968503935" VPOS="5889.763779527559" HPOS="1329.1338582677165" CONTENT="ambassadeur" ID="tl_47_2" STYLEREFS="FONT0"/>
            <SP HEIGHT="61.41732283464567" WIDTH="29.921259842519685" VPOS="5889.763779527559" HPOS="1790.5511811023623"/>
            <String HEIGHT="61.41732283464567" WIDTH="307.0866141732283" VPOS="5889.763779527559" HPOS="1697.6377952755906" CONTENT="auprès" ID="tl_47_3" STYLEREFS="FONT0"/>
            <SP HEIGHT="61.41732283464567" WIDTH="29.921259842519685" VPOS="5889.763779527559" HPOS="2004.724409448819"/>
            <String HEIGHT="61.41732283464567" WIDTH="184.251968503937" VPOS="5889.763779527559" HPOS="1913.3858267716535" CONTENT="de" ID="tl_47_4" STYLEREFS="FONT0"/>
            <SP HEIGHT="61.41732283464567" WIDTH="29.921259842519685" VPOS="5889.763779527559" HPOS="2097.6377952755906"/>
            <String HEIGHT="61.41732283464567" WIDTH="398.4251968503937" VPOS="5889.763779527559" HPOS="1974.8031496062993" CONTENT="l’Empereur." ID="tl_47_5" STYLEREFS="FONT0"/>
          </TextLine>
        </TextBlock>
        <GraphicalElement ID="r_12" HEIGHT="20.47244094488189" WIDTH="5297.63779527559" VPOS="97.63779527559055" HPOS="0.0"/>
        <GraphicalElement ID="r_13" HEIGHT="12.598425196850394" WIDTH="1009.4488188976378" VPOS="110.23622047244095" HPOS="3546.4566929133857"/>
        <GraphicalElement ID="r_14" HEIGHT="23.62204724409449" WIDTH="3374.803149606299" VPOS="118.11023622047244" HPOS="171.6535433070866"/>
        <GraphicalElement ID="r_15" HEIGHT="29.921259842519685" WIDTH="4522.834645669292" VPOS="718.1102362204724" HPOS="770.0787401574803"/>
        <GraphicalElement ID="r_16" HEIGHT="20.47244094488189" WIDTH="3894.488188976378" VPOS="1211.023622047244" HPOS="1072.4409448818897"/>
        <GraphicalElement ID="r_18" HEIGHT="22.04724409448819" WIDTH="475.59055118110234" VPOS="4107.086614173229" HPOS="2847.244094488189"/>
        <GraphicalElement ID="r_19" HEIGHT="28.346456692913385" WIDTH="658.2677165354331" VPOS="4155.905511811024" HPOS="3751.181102362205"/>
        <GraphicalElement ID="r_20" HEIGHT="12.598425196850394" WIDTH="359.0551181102362" VPOS="4211.023622047244" HPOS="2867.716535433071"/>
        <GraphicalElement ID="r_21" HEIGHT="20.47244094488189" WIDTH="289.76377952755905" VPOS="4272.44094488189" HPOS="4000.0"/>
        <GraphicalElement ID="r_22" HEIGHT="47.24409448818898" WIDTH="4555.905511811024" VPOS="6130.708661417323" HPOS="713.3858267716536"/>
        <GraphicalElement ID="r_23" HEIGHT="3.1496062992125986" WIDTH="170.07874015748033" VPOS="7228.346456692913" HPOS="3760.6299212598424"/>
        <GraphicalElement ID="r_24" HEIGHT="6086.614173228347" WIDTH="59.84251968503937" VPOS="388.9763779527559" HPOS="1034.6456692913387"/>
        <GraphicalElement ID="r_25" HEIGHT="6111.811023622047" WIDTH="40.94488188976378" VPOS="396.8503937007874" HPOS="4929.133858267716"/>
        <Illustration ID="r_1" HEIGHT="319.68503937007875" WIDTH="5666.141732283465" VPOS="0.0" HPOS="0.0"/>
        <Illustration ID="r_3" HEIGHT="976.3779527559055" WIDTH="1374.8031496062993" VPOS="1548.0314960629921" HPOS="3275.5905511811025"/>
        <Illustration ID="r_8" HEIGHT="724.4094488188977" WIDTH="2009.4488188976377" VPOS="3817.3228346456694" HPOS="2733.8582677165355"/>
        <Illustration ID="Image_1582275049705_239" HEIGHT="587.4015748031496" WIDTH="1892.9133858267717" VPOS="2979.527559055118" HPOS="2836.220472440945"/>
        <Illustration ID="Image_1582275188337_293" HEIGHT="872.4409448818898" WIDTH="2022.0472440944882" VPOS="5113.385826771653" HPOS="2707.0866141732286"/>
      </PrintSpace>
    </Page>
  </Layout>
</alto>
