3598 4663
733 591 476 58 26
971 591 713 58 CHEFS
1446 591 476 58 DE
1684 591 1268 58 GOUVERNEMENT
2635 591 396 58 S.1

775 887 251 66 ★55★
931 887 345 66 CHARLES
1182 887 219 66 IV,
1307 887 188 66 n.
1401 887 157 66 à
1464 887 345 66 Naples,
1715 887 188 66 12
1809 887 376 66 novembre
2091 887 282 66 1748,
2279 887 219 66 roi
2404 887 407 66 d’Espagne
2686 887 345 66 (décembre

784 957 302 62 1788),
995 957 392 62 dépossédé
1296 957 211 62 par
1417 957 362 62 Napoléon
1688 957 151 62 I
1749 957 181 62 en
1809 957 211 62 1808,

775 1024 179 61 m.
865 1024 149 61 à
925 1024 269 61 Rome,
1104 1024 179 61 28
1194 1024 359 61 novembre
1433 1024 209 61 1819.

831 1107 141 52 L.
901 1107 141 52 A.
971 1107 164 52 S.,
1065 1107 141 52 en
1135 1107 305 52 français,
1370 1107 117 52 à
1417 1107 211 52 Louis
1557 1107 234 52 XVIII;
1721 1107 211 52 Rome,
1862 1107 141 52 12
1909 1107 117 52 mai

786 1162 204 52 1814,
922 1162 158 52 3/4
1013 1162 136 52 de
1080 1162 136 52 p.
1148 1162 204 52 in-4,
1284 1162 294 52 enveloppe
1510 1162 136 52 et
1578 1162 249 52 cachet.
1759 1162 113 52 —
1782 1162 90 52 P.

821 1233 195 39 Superbe
963 1233 177 39 lettre
1087 1233 106 39 de
1140 1233 301 39 félicitations
1388 1233 124 39 sur
1459 1233 106 39 la
1512 1233 283 39 restauration
1743 1233 106 39 de
1796 1233 159 39 Louis
1884 1233 142 39 XVIII.

786 1277 237 39 «Monsieur
968 1277 128 39 mon
1041 1277 164 39 frère
1151 1277 110 39 et
1206 1277 201 39 cousin,
1352 1277 237 39 cessèrent
1535 1277 164 39 enfin
1644 1277 128 39 les
1717 1277 219 39 malheurs
1882 1277 128 39 qui
1937 1277 91 39 ont

784 1319 106 42 si
837 1319 266 42 cruellement
1050 1319 230 42 persécuté
1227 1319 159 42 notre
1333 1319 213 42 famille,
1493 1319 106 42 et
1546 1319 106 42 je
1599 1319 142 42 suis
1688 1319 248 42 maintenant
1882 1319 106 42 la
1918 1319 106 42 der-

782 1361 164 34 nière
891 1361 219 34 victime.
1056 1361 110 34 V.
1111 1361 110 34 M.
1165 1361 128 34 est
1238 1361 201 34 rentrée
1385 1361 110 34 au
1439 1361 164 34 trône
1549 1361 110 34 de
1604 1361 128 34 ses
1677 1361 237 34 ancêtres.
1860 1361 110 34 Ce
1896 1361 128 34 chan-

782 1405 183 39 gement
910 1405 201 39 fortuné
1056 1405 110 39 va
1111 1405 165 39 faire
1221 1405 183 39 couler
1349 1405 128 39 sur
1422 1405 110 39 la
1477 1405 183 39 France
1605 1405 128 39 des
1678 1405 165 39 jours
1788 1405 238 39 paisibles
1953 1405 73 39 et

782 1447 266 41 tranquiles,
995 1447 231 41 possédant
1173 1447 142 41 pour
1262 1447 124 41 son
1333 1447 142 41 chef
1421 1447 107 41 un
1475 1447 142 41 père
1563 1447 107 41 si
1617 1447 178 41 tendre
1741 1447 107 41 et
1794 1447 107 41 si
1847 1447 178 41 juste,
1954 1447 71 41 et

779 1492 170 40 votre
892 1492 170 40 règne
1005 1492 151 40 sera
1100 1492 151 40 pour
1194 1492 151 40 elle
1288 1492 113 40 le
1345 1492 189 40 retour
1477 1492 113 40 du
1534 1492 207 40 bonheur
1684 1492 113 40 et
1741 1492 113 40 de
1798 1492 113 40 la
1854 1492 151 40 paix
1930 1492 94 40 qui

780 1533 162 40 avoit
888 1533 198 40 disparu
1032 1533 180 40 depuis
1159 1533 234 40 longtemps
1339 1533 126 40 par
1411 1533 126 40 les
1483 1533 270 40 convultions
1699 1533 234 40 soufertes
1880 1533 144 40 sous
1952 1533 72 40 le

777 1577 153 37 joug
872 1577 115 37 du
911 1577 305 37 despotisme...»

768 1649 241 67 ★56★
919 1649 392 67 BONAPARTE
1220 1649 392 67 (Joseph),
1522 1649 181 67 n.
1612 1649 151 67 à
1672 1649 271 67 Corte
1853 1649 362 67 (Corse),
2125 1649 151 67 7
2185 1649 332 67 janvier
2426 1649 271 67 1768,
2607 1649 271 67 frère
2788 1649 241 67 aîné
2908 1649 121 67 de

773 1716 316 65 Napoléon
1009 1716 158 65 I,
1088 1716 184 65 roi
1194 1716 342 65 d’Espagne
1457 1716 158 65 (6
1536 1716 210 65 juin
1667 1716 263 65 1808),
1851 1716 158 65 m.
1930 1716 132 65 à
1983 1716 342 65 Florence,
2246 1716 158 65 28
2325 1716 289 65 juillet
2509 1716 184 65 1844.

826 1798 129 61 L.
891 1798 129 61 A.
956 1798 129 61 S.
1020 1798 129 61 au
1085 1798 194 61 comte
1214 1798 280 61 (Lacuée);
1429 1798 258 61 Londres,
1623 1798 129 61 26
1688 1798 258 61 décembre
1882 1798 194 61 1832,
2011 1798 108 61 1
2054 1798 129 61 p,
2119 1798 151 61 1/4
2205 1798 194 61 in-4.
2334 1798 280 61 <i>(Coll.
2549 1798 431 61 Dubrunfaut.)</i>
2915 1798 108 61 —
2937 1798 86 61 P.

813 1867 280 35 Intéressante
1040 1867 175 35 lettre
1162 1867 105 35 où
1214 1867 105 35 il
1267 1867 192 35 raconte
1407 1867 122 35 une
1476 1867 175 35 courte
1581 1867 175 35 entrevue

774 1905 160 41 avec
874 1905 239 41 Mérimée.
1053 1905 160 41 «Les
1153 1905 239 41 ouvrages
1332 1905 140 41 que
1412 1905 160 41 j'ai
1512 1905 140 41 lus
1592 1905 120 41 en
1631 1905 120 41 Amé-

774 1951 183 41 rique
896 1951 122 41 me
957 1951 305 41 prévenoient
1201 1951 183 41 assez
1323 1951 122 41 en
1384 1951 122 41 sa
1445 1951 203 41 faveur
1587 1951 163 41 pour
1669 1951 81 41 me

775 1992 184 38 donner
903 1992 110 38 le
959 1992 166 38 désir
1069 1992 110 38 de
1124 1992 110 38 le
1179 1992 147 38 voir
1272 1992 239 38 longtems,
1456 1992 147 38 mais
1548 1992 166 38 notre
1640 1992 110 38 con-

773 2034 235 40 versation
954 2034 126 40 n’a
1026 2034 126 40 pas
1098 2034 126 40 été
1170 2034 199 40 longue;
1315 2034 108 40 sa
1369 2034 181 40 visite
1495 2034 90 40 a
1531 2034 126 40 été
1585 2034 163 40 courte,

774 2077 110 39 et
829 2077 110 39 il
884 2077 110 39 ne
939 2077 128 39 m’a
1012 2077 128 39 pas
1085 2077 165 39 donné
1195 2077 110 39 le
1250 2077 165 39 moien
1360 2077 110 39 de
1415 2077 110 39 le
1470 2077 183 39 revoir
1580 2077 165 39 encore.

774 2119 104 38 Il
826 2119 156 38 s'est
930 2119 174 38 refusé
1052 2119 122 38 aux
1121 2119 261 38 invitations
1330 2119 122 38 que
1399 2119 104 38 je
1452 2119 122 38 lui
1521 2119 104 38 ai
1573 2119 174 38 faites
1677 2119 70 38 de

770 2162 179 39 venir
889 2162 179 39 diner
1009 2162 159 39 avec
1108 2162 139 39 moi
1188 2162 119 39 et
1248 2162 119 39 je
1307 2162 119 39 ne
1367 2162 159 39 dois
1466 2162 119 39 le
1526 2162 159 39 voir
1606 2162 139 39 qu’un

771 2205 191 38 moment
904 2205 286 38 aujourd’hui
1133 2205 153 38 pour
1229 2205 134 38 lui
1305 2205 229 38 remettre
1477 2205 172 38 cette
1572 2205 172 38 lettre,

770 2247 172 40 qu’il
885 2247 153 40 veut
980 2247 268 40 absolument
1191 2247 172 40 venir
1305 2247 230 40 chercher
1458 2247 230 40 lui

759 2323 244 69 ★57★
912 2323 367 69 ALPHONSE
1187 2323 244 69 XII,
1340 2323 183 69 n.
1432 2323 183 69 28
1523 2323 367 69 novembre
1799 2323 275 69 1857,
1982 2323 244 69 fils
2135 2323 183 69 de
2226 2323 183 69 la
2318 2323 275 69 reine
2501 2323 367 69 Isabelle
2777 2323 214 69 II,
2868 2323 153 69 roi

761 2393 366 62 d’Espagne
1043 2393 197 62 (29
1155 2393 338 62 décembre
1381 2393 225 62 1874.)

812 2476 156 49 L.
890 2476 156 49 S.
968 2476 156 49 au
1046 2476 311 49 cardinal
1279 2476 311 49 Caverot,
1486 2476 208 49 arche-

760 2530 240 52 vêque
920 2530 160 52 de
1000 2530 240 52 Lyon;
1160 2530 293 52 Madrid,
1373 2530 160 52 31
1427 2530 266 52 décembre

770 2585 211 50 1879,
910 2585 117 50 1
957 2585 141 50 p.
1027 2585 211 50 in-4,
1168 2585 234 50 papier
1332 2585 281 50 armorié.
1543 2585 117 50 —
1566 2585 94 50 P.

806 2657 102 38 Il
857 2657 102 38 le
908 2657 204 38 remercie
1061 2657 119 38 des
1129 2657 289 38 félicitations
1367 2657 153 38 qu’il
1469 2657 119 38 lui
1537 2657 85 38 a
1554 2657 136 38 adres-

770 2700 140 30 sées
857 2700 87 30 à
892 2700 244 30 l’occasion
1084 2700 105 30 de
1136 2700 105 30 la
1189 2700 210 30 nouvelle
1328 2700 140 30 année.

1343 3007 962 64 ANGLETERRE

758 3163 223 64 ★58★
898 3163 251 64 HENRI
1065 3163 251 64 VIII,
1233 3163 168 64 n.
1317 3163 140 64 à
1372 3163 391 64 Greenwich,
1680 3163 168 64 28
1763 3163 223 64 juin
1903 3163 251 64 1491,
2071 3163 195 64 roi
2182 3163 447 64 d’Angleterre
2545 3163 195 64 (22
2657 3163 251 64 avril
2797 3163 223 64 1509),

757 3232 172 62 m.
843 3232 143 62 à
901 3232 344 62 Londres,
1159 3232 172 62 28
1245 3232 315 62 janvier
1445 3232 201 62 1547.

813 3317 132 50 L.
879 3317 154 50 S.,
967 3317 132 50 en
1033 3317 220 50 latin,
1187 3317 176 50 avec
1297 3317 132 50 la
1341 3317 308 50 souscription

761 3372 360 50 autographe,
1049 3372 144 50 au
1121 3372 240 50 prince
1290 3372 288 50 Wolfgang
1482 3372 168 50 d’An-

764 3421 173 54 halt
872 3421 151 54 (n.
959 3421 194 54 1492,
1088 3421 216 54 prince
1239 3421 129 54 en
1304 3421 194 54 1508,
1433 3421 216 54 chassé
1563 3421 86 54 de

764 3476 151 54 ses
851 3476 194 54 Etats
980 3476 129 54 en
1045 3476 194 54 1532,
1174 3476 237 54 rétabli
1347 3476 173 54 dans
1455 3476 129 54 sa
1498 3476 151 54 prin-

761 3525 271 57 cipauté
958 3525 148 57 en
1032 3525 222 57 1552,
1180 3525 148 57 m.
1254 3525 246 57 1566);
1402 3525 246 57 Londres,

765 3578 136 56 24
833 3578 250 56 janvier
1015 3578 204 56 1531,
1151 3578 159 56 1/2
1242 3578 136 56 p.
1310 3578 250 56 in-fol.
1469 3578 182 56 Taches

763 3633 220 52 d’eau
909 3633 147 52 et
983 3633 440 52 raccommodages.
1350 3633 122 52 —
1374 3633 98 52 P.

803 3698 197 44 Lettre
941 3698 118 44 de
1001 3698 217 44 créance
1159 3698 158 44 pour
1257 3698 118 44 le
1316 3698 217 44 docteur
1455 3698 197 44 Craymer,

767 3740 136 39 son
844 3740 292 39 ambassadeur
1078 3740 195 39 auprès
1215 3740 117 39 de
1254 3740 253 39 l’Empereur.
