3605 4694
730 615 423 51 LVI
971 615 363 51 LE
1153 615 786 51 CATALOGUE
1757 615 605 51 ALFRED
2181 615 544 51 BOVET
2543 615 363 51 C.
2664 615 363 51 XIII

761 914 185 63 est
866 914 422 63 libéralement
1209 914 290 63 ouverte
1420 914 185 63 aux
1526 914 396 63 chercheurs;
1842 914 132 63 à
1895 914 158 63 M.
1974 914 264 63 Jouin,
2159 914 317 63 l’auteur
2396 914 158 63 du
2475 914 422 63 <i>Catalogue
2792 914 237 63 des</i>

756 985 404 66 <i>portraits
1084 985 379 66 historiques
1387 985 278 66 exposés
1589 985 151 66 au
1665 985 454 66 Trocadéro;</i>
2043 985 151 66 et
2119 985 126 66 à
2170 985 151 66 M.
2245 985 227 66 Henri
2397 985 151 66 de
2473 985 278 66 L'Isle,
2675 985 202 66 dont
2776 985 252 66 l’érudi-

761 1058 216 63 tion
896 1058 513 63 bibliographique
1328 1058 189 63 est
1435 1058 162 63 si
1516 1058 324 63 étendue.
1759 1058 243 63 C’est
1921 1058 135 63 à
1975 1058 189 63 eux
2083 1058 189 63 que
2191 1058 243 63 cette
2353 1058 297 63 seconde
2568 1058 297 63 édition
2784 1058 216 63 doit
2892 1058 135 63 des

764 1132 447 64 améliorations
1132 1132 342 64 sensibles
1395 1132 184 64 qui
1500 1132 158 64 la
1579 1132 316 64 rendront
1815 1132 237 64 moins
1973 1132 289 64 indigne
2184 1132 184 64 des
2289 1132 342 64 suffrages
2552 1132 158 64 du
2631 1132 263 64 public
2788 1132 237 64 lettré.

882 1205 380 63 Maintenant
1181 1205 163 63 ma
1262 1205 245 63 tâche
1425 1205 190 63 est
1534 1205 353 63 terminée.
1806 1205 163 63 Je
1887 1205 163 63 ne
1969 1205 217 63 puis
2104 1205 190 63 pas
2213 1205 245 63 dire,
2376 1205 245 63 comme
2539 1205 163 63 le
2621 1205 245 63 poète
2756 1205 272 63 antique,

761 1277 196 63 que
873 1277 308 63 l’heure
1097 1277 168 63 du
1181 1277 252 63 repos
1349 1277 196 63 est
1461 1277 336 63 arrivée:
1713 1277 196 63 mon
1825 1277 224 63 âge,
1965 1277 196 63 les
2077 1277 392 63 conditions
2385 1277 252 63 mêmes
2553 1277 168 63 de
2637 1277 168 63 ma
2721 1277 196 63 vie
2833 1277 168 63 et
2889 1277 140 63 mes

760 1349 280 62 études
956 1349 420 62 m’éloignent
1292 1349 168 62 de
1376 1349 168 62 la
1460 1349 252 62 douce
1628 1349 336 62 oisiveté
1880 1349 168 62 si
1965 1349 252 62 chère
2133 1349 140 62 à
2189 1349 308 62 Horace.
2413 1349 224 62 Mais
2553 1349 252 62 cette
2721 1349 252 62 œuvre
2861 1349 168 62 mar-

762 1424 252 61 quera
930 1424 224 61 dans
1070 1424 168 61 ma
1154 1424 336 61 carrière
1406 1424 196 61 une
1518 1424 252 61 étape
1686 1424 336 61 décisive
1938 1424 168 61 et
2022 1424 364 61 peut-être
2302 1424 308 61 unique,
2526 1424 196 61 car
2638 1424 392 61 l’occasion
2918 1424 112 61 de

762 1496 304 60 dresser
984 1496 166 60 un
1067 1496 249 60 autre
1233 1496 388 60 inventaire
1537 1496 166 60 de
1620 1496 249 60 cette
1786 1496 304 60 nature,
2008 1496 221 60 dans
2146 1496 194 60 des
2257 1496 388 60 conditions
2561 1496 249 60 aussi
2700 1496 332 60 exception-

764 1568 287 63 nelles,
972 1568 208 63 avec
1103 1568 182 63 des
1207 1568 469 63 collaborateurs
1597 1568 156 63 si
1676 1568 208 63 unis
1806 1568 182 63 par
1910 1568 313 63 l’amitié
2144 1568 156 63 et
2223 1568 182 63 par
2327 1568 156 63 la
2405 1568 443 63 confraternité
2770 1568 182 63 des
2848 1568 182 63 goûts

759 1643 162 62 et
840 1643 189 62 des
948 1643 433 62 aspirations,
1300 1643 162 62 se
1381 1643 622 62 représentera-t-elle
1922 1643 297 62 jamais,
2138 1643 189 62 dût
2246 1643 162 62 la
2327 1643 270 62 nature
2516 1643 324 62 clémente
2760 1643 162 62 me
2814 1643 216 62 garder

760 1716 277 62 encore
954 1716 166 62 de
1037 1716 249 62 longs
1203 1716 277 62 jours?
1397 1716 221 62 Quoi
1535 1716 249 62 qu’il
1701 1716 304 62 arrive,
1922 1716 221 62 j’ai
2061 1716 332 62 éprouvé,
2310 1716 304 62 pendant
2531 1716 194 62 les
2642 1716 277 62 quatre
2808 1716 221 62 années

759 1789 387 62 consacrées
1064 1789 138 62 à
1119 1789 249 62 cette
1285 1789 277 62 œuvre,
1478 1789 194 62 une
1589 1789 249 62 douce
1755 1789 387 62 jouissance
2059 1789 138 62 à
2114 1789 249 62 vivre
2280 1789 221 62 dans
2419 1789 387 62 l’intimité
2723 1789 166 62 de
2778 1789 249 62 person-

764 1857 229 63 nages
916 1857 331 63 illustres
1171 1857 127 63 à
1222 1857 178 63 des
1324 1857 255 63 titres
1502 1857 153 63 si
1578 1857 280 63 divers.
1782 1857 204 63 J’ai
1910 1857 306 63 accompli
2139 1857 153 63 ma
2215 1857 229 63 tâche
2368 1857 255 63 <i>con
2546 1857 357 63 amore,</i>
2801 1857 229 63 sachant

761 1929 301 63 qu’elle
979 1929 301 63 n’était
1198 1929 191 63 pas
1307 1929 164 63 de
1390 1929 273 63 celles
1581 1929 191 63 qui
1690 1929 355 63 apportent
1964 1929 137 63 à
2018 1929 219 63 leur
2155 1929 273 63 auteur
2346 1929 164 63 la
2428 1929 328 63 fortune,
2675 1929 191 63 les
2757 1929 273 63 honneurs

760 2000 162 63 ou
841 2000 162 63 la
922 2000 406 63 popularité,
1247 2000 216 63 mais
1382 2000 351 63 convaincu
1652 2000 297 63 qu’elle
1868 2000 351 63 incombait
2139 2000 162 63 au
2220 2000 216 63 fils
2355 2000 162 63 et
2436 2000 135 63 à
2490 2000 379 63 l’héritier
2788 2000 162 63 de
2842 2000 189 63 celui

757 2073 201 65 qui
872 2073 144 65 a
930 2073 259 65 fondé
1102 2073 173 65 la
1189 2073 316 65 science
1419 2073 201 65 des
1534 2073 460 65 autographes.
1908 2073 173 65 Je
1994 2073 173 65 me
2081 2073 230 65 suis
2224 2073 316 65 souvenu
2455 2073 201 65 que
2570 2073 259 65 c’est
2742 2073 173 65 en
2800 2073 230 65 France

754 2146 215 65 que
877 2146 185 65 le
970 2146 246 65 goût
1124 2146 215 65 des
1247 2146 462 65 autographes
1616 2146 154 65 a
1678 2146 246 65 pris
1832 2146 400 65 naissance
2139 2146 185 65 et
2232 2146 154 65 a
2293 2146 308 65 obtenu
2509 2146 215 65 son
2632 2146 246 65 plus
2755 2146 277 65 complet

757 2220 518 64 développement,
1189 2220 173 64 et
1275 2220 230 64 j’ai
1419 2220 288 64 essayé
1621 2220 173 64 de
1707 2220 173 64 ne
1793 2220 201 64 pas
1909 2220 173 64 me
1995 2220 317 64 montrer
2225 2220 317 64 indigne
2455 2220 201 64 des
2570 2220 345 64 précieux
2801 2220 230 64 ensei-

754 2294 375 67 gnements
1035 2294 187 67 de
1128 2294 218 67 mon
1253 2294 250 67 père
1409 2294 312 67 vénéré
1628 2294 187 67 et
1721 2294 187 67 de
1815 2294 218 67 mes
1940 2294 343 67 maîtres
2189 2294 187 67 de
2283 2294 343 67 l’Ecole
2533 2294 218 67 des
2658 2294 375 67 Chartes.
2907 2294 125 67 Je

756 2370 230 63 n’ai
900 2370 288 63 qu’une
1102 2370 432 63 prétention,
1447 2370 259 63 c’est
1620 2370 317 63 d’avoir
1850 2370 345 63 toujours
2109 2370 345 63 apporté,
2368 2370 230 63 dans
2512 2370 403 63 l’exercice
2829 2370 173 63 de
2886 2370 144 63 mon

756 2445 281 63 métier
953 2445 169 63 en
1037 2445 309 63 général
1261 2445 169 63 et
1346 2445 225 63 dans
1486 2445 169 63 la
1570 2445 365 63 rédaction
1851 2445 169 63 de
1936 2445 197 63 cet
2048 2445 393 63 inventaire
2357 2445 169 63 en
2441 2445 449 63 particulier,
2806 2445 225 63 tout
2919 2445 112 63 le

752 2519 253 62 zèle,
921 2519 225 62 tout
1061 2519 309 62 l’amour
1286 2519 506 62 professionnel,
1708 2519 253 62 toute
1876 2519 169 62 la
1961 2519 394 62 conscience
2270 2519 225 62 dont
2411 2519 169 62 je
2495 2519 225 62 suis
2635 2519 337 62 capable.
2860 2519 169 62 J’ai

753 2594 197 60 été
865 2594 309 60 soutenu
1090 2594 197 60 par
1203 2594 253 60 cette
1371 2594 422 60 fortifiante
1709 2594 281 60 pensée
1906 2594 225 60 que,
2046 2594 590 60 quelqu’imparfaite
2552 2594 309 60 qu’elle
2777 2594 225 60 fût,
2889 2594 141 60 mon

754 2664 256 62 œuvre
924 2664 285 62 serait
1124 2664 399 62 profitable
1437 2664 142 62 à
1494 2664 199 62 mes
1608 2664 484 62 contemporains
2006 2664 171 62 et
2092 2664 199 62 aux
2205 2664 427 62 générations
2547 2664 342 62 futures.
2775 2664 256 62 Ceux

754 2738 244 61 seuls
917 2738 190 61 qui
1025 2738 190 61 ont
1133 2738 434 61 l’expérience
1486 2738 190 61 des
1594 2738 271 61 études
1784 2738 380 61 d’histoire
2082 2738 163 61 et
2164 2738 407 61 d’érudition
2489 2738 434 61 comprendront
2814 2738 217 61 quelle

753 2809 260 60 somme
926 2809 173 60 de
1013 2809 346 60 travail,
1272 2809 173 60 de
1359 2809 404 60 recherches
1676 2809 173 60 et
1762 2809 173 60 de
1849 2809 346 60 patience
2108 2809 144 60 a
2166 2809 260 60 coûté
2339 2809 202 60 cet
2454 2809 433 60 inventaire.
2772 2809 260 60 Ceux

754 2880 238 62 seuls
912 2880 238 62 aussi
1071 2880 397 62 partageront
1389 2880 159 62 la
1468 2880 424 62 satisfaction
1812 2880 185 62 que
1918 2880 212 62 j’ai
2051 2880 344 62 ressentie
2315 2880 132 62 à
2368 2880 344 62 redresser
2633 2880 185 62 des
2739 2880 318 62 erreurs,
2951 2880 79 62 à

752 2952 302 68 fournir
971 2952 192 68 des
1081 2952 329 68 éléments
1328 2952 329 68 nouveaux
1575 2952 137 68 à
1630 2952 384 68 l’histoire
1932 2952 329 68 générale
2179 2952 165 68 ou
2261 2952 467 68 particulière,
2646 2952 137 68 à
2701 2952 329 68 apporter
2920 2952 110 68 ma

753 3026 271 64 pierre
943 3026 135 64 à
997 3026 244 64 cette
1159 3026 244 64 œuvre
1322 3026 163 64 de
1403 3026 271 64 vérité
1593 3026 379 64 historique
1891 3026 163 64 si
1972 3026 352 64 difficile
2243 3026 135 64 à
2297 3026 352 64 réaliser.
2568 3026 244 64 C’est
2731 3026 135 64 à
2785 3026 244 64 cause
2921 3026 108 64 de

750 3099 253 67 cette
919 3099 225 67 mine
1059 3099 422 67 inépuisable
1397 3099 169 67 de
1481 3099 506 67 renseignements
1903 3099 310 67 fournis
2129 3099 197 67 par
2241 3099 197 67 les
2354 3099 366 67 documents
2635 3099 366 67 analysés,
2888 3099 141 67 que

752 3172 166 67 le
835 3172 360 67 catalogue
1112 3172 249 67 Bovet
1279 3172 194 67 est
1389 3172 277 67 assuré
1583 3172 222 67 d’un
1722 3172 277 67 succès
1916 3172 305 67 durable
2137 3172 277 67 auprès
2331 3172 166 67 de
2415 3172 166 67 la
2498 3172 360 67 postérité
2747 3172 277 67 savante.

750 3246 197 67 Que
862 3246 169 67 de
947 3246 281 67 livres
1143 3246 225 67 plus
1284 3246 365 67 brillants
1565 3246 169 67 et
1649 3246 225 67 plus
1790 3246 365 67 remarqués
2071 3246 281 67 auront
2268 3246 197 67 été
2380 3246 197 67 dès
2493 3246 365 67 longtemps
2746 3246 281 67 oubliés,

751 3320 192 65 que
860 3320 329 65 celui-ci
1107 3320 220 65 sera
1244 3320 274 65 encore
1437 3320 329 65 consulté
1683 3320 220 65 avec
1821 3320 247 65 fruit
1985 3320 192 65 par
2095 3320 192 65 les
2205 3320 384 65 historiens
2507 3320 165 65 et
2589 3320 192 65 par
2699 3320 192 65 les
2781 3320 247 65 érudits

752 3391 169 68 et
836 3391 365 68 recherché
1117 3391 197 68 par
1230 3391 197 68 les
1342 3391 478 68 bibliophiles!
1735 3391 253 68 Cette
1904 3391 281 68 double
2101 3391 281 68 pensée
2297 3391 169 68 du
2382 3391 309 68 service
2607 3391 253 68 rendu
2775 3391 169 68 et
2859 3391 169 68 de
2916 3391 112 68 la

751 3466 419 64 perpétuité
1081 3466 180 64 de
1170 3466 330 64 l’œuvre
1410 3466 419 64 n’est-elle
1740 3466 210 64 pas
1860 3466 210 64 une
1979 3466 360 64 légitime
2249 3466 419 64 récompense
2579 3466 210 64 des
2698 3466 330 64 efforts
2908 3466 120 64 de

754 3532 165 58 M.
836 3532 275 58 Alfred
1028 3532 247 58 Bovet
1193 3532 165 58 et
1275 3532 165 58 de
1358 3532 192 58 ses
1440 3532 467 58 collaborateurs?

2116 3673 437 48 ÉTIENNE
2395 3673 437 48 CHARAVAY.
