5677.165354330708 7392.1259842519685
1149.6062992125985 968.503937007874 666.1417322834645 80.31496062992126 LVI
1529.1338582677165 968.503937007874 571.6535433070866 80.31496062992126 LE
1815.748031496063 968.503937007874 1237.7952755905512 80.31496062992126 CATALOGUE
2766.9291338582675 968.503937007874 952.7559055118111 80.31496062992126 ALFRED
3434.6456692913384 968.503937007874 856.6929133858267 80.31496062992126 BOVET
4004.7244094488187 968.503937007874 571.6535433070866 80.31496062992126 C.
4195.275590551181 968.503937007874 571.6535433070866 80.31496062992126 XIII

1198.4251968503936 1439.3700787401574 291.33858267716533 99.21259842519684 est
1363.7795275590552 1439.3700787401574 664.5669291338583 99.21259842519684 libéralement
1903.9370078740158 1439.3700787401574 456.6929133858268 99.21259842519684 ouverte
2236.220472440945 1439.3700787401574 291.33858267716533 99.21259842519684 aux
2403.149606299213 1439.3700787401574 623.6220472440945 99.21259842519684 chercheurs;
2900.787401574803 1439.3700787401574 207.8740157480315 99.21259842519684 à
2984.251968503937 1439.3700787401574 248.8188976377953 99.21259842519684 M.
3108.6614173228345 1439.3700787401574 415.748031496063 99.21259842519684 Jouin,
3400.0 1439.3700787401574 499.21259842519686 99.21259842519684 l’auteur
3773.228346456693 1439.3700787401574 248.8188976377953 99.21259842519684 du
3897.6377952755906 1439.3700787401574 664.5669291338583 99.21259842519684 Catalogue
4396.850393700787 1439.3700787401574 373.2283464566929 99.21259842519684 des

1190.5511811023623 1551.1811023622047 636.2204724409448 103.93700787401575 portraits
1707.0866141732283 1551.1811023622047 596.8503937007874 103.93700787401575 historiques
2184.251968503937 1551.1811023622047 437.79527559055117 103.93700787401575 exposés
2502.3622047244094 1551.1811023622047 237.79527559055117 103.93700787401575 au
2622.047244094488 1551.1811023622047 714.9606299212599 103.93700787401575 Trocadéro;
3217.3228346456694 1551.1811023622047 237.79527559055117 103.93700787401575 et
3337.0078740157483 1551.1811023622047 198.4251968503937 103.93700787401575 à
3417.3228346456694 1551.1811023622047 237.79527559055117 103.93700787401575 M.
3535.433070866142 1551.1811023622047 357.4803149606299 103.93700787401575 Henri
3774.803149606299 1551.1811023622047 237.79527559055117 103.93700787401575 de
3894.488188976378 1551.1811023622047 437.79527559055117 103.93700787401575 L'Isle,
4212.59842519685 1551.1811023622047 318.1102362204724 103.93700787401575 dont
4371.653543307087 1551.1811023622047 396.8503937007874 103.93700787401575 l’érudi-

1198.4251968503936 1666.1417322834645 340.15748031496065 99.21259842519684 tion
1411.023622047244 1666.1417322834645 807.8740157480315 99.21259842519684 bibliographique
2091.3385826771655 1666.1417322834645 297.6377952755906 99.21259842519684 est
2259.8425196850394 1666.1417322834645 255.11811023622047 99.21259842519684 si
2387.4015748031497 1666.1417322834645 510.23622047244095 99.21259842519684 étendue.
2770.0787401574803 1666.1417322834645 382.6771653543307 99.21259842519684 C’est
3025.196850393701 1666.1417322834645 212.5984251968504 99.21259842519684 à
3110.236220472441 1666.1417322834645 297.6377952755906 99.21259842519684 eux
3280.314960629921 1666.1417322834645 297.6377952755906 99.21259842519684 que
3450.3937007874015 1666.1417322834645 382.6771653543307 99.21259842519684 cette
3705.511811023622 1666.1417322834645 467.7165354330709 99.21259842519684 seconde
4044.0944881889764 1666.1417322834645 467.7165354330709 99.21259842519684 édition
4384.251968503937 1666.1417322834645 340.15748031496065 99.21259842519684 doit
4554.330708661418 1666.1417322834645 212.5984251968504 99.21259842519684 des

1203.1496062992126 1782.6771653543308 703.9370078740158 100.78740157480316 améliorations
1782.6771653543308 1782.6771653543308 538.5826771653543 100.78740157480316 sensibles
2196.850393700787 1782.6771653543308 289.76377952755905 100.78740157480316 qui
2362.2047244094488 1782.6771653543308 248.8188976377953 100.78740157480316 la
2486.6141732283463 1782.6771653543308 497.6377952755906 100.78740157480316 rendront
2858.267716535433 1782.6771653543308 373.2283464566929 100.78740157480316 moins
3107.0866141732286 1782.6771653543308 455.11811023622045 100.78740157480316 indigne
3439.3700787401576 1782.6771653543308 289.76377952755905 100.78740157480316 des
3604.7244094488187 1782.6771653543308 538.5826771653543 100.78740157480316 suffrages
4018.8976377952754 1782.6771653543308 248.8188976377953 100.78740157480316 du
4143.307086614173 1782.6771653543308 414.1732283464567 100.78740157480316 public
4390.5511811023625 1782.6771653543308 373.2283464566929 100.78740157480316 lettré.

1388.976377952756 1897.6377952755906 598.4251968503937 99.21259842519684 Maintenant
1859.8425196850394 1897.6377952755906 256.6929133858268 99.21259842519684 ma
1987.4015748031495 1897.6377952755906 385.8267716535433 99.21259842519684 tâche
2244.0944881889764 1897.6377952755906 299.21259842519686 99.21259842519684 est
2415.748031496063 1897.6377952755906 555.9055118110236 99.21259842519684 terminée.
2844.0944881889764 1897.6377952755906 256.6929133858268 99.21259842519684 Je
2971.6535433070867 1897.6377952755906 256.6929133858268 99.21259842519684 ne
3100.787401574803 1897.6377952755906 341.73228346456693 99.21259842519684 puis
3313.3858267716537 1897.6377952755906 299.21259842519686 99.21259842519684 pas
3485.0393700787404 1897.6377952755906 385.8267716535433 99.21259842519684 dire,
3741.732283464567 1897.6377952755906 385.8267716535433 99.21259842519684 comme
3998.4251968503936 1897.6377952755906 256.6929133858268 99.21259842519684 le
4127.55905511811 1897.6377952755906 385.8267716535433 99.21259842519684 poète
4340.157480314961 1897.6377952755906 428.34645669291336 99.21259842519684 antique,

1198.4251968503936 2011.023622047244 308.66141732283467 99.21259842519684 que
1374.8031496062993 2011.023622047244 485.03937007874015 99.21259842519684 l’heure
1727.5590551181103 2011.023622047244 264.56692913385825 99.21259842519684 du
1859.8425196850394 2011.023622047244 396.8503937007874 99.21259842519684 repos
2124.4094488188975 2011.023622047244 308.66141732283467 99.21259842519684 est
2300.787401574803 2011.023622047244 529.1338582677165 99.21259842519684 arrivée:
2697.6377952755906 2011.023622047244 308.66141732283467 99.21259842519684 mon
2874.015748031496 2011.023622047244 352.755905511811 99.21259842519684 âge,
3094.488188976378 2011.023622047244 308.66141732283467 99.21259842519684 les
3270.8661417322833 2011.023622047244 617.3228346456693 99.21259842519684 conditions
3755.9055118110236 2011.023622047244 396.8503937007874 99.21259842519684 mêmes
4020.472440944882 2011.023622047244 264.56692913385825 99.21259842519684 de
4152.755905511811 2011.023622047244 264.56692913385825 99.21259842519684 ma
4285.03937007874 2011.023622047244 308.66141732283467 99.21259842519684 vie
4461.417322834645 2011.023622047244 264.56692913385825 99.21259842519684 et
4549.606299212598 2011.023622047244 220.4724409448819 99.21259842519684 mes

1196.8503937007874 2124.4094488188975 440.9448818897638 97.63779527559055 études
1505.5118110236222 2124.4094488188975 661.4173228346457 97.63779527559055 m’éloignent
2034.6456692913387 2124.4094488188975 264.56692913385825 97.63779527559055 de
2166.9291338582675 2124.4094488188975 264.56692913385825 97.63779527559055 la
2299.212598425197 2124.4094488188975 396.8503937007874 97.63779527559055 douce
2563.779527559055 2124.4094488188975 529.1338582677165 97.63779527559055 oisiveté
2960.6299212598424 2124.4094488188975 264.56692913385825 97.63779527559055 si
3094.488188976378 2124.4094488188975 396.8503937007874 97.63779527559055 chère
3359.0551181102364 2124.4094488188975 220.4724409448819 97.63779527559055 à
3447.244094488189 2124.4094488188975 485.03937007874015 97.63779527559055 Horace.
3800.0 2124.4094488188975 352.755905511811 97.63779527559055 Mais
4020.472440944882 2124.4094488188975 396.8503937007874 97.63779527559055 cette
4285.03937007874 2124.4094488188975 396.8503937007874 97.63779527559055 œuvre
4505.511811023622 2124.4094488188975 264.56692913385825 97.63779527559055 mar-

1200.0 2242.51968503937 396.8503937007874 96.06299212598425 quera
1464.5669291338584 2242.51968503937 352.755905511811 96.06299212598425 dans
1685.0393700787401 2242.51968503937 264.56692913385825 96.06299212598425 ma
1817.3228346456692 2242.51968503937 529.1338582677165 96.06299212598425 carrière
2214.1732283464567 2242.51968503937 308.66141732283467 96.06299212598425 une
2390.551181102362 2242.51968503937 396.8503937007874 96.06299212598425 étape
2655.1181102362207 2242.51968503937 529.1338582677165 96.06299212598425 décisive
3051.968503937008 2242.51968503937 264.56692913385825 96.06299212598425 et
3184.251968503937 2242.51968503937 573.2283464566929 96.06299212598425 peut-être
3625.196850393701 2242.51968503937 485.03937007874015 96.06299212598425 unique,
3977.952755905512 2242.51968503937 308.66141732283467 96.06299212598425 car
4154.330708661418 2242.51968503937 617.3228346456693 96.06299212598425 l’occasion
4595.275590551181 2242.51968503937 176.3779527559055 96.06299212598425 de

1200.0 2355.9055118110236 478.74015748031496 94.48818897637796 dresser
1549.6062992125985 2355.9055118110236 261.4173228346457 94.48818897637796 un
1680.3149606299212 2355.9055118110236 392.12598425196853 94.48818897637796 autre
1941.732283464567 2355.9055118110236 611.0236220472441 94.48818897637796 inventaire
2420.472440944882 2355.9055118110236 261.4173228346457 94.48818897637796 de
2551.181102362205 2355.9055118110236 392.12598425196853 94.48818897637796 cette
2812.5984251968503 2355.9055118110236 478.74015748031496 94.48818897637796 nature,
3162.2047244094488 2355.9055118110236 348.0314960629921 94.48818897637796 dans
3379.527559055118 2355.9055118110236 305.51181102362204 94.48818897637796 des
3554.3307086614172 2355.9055118110236 611.0236220472441 94.48818897637796 conditions
4033.0708661417325 2355.9055118110236 392.12598425196853 94.48818897637796 aussi
4251.968503937008 2355.9055118110236 522.8346456692914 94.48818897637796 exception-

1203.1496062992126 2469.2913385826773 451.9685039370079 99.21259842519684 nelles,
1530.708661417323 2469.2913385826773 327.5590551181102 99.21259842519684 avec
1737.007874015748 2469.2913385826773 286.61417322834643 99.21259842519684 des
1900.7874015748032 2469.2913385826773 738.5826771653543 99.21259842519684 collaborateurs
2514.9606299212596 2469.2913385826773 245.66929133858267 99.21259842519684 si
2639.3700787401576 2469.2913385826773 327.5590551181102 99.21259842519684 unis
2844.0944881889764 2469.2913385826773 286.61417322834643 99.21259842519684 par
3007.8740157480315 2469.2913385826773 492.9133858267717 99.21259842519684 l’amitié
3376.3779527559054 2469.2913385826773 245.66929133858267 99.21259842519684 et
3500.787401574803 2469.2913385826773 286.61417322834643 99.21259842519684 par
3664.566929133858 2469.2913385826773 245.66929133858267 99.21259842519684 la
3787.4015748031497 2469.2913385826773 697.6377952755905 99.21259842519684 confraternité
4362.204724409449 2469.2913385826773 286.61417322834643 99.21259842519684 des
4485.03937007874 2469.2913385826773 286.61417322834643 99.21259842519684 goûts

1195.275590551181 2587.4015748031497 255.11811023622047 97.63779527559055 et
1322.8346456692914 2587.4015748031497 297.6377952755906 97.63779527559055 des
1492.9133858267717 2587.4015748031497 681.8897637795276 97.63779527559055 aspirations,
2047.244094488189 2587.4015748031497 255.11811023622047 97.63779527559055 se
2174.803149606299 2587.4015748031497 979.5275590551181 97.63779527559055 représentera-t-elle
3026.771653543307 2587.4015748031497 467.7165354330709 97.63779527559055 jamais,
3366.9291338582675 2587.4015748031497 297.6377952755906 97.63779527559055 dût
3537.0078740157483 2587.4015748031497 255.11811023622047 97.63779527559055 la
3664.566929133858 2587.4015748031497 425.1968503937008 97.63779527559055 nature
3962.2047244094488 2587.4015748031497 510.23622047244095 97.63779527559055 clémente
4346.456692913386 2587.4015748031497 255.11811023622047 97.63779527559055 me
4431.496062992126 2587.4015748031497 340.15748031496065 97.63779527559055 garder

1196.8503937007874 2702.3622047244094 436.2204724409449 97.63779527559055 encore
1502.3622047244094 2702.3622047244094 261.4173228346457 97.63779527559055 de
1633.0708661417323 2702.3622047244094 392.12598425196853 97.63779527559055 longs
1894.4881889763778 2702.3622047244094 436.2204724409449 97.63779527559055 jours?
2200.0 2702.3622047244094 348.0314960629921 97.63779527559055 Quoi
2417.3228346456694 2702.3622047244094 392.12598425196853 97.63779527559055 qu’il
2678.740157480315 2702.3622047244094 478.74015748031496 97.63779527559055 arrive,
3026.771653543307 2702.3622047244094 348.0314960629921 97.63779527559055 j’ai
3245.6692913385828 2702.3622047244094 522.8346456692914 97.63779527559055 éprouvé,
3637.7952755905512 2702.3622047244094 478.74015748031496 97.63779527559055 pendant
3985.8267716535433 2702.3622047244094 305.51181102362204 97.63779527559055 les
4160.629921259842 2702.3622047244094 436.2204724409449 97.63779527559055 quatre
4422.047244094489 2702.3622047244094 348.0314960629921 97.63779527559055 années

1195.275590551181 2817.3228346456694 609.4488188976378 97.63779527559055 consacrées
1675.5905511811025 2817.3228346456694 217.3228346456693 97.63779527559055 à
1762.2047244094488 2817.3228346456694 392.12598425196853 97.63779527559055 cette
2023.6220472440946 2817.3228346456694 436.2204724409449 97.63779527559055 œuvre,
2327.5590551181103 2817.3228346456694 305.51181102362204 97.63779527559055 une
2502.3622047244094 2817.3228346456694 392.12598425196853 97.63779527559055 douce
2763.779527559055 2817.3228346456694 609.4488188976378 97.63779527559055 jouissance
3242.51968503937 2817.3228346456694 217.3228346456693 97.63779527559055 à
3329.1338582677167 2817.3228346456694 392.12598425196853 97.63779527559055 vivre
3590.551181102362 2817.3228346456694 348.0314960629921 97.63779527559055 dans
3809.448818897638 2817.3228346456694 609.4488188976378 97.63779527559055 l’intimité
4288.188976377953 2817.3228346456694 261.4173228346457 97.63779527559055 de
4374.8031496062995 2817.3228346456694 392.12598425196853 97.63779527559055 person-

1203.1496062992126 2924.4094488188975 360.62992125984255 99.21259842519684 nages
1442.5196850393702 2924.4094488188975 521.2598425196851 99.21259842519684 illustres
1844.0944881889764 2924.4094488188975 200.0 99.21259842519684 à
1924.4094488188975 2924.4094488188975 280.31496062992125 99.21259842519684 des
2085.0393700787404 2924.4094488188975 401.5748031496063 99.21259842519684 titres
2365.3543307086616 2924.4094488188975 240.9448818897638 99.21259842519684 si
2485.0393700787404 2924.4094488188975 440.9448818897638 99.21259842519684 divers.
2806.299212598425 2924.4094488188975 321.25984251968504 99.21259842519684 J’ai
3007.8740157480315 2924.4094488188975 481.8897637795276 99.21259842519684 accompli
3368.503937007874 2924.4094488188975 240.9448818897638 99.21259842519684 ma
3488.1889763779527 2924.4094488188975 360.62992125984255 99.21259842519684 tâche
3729.1338582677167 2924.4094488188975 401.5748031496063 99.21259842519684 con
4009.448818897638 2924.4094488188975 562.2047244094488 99.21259842519684 amore,
4411.023622047244 2924.4094488188975 360.62992125984255 99.21259842519684 sachant

1198.4251968503936 3037.7952755905512 474.01574803149606 99.21259842519684 qu’elle
1541.732283464567 3037.7952755905512 474.01574803149606 99.21259842519684 n’était
1886.6141732283465 3037.7952755905512 300.78740157480314 99.21259842519684 pas
2058.267716535433 3037.7952755905512 258.26771653543307 99.21259842519684 de
2188.9763779527557 3037.7952755905512 429.9212598425197 99.21259842519684 celles
2489.763779527559 3037.7952755905512 300.78740157480314 99.21259842519684 qui
2661.417322834646 3037.7952755905512 559.0551181102362 99.21259842519684 apportent
3092.9133858267714 3037.7952755905512 215.748031496063 99.21259842519684 à
3177.952755905512 3037.7952755905512 344.88188976377955 99.21259842519684 leur
3393.700787401575 3037.7952755905512 429.9212598425197 99.21259842519684 auteur
3694.488188976378 3037.7952755905512 258.26771653543307 99.21259842519684 la
3823.6220472440946 3037.7952755905512 516.5354330708661 99.21259842519684 fortune,
4212.59842519685 3037.7952755905512 300.78740157480314 99.21259842519684 les
4341.7322834645665 3037.7952755905512 429.9212598425197 99.21259842519684 honneurs

1196.8503937007874 3149.6062992125985 255.11811023622047 99.21259842519684 ou
1324.4094488188975 3149.6062992125985 255.11811023622047 99.21259842519684 la
1451.9685039370079 3149.6062992125985 639.3700787401575 99.21259842519684 popularité,
1963.7795275590552 3149.6062992125985 340.15748031496065 99.21259842519684 mais
2176.3779527559054 3149.6062992125985 552.7559055118111 99.21259842519684 convaincu
2601.5748031496064 3149.6062992125985 467.7165354330709 99.21259842519684 qu’elle
2941.732283464567 3149.6062992125985 552.7559055118111 99.21259842519684 incombait
3368.503937007874 3149.6062992125985 255.11811023622047 99.21259842519684 au
3496.0629921259842 3149.6062992125985 340.15748031496065 99.21259842519684 fils
3708.6614173228345 3149.6062992125985 255.11811023622047 99.21259842519684 et
3836.220472440945 3149.6062992125985 212.5984251968504 99.21259842519684 à
3921.259842519685 3149.6062992125985 596.8503937007874 99.21259842519684 l’héritier
4390.5511811023625 3149.6062992125985 255.11811023622047 99.21259842519684 de
4475.5905511811025 3149.6062992125985 297.6377952755906 99.21259842519684 celui

1192.1259842519685 3264.566929133858 316.53543307086613 102.36220472440945 qui
1373.2283464566929 3264.566929133858 226.77165354330708 102.36220472440945 a
1464.5669291338584 3264.566929133858 407.87401574803147 102.36220472440945 fondé
1735.4330708661416 3264.566929133858 272.4409448818898 102.36220472440945 la
1872.4409448818897 3264.566929133858 497.6377952755906 102.36220472440945 science
2234.6456692913384 3264.566929133858 316.53543307086613 102.36220472440945 des
2415.748031496063 3264.566929133858 724.4094488188977 102.36220472440945 autographes.
3004.7244094488187 3264.566929133858 272.4409448818898 102.36220472440945 Je
3140.1574803149606 3264.566929133858 272.4409448818898 102.36220472440945 me
3277.165354330709 3264.566929133858 362.20472440944883 102.36220472440945 suis
3502.3622047244094 3264.566929133858 497.6377952755906 102.36220472440945 souvenu
3866.1417322834645 3264.566929133858 316.53543307086613 102.36220472440945 que
4047.244094488189 3264.566929133858 407.87401574803147 102.36220472440945 c’est
4318.110236220473 3264.566929133858 272.4409448818898 102.36220472440945 en
4409.4488188976375 3264.566929133858 362.20472440944883 102.36220472440945 France

1187.4015748031495 3379.527559055118 338.5826771653543 102.36220472440945 que
1381.1023622047244 3379.527559055118 291.33858267716533 102.36220472440945 le
1527.5590551181103 3379.527559055118 387.40157480314963 102.36220472440945 goût
1770.0787401574803 3379.527559055118 338.5826771653543 102.36220472440945 des
1963.7795275590552 3379.527559055118 727.5590551181102 102.36220472440945 autographes
2544.8818897637793 3379.527559055118 242.51968503937007 102.36220472440945 a
2642.51968503937 3379.527559055118 387.40157480314963 102.36220472440945 pris
2885.0393700787404 3379.527559055118 629.9212598425197 102.36220472440945 naissance
3368.503937007874 3379.527559055118 291.33858267716533 102.36220472440945 et
3514.9606299212596 3379.527559055118 242.51968503937007 102.36220472440945 a
3611.0236220472443 3379.527559055118 485.03937007874015 102.36220472440945 obtenu
3951.181102362205 3379.527559055118 338.5826771653543 102.36220472440945 son
4144.881889763779 3379.527559055118 387.40157480314963 102.36220472440945 plus
4338.582677165355 3379.527559055118 436.2204724409449 102.36220472440945 complet

1192.1259842519685 3496.0629921259842 815.7480314960629 100.78740157480316 développement,
1872.4409448818897 3496.0629921259842 272.4409448818898 100.78740157480316 et
2007.8740157480315 3496.0629921259842 362.20472440944883 100.78740157480316 j’ai
2234.6456692913384 3496.0629921259842 453.54330708661416 100.78740157480316 essayé
2552.755905511811 3496.0629921259842 272.4409448818898 100.78740157480316 de
2688.1889763779527 3496.0629921259842 272.4409448818898 100.78740157480316 ne
2823.6220472440946 3496.0629921259842 316.53543307086613 100.78740157480316 pas
3006.299212598425 3496.0629921259842 272.4409448818898 100.78740157480316 me
3141.732283464567 3496.0629921259842 499.21259842519686 100.78740157480316 montrer
3503.9370078740158 3496.0629921259842 499.21259842519686 100.78740157480316 indigne
3866.1417322834645 3496.0629921259842 316.53543307086613 100.78740157480316 des
4047.244094488189 3496.0629921259842 543.3070866141733 100.78740157480316 précieux
4411.023622047244 3496.0629921259842 362.20472440944883 100.78740157480316 ensei-

1187.4015748031495 3612.5984251968503 590.5511811023622 105.51181102362204 gnements
1629.9212598425197 3612.5984251968503 294.48818897637796 105.51181102362204 de
1776.3779527559054 3612.5984251968503 343.3070866141732 105.51181102362204 mon
1973.2283464566929 3612.5984251968503 393.7007874015748 105.51181102362204 père
2218.8976377952754 3612.5984251968503 491.33858267716533 105.51181102362204 vénéré
2563.779527559055 3612.5984251968503 294.48818897637796 105.51181102362204 et
2710.236220472441 3612.5984251968503 294.48818897637796 105.51181102362204 de
2858.267716535433 3612.5984251968503 343.3070866141732 105.51181102362204 mes
3055.1181102362207 3612.5984251968503 540.1574803149606 105.51181102362204 maîtres
3447.244094488189 3612.5984251968503 294.48818897637796 105.51181102362204 de
3595.2755905511813 3612.5984251968503 540.1574803149606 105.51181102362204 l’Ecole
3988.9763779527557 3612.5984251968503 343.3070866141732 105.51181102362204 des
4185.826771653543 3612.5984251968503 590.5511811023622 105.51181102362204 Chartes.
4577.952755905511 3612.5984251968503 196.8503937007874 105.51181102362204 Je

1190.5511811023623 3732.283464566929 362.20472440944883 99.21259842519684 n’ai
1417.3228346456692 3732.283464566929 453.54330708661416 99.21259842519684 qu’une
1735.4330708661416 3732.283464566929 680.3149606299213 99.21259842519684 prétention,
2278.740157480315 3732.283464566929 407.87401574803147 99.21259842519684 c’est
2551.181102362205 3732.283464566929 499.21259842519686 99.21259842519684 d’avoir
2913.3858267716537 3732.283464566929 543.3070866141733 99.21259842519684 toujours
3321.259842519685 3732.283464566929 543.3070866141733 99.21259842519684 apporté,
3729.1338582677167 3732.283464566929 362.20472440944883 99.21259842519684 dans
3955.9055118110236 3732.283464566929 634.6456692913385 99.21259842519684 l’exercice
4455.118110236221 3732.283464566929 272.4409448818898 99.21259842519684 de
4544.881889763779 3732.283464566929 226.77165354330708 99.21259842519684 mon

1190.5511811023623 3850.3937007874015 442.5196850393701 99.21259842519684 métier
1500.7874015748032 3850.3937007874015 266.1417322834646 99.21259842519684 en
1633.0708661417323 3850.3937007874015 486.61417322834643 99.21259842519684 général
1985.8267716535433 3850.3937007874015 266.1417322834646 99.21259842519684 et
2119.685039370079 3850.3937007874015 354.3307086614173 99.21259842519684 dans
2340.1574803149606 3850.3937007874015 266.1417322834646 99.21259842519684 la
2472.4409448818897 3850.3937007874015 574.8031496062993 99.21259842519684 rédaction
2914.9606299212596 3850.3937007874015 266.1417322834646 99.21259842519684 de
3048.818897637795 3850.3937007874015 310.23622047244095 99.21259842519684 cet
3225.196850393701 3850.3937007874015 618.8976377952756 99.21259842519684 inventaire
3711.8110236220473 3850.3937007874015 266.1417322834646 99.21259842519684 en
3844.0944881889764 3850.3937007874015 707.0866141732283 99.21259842519684 particulier,
4418.897637795276 3850.3937007874015 354.3307086614173 99.21259842519684 tout
4596.850393700787 3850.3937007874015 176.3779527559055 99.21259842519684 le

1184.251968503937 3966.9291338582675 398.4251968503937 97.63779527559055 zèle,
1450.3937007874015 3966.9291338582675 354.3307086614173 97.63779527559055 tout
1670.8661417322835 3966.9291338582675 486.61417322834643 97.63779527559055 l’amour
2025.1968503937007 3966.9291338582675 796.8503937007874 97.63779527559055 professionnel,
2689.763779527559 3966.9291338582675 398.4251968503937 97.63779527559055 toute
2954.3307086614172 3966.9291338582675 266.1417322834646 97.63779527559055 la
3088.1889763779527 3966.9291338582675 620.4724409448819 97.63779527559055 conscience
3574.803149606299 3966.9291338582675 354.3307086614173 97.63779527559055 dont
3796.850393700787 3966.9291338582675 266.1417322834646 97.63779527559055 je
3929.1338582677167 3966.9291338582675 354.3307086614173 97.63779527559055 suis
4149.606299212598 3966.9291338582675 530.7086614173228 97.63779527559055 capable.
4503.937007874016 3966.9291338582675 266.1417322834646 97.63779527559055 J’ai

1185.8267716535433 4085.0393700787404 310.23622047244095 94.48818897637796 été
1362.2047244094488 4085.0393700787404 486.61417322834643 94.48818897637796 soutenu
1716.5354330708662 4085.0393700787404 310.23622047244095 94.48818897637796 par
1894.4881889763778 4085.0393700787404 398.4251968503937 94.48818897637796 cette
2159.0551181102364 4085.0393700787404 664.5669291338583 94.48818897637796 fortifiante
2691.3385826771655 4085.0393700787404 442.5196850393701 94.48818897637796 pensée
3001.5748031496064 4085.0393700787404 354.3307086614173 94.48818897637796 que,
3222.047244094488 4085.0393700787404 929.1338582677165 94.48818897637796 quelqu’imparfaite
4018.8976377952754 4085.0393700787404 486.61417322834643 94.48818897637796 qu’elle
4373.228346456693 4085.0393700787404 354.3307086614173 94.48818897637796 fût,
4549.606299212598 4085.0393700787404 222.04724409448818 94.48818897637796 mon

1187.4015748031495 4195.275590551181 403.1496062992126 97.63779527559055 œuvre
1455.1181102362204 4195.275590551181 448.81889763779526 97.63779527559055 serait
1770.0787401574803 4195.275590551181 628.3464566929134 97.63779527559055 profitable
2262.9921259842517 4195.275590551181 223.6220472440945 97.63779527559055 à
2352.755905511811 4195.275590551181 313.38582677165357 97.63779527559055 mes
2532.283464566929 4195.275590551181 762.2047244094488 97.63779527559055 contemporains
3159.0551181102364 4195.275590551181 269.29133858267716 97.63779527559055 et
3294.488188976378 4195.275590551181 313.38582677165357 97.63779527559055 aux
3472.4409448818897 4195.275590551181 672.4409448818898 97.63779527559055 générations
4011.0236220472443 4195.275590551181 538.5826771653543 97.63779527559055 futures.
4370.078740157481 4195.275590551181 403.1496062992126 97.63779527559055 Ceux

1187.4015748031495 4311.811023622047 384.251968503937 96.06299212598425 seuls
1444.0944881889764 4311.811023622047 299.21259842519686 96.06299212598425 qui
1614.1732283464567 4311.811023622047 299.21259842519686 96.06299212598425 ont
1784.251968503937 4311.811023622047 683.4645669291339 96.06299212598425 l’expérience
2340.1574803149606 4311.811023622047 299.21259842519686 96.06299212598425 des
2510.236220472441 4311.811023622047 426.7716535433071 96.06299212598425 études
2809.448818897638 4311.811023622047 598.4251968503937 96.06299212598425 d’histoire
3278.740157480315 4311.811023622047 256.6929133858268 96.06299212598425 et
3407.8740157480315 4311.811023622047 640.9448818897638 96.06299212598425 d’érudition
3919.685039370079 4311.811023622047 683.4645669291339 96.06299212598425 comprendront
4431.496062992126 4311.811023622047 341.73228346456693 96.06299212598425 quelle

1185.8267716535433 4423.622047244095 409.4488188976378 94.48818897637796 somme
1458.267716535433 4423.622047244095 272.4409448818898 94.48818897637796 de
1595.275590551181 4423.622047244095 544.8818897637796 94.48818897637796 travail,
2003.1496062992126 4423.622047244095 272.4409448818898 94.48818897637796 de
2140.1574803149606 4423.622047244095 636.2204724409448 94.48818897637796 recherches
2639.3700787401576 4423.622047244095 272.4409448818898 94.48818897637796 et
2774.803149606299 4423.622047244095 272.4409448818898 94.48818897637796 de
2911.8110236220473 4423.622047244095 544.8818897637796 94.48818897637796 patience
3319.685039370079 4423.622047244095 226.77165354330708 94.48818897637796 a
3411.0236220472443 4423.622047244095 409.4488188976378 94.48818897637796 coûté
3683.464566929134 4423.622047244095 318.1102362204724 94.48818897637796 cet
3864.566929133858 4423.622047244095 681.8897637795276 94.48818897637796 inventaire.
4365.354330708661 4423.622047244095 409.4488188976378 94.48818897637796 Ceux

1187.4015748031495 4535.433070866142 374.8031496062992 97.63779527559055 seuls
1436.2204724409448 4535.433070866142 374.8031496062992 97.63779527559055 aussi
1686.6141732283465 4535.433070866142 625.1968503937007 97.63779527559055 partageront
2187.4015748031497 4535.433070866142 250.39370078740157 97.63779527559055 la
2311.8110236220473 4535.433070866142 667.7165354330708 97.63779527559055 satisfaction
2853.5433070866143 4535.433070866142 291.33858267716533 97.63779527559055 que
3020.472440944882 4535.433070866142 333.8582677165354 97.63779527559055 j’ai
3229.9212598425197 4535.433070866142 541.7322834645669 97.63779527559055 ressentie
3645.6692913385828 4535.433070866142 207.8740157480315 97.63779527559055 à
3729.1338582677167 4535.433070866142 541.7322834645669 97.63779527559055 redresser
4146.456692913386 4535.433070866142 291.33858267716533 97.63779527559055 des
4313.385826771653 4535.433070866142 500.78740157480314 97.63779527559055 erreurs,
4647.244094488189 4535.433070866142 124.40944881889764 97.63779527559055 à

1184.251968503937 4648.818897637795 475.59055118110234 107.08661417322834 fournir
1529.1338582677165 4648.818897637795 302.3622047244094 107.08661417322834 des
1702.3622047244094 4648.818897637795 518.1102362204724 107.08661417322834 éléments
2091.3385826771655 4648.818897637795 518.1102362204724 107.08661417322834 nouveaux
2480.314960629921 4648.818897637795 215.748031496063 107.08661417322834 à
2566.9291338582675 4648.818897637795 604.7244094488188 107.08661417322834 l’histoire
3042.51968503937 4648.818897637795 518.1102362204724 107.08661417322834 générale
3431.496062992126 4648.818897637795 259.84251968503935 107.08661417322834 ou
3560.6299212598424 4648.818897637795 735.4330708661417 107.08661417322834 particulière,
4166.929133858268 4648.818897637795 215.748031496063 107.08661417322834 à
4253.543307086614 4648.818897637795 518.1102362204724 107.08661417322834 apporter
4598.425196850394 4648.818897637795 173.22834645669292 107.08661417322834 ma

1185.8267716535433 4765.354330708661 426.7716535433071 100.78740157480316 pierre
1485.0393700787401 4765.354330708661 212.5984251968504 100.78740157480316 à
1570.0787401574803 4765.354330708661 384.251968503937 100.78740157480316 cette
1825.1968503937007 4765.354330708661 384.251968503937 100.78740157480316 œuvre
2081.8897637795276 4765.354330708661 256.6929133858268 100.78740157480316 de
2209.448818897638 4765.354330708661 426.7716535433071 100.78740157480316 vérité
2508.6614173228345 4765.354330708661 596.8503937007874 100.78740157480316 historique
2977.952755905512 4765.354330708661 256.6929133858268 100.78740157480316 si
3105.511811023622 4765.354330708661 554.3307086614174 100.78740157480316 difficile
3532.283464566929 4765.354330708661 212.5984251968504 100.78740157480316 à
3617.3228346456694 4765.354330708661 554.3307086614174 100.78740157480316 réaliser.
4044.0944881889764 4765.354330708661 384.251968503937 100.78740157480316 C’est
4300.787401574803 4765.354330708661 212.5984251968504 100.78740157480316 à
4385.826771653543 4765.354330708661 384.251968503937 100.78740157480316 cause
4600.0 4765.354330708661 170.07874015748033 100.78740157480316 de

1181.1023622047244 4880.314960629921 398.4251968503937 105.51181102362204 cette
1447.244094488189 4880.314960629921 354.3307086614173 105.51181102362204 mine
1667.716535433071 4880.314960629921 664.5669291338583 105.51181102362204 inépuisable
2200.0 4880.314960629921 266.1417322834646 105.51181102362204 de
2332.283464566929 4880.314960629921 796.8503937007874 105.51181102362204 renseignements
2996.850393700787 4880.314960629921 488.18897637795277 105.51181102362204 fournis
3352.755905511811 4880.314960629921 310.23622047244095 105.51181102362204 par
3529.1338582677167 4880.314960629921 310.23622047244095 105.51181102362204 les
3707.0866141732286 4880.314960629921 576.3779527559055 105.51181102362204 documents
4149.606299212598 4880.314960629921 576.3779527559055 105.51181102362204 analysés,
4548.031496062992 4880.314960629921 222.04724409448818 105.51181102362204 que

1184.251968503937 4995.275590551181 261.4173228346457 105.51181102362204 le
1314.9606299212599 4995.275590551181 566.9291338582677 105.51181102362204 catalogue
1751.1811023622047 4995.275590551181 392.12598425196853 105.51181102362204 Bovet
2014.1732283464567 4995.275590551181 305.51181102362204 105.51181102362204 est
2187.4015748031497 4995.275590551181 436.2204724409449 105.51181102362204 assuré
2492.9133858267714 4995.275590551181 349.6062992125984 105.51181102362204 d’un
2711.8110236220473 4995.275590551181 436.2204724409449 105.51181102362204 succès
3017.3228346456694 4995.275590551181 480.31496062992125 105.51181102362204 durable
3365.3543307086616 4995.275590551181 436.2204724409449 105.51181102362204 auprès
3670.8661417322833 4995.275590551181 261.4173228346457 105.51181102362204 de
3803.149606299213 4995.275590551181 261.4173228346457 105.51181102362204 la
3933.8582677165355 4995.275590551181 566.9291338582677 105.51181102362204 postérité
4325.9842519685035 4995.275590551181 436.2204724409449 105.51181102362204 savante.

1181.1023622047244 5111.811023622047 310.23622047244095 105.51181102362204 Que
1357.4803149606298 5111.811023622047 266.1417322834646 105.51181102362204 de
1491.3385826771653 5111.811023622047 442.5196850393701 105.51181102362204 livres
1800.0 5111.811023622047 354.3307086614173 105.51181102362204 plus
2022.0472440944882 5111.811023622047 574.8031496062993 105.51181102362204 brillants
2464.566929133858 5111.811023622047 266.1417322834646 105.51181102362204 et
2596.850393700787 5111.811023622047 354.3307086614173 105.51181102362204 plus
2818.8976377952754 5111.811023622047 574.8031496062993 105.51181102362204 remarqués
3261.417322834646 5111.811023622047 442.5196850393701 105.51181102362204 auront
3571.6535433070867 5111.811023622047 310.23622047244095 105.51181102362204 été
3748.031496062992 5111.811023622047 310.23622047244095 105.51181102362204 dès
3925.984251968504 5111.811023622047 574.8031496062993 105.51181102362204 longtemps
4324.4094488188975 5111.811023622047 442.5196850393701 105.51181102362204 oubliés,

1182.6771653543308 5228.346456692913 302.3622047244094 102.36220472440945 que
1354.3307086614172 5228.346456692913 518.1102362204724 102.36220472440945 celui-ci
1743.3070866141732 5228.346456692913 346.45669291338584 102.36220472440945 sera
1959.0551181102362 5228.346456692913 431.496062992126 102.36220472440945 encore
2262.9921259842517 5228.346456692913 518.1102362204724 102.36220472440945 consulté
2650.3937007874015 5228.346456692913 346.45669291338584 102.36220472440945 avec
2867.716535433071 5228.346456692913 388.9763779527559 102.36220472440945 fruit
3125.984251968504 5228.346456692913 302.3622047244094 102.36220472440945 par
3299.212598425197 5228.346456692913 302.3622047244094 102.36220472440945 les
3472.4409448818897 5228.346456692913 604.7244094488188 102.36220472440945 historiens
3948.031496062992 5228.346456692913 259.84251968503935 102.36220472440945 et
4077.165354330709 5228.346456692913 302.3622047244094 102.36220472440945 par
4250.393700787402 5228.346456692913 302.3622047244094 102.36220472440945 les
4379.527559055118 5228.346456692913 388.9763779527559 102.36220472440945 érudits

1184.251968503937 5340.157480314961 266.1417322834646 107.08661417322834 et
1316.5354330708662 5340.157480314961 574.8031496062993 107.08661417322834 recherché
1759.0551181102362 5340.157480314961 310.23622047244095 107.08661417322834 par
1937.007874015748 5340.157480314961 310.23622047244095 107.08661417322834 les
2113.3858267716537 5340.157480314961 752.7559055118111 107.08661417322834 bibliophiles!
2732.283464566929 5340.157480314961 398.4251968503937 107.08661417322834 Cette
2998.4251968503936 5340.157480314961 442.5196850393701 107.08661417322834 double
3308.6614173228345 5340.157480314961 442.5196850393701 107.08661417322834 pensée
3617.3228346456694 5340.157480314961 266.1417322834646 107.08661417322834 du
3751.181102362205 5340.157480314961 486.61417322834643 107.08661417322834 service
4105.511811023622 5340.157480314961 398.4251968503937 107.08661417322834 rendu
4370.078740157481 5340.157480314961 266.1417322834646 107.08661417322834 et
4502.36220472441 5340.157480314961 266.1417322834646 107.08661417322834 de
4592.1259842519685 5340.157480314961 176.3779527559055 107.08661417322834 la

1182.6771653543308 5458.2677165354335 659.8425196850394 100.78740157480316 perpétuité
1702.3622047244094 5458.2677165354335 283.46456692913387 100.78740157480316 de
1842.5196850393702 5458.2677165354335 519.6850393700787 100.78740157480316 l’œuvre
2220.472440944882 5458.2677165354335 659.8425196850394 100.78740157480316 n’est-elle
2740.1574803149606 5458.2677165354335 330.70866141732284 100.78740157480316 pas
2929.1338582677167 5458.2677165354335 330.70866141732284 100.78740157480316 une
3116.535433070866 5458.2677165354335 566.9291338582677 100.78740157480316 légitime
3541.732283464567 5458.2677165354335 659.8425196850394 100.78740157480316 récompense
4061.417322834646 5458.2677165354335 330.70866141732284 100.78740157480316 des
4248.818897637795 5458.2677165354335 519.6850393700787 100.78740157480316 efforts
4579.527559055118 5458.2677165354335 188.9763779527559 100.78740157480316 de

1187.4015748031495 5562.204724409449 259.84251968503935 91.33858267716535 M.
1316.5354330708662 5562.204724409449 433.07086614173227 91.33858267716535 Alfred
1618.8976377952756 5562.204724409449 388.9763779527559 91.33858267716535 Bovet
1878.740157480315 5562.204724409449 259.84251968503935 91.33858267716535 et
2007.8740157480315 5562.204724409449 259.84251968503935 91.33858267716535 de
2138.582677165354 5562.204724409449 302.3622047244094 91.33858267716535 ses
2267.716535433071 5562.204724409449 735.4330708661417 91.33858267716535 collaborateurs?

3332.283464566929 5784.251968503937 688.1889763779527 75.59055118110236 ÉTIENNE
3771.6535433070867 5784.251968503937 688.1889763779527 75.59055118110236 CHARAVAY.
