<alto xmlns:xsi="http://www.w3.org/2001/XMLSchema-instance" xmlns="http://www.loc.gov/standards/alto/ns-v2#" xmlns:page="http://schema.primaresearch.org/PAGE/gts/pagecontent/2013-07-15" xsi:schemaLocation="http://www.loc.gov/standards/alto/ns-v2# http://www.loc.gov/standards/alto/alto.xsd">
  <Description>
    <MeasurementUnit>pixel</MeasurementUnit>
    <sourceImageInformation>
         <fileName>79.xml</fileName>
      </sourceImageInformation>
    <OCRProcessing ID="IdOcr">
      <ocrProcessingStep>
        <processingDateTime>2020-05-13T10:43:04.508+02:00</processingDateTime>
        <processingSoftware>
               <softwareCreator>CONTRIBUTORS</softwareCreator>
               <softwareName>pdfalto</softwareName>
               <softwareVersion>0.1</softwareVersion>
            </processingSoftware>
      </ocrProcessingStep>
    </OCRProcessing>
  </Description>
  <Styles>
     <TextStyle ID="FONT0" FONTFAMILY="unknown" FONTSIZE="unknown" FONTTYPE="unknown" FONTWIDTH="unknown" FONTCOLOR="unknown" FONTSTYLE=""/>
     <TextStyle ID="FONT1" FONTFAMILY="unknown" FONTSIZE="unknown" FONTTYPE="unknown" FONTWIDTH="unknown" FONTCOLOR="unknown" FONTSTYLE="bold"/>
     <TextStyle ID="FONT2" FONTFAMILY="unknown" FONTSIZE="unknown" FONTTYPE="unknown" FONTWIDTH="unknown" FONTCOLOR="unknown" FONTSTYLE="italics"/>
</Styles>
  <Tags/>
  <Layout>
    <Page ID="Page1" PHYSICAL_IMG_NR="1" HEIGHT="7359.055118110236" WIDTH="5809.4488188976375">
      <PrintSpace HEIGHT="6433.070866141732" WIDTH="5659.842519685039" VPOS="85.03937007874016" HPOS="111.81102362204724">
        <TextBlock ID="r_2_1" HEIGHT="308.66141732283467" WIDTH="2560.6299212598424" VPOS="1388.976377952756" HPOS="1521.259842519685">
          <TextLine ID="tl_2" BASELINE="1077" HEIGHT="305.51181102362204" WIDTH="2557.48031496063" VPOS="1390.5511811023623" HPOS="1522.8346456692914">
            <String HEIGHT="305.51181102362204" WIDTH="3125.984251968504" VPOS="1390.5511811023623" HPOS="954.3307086614174" CONTENT="CATALOGUE" ID="tl_2_1" STYLEREFS="FONT0"/>
          </TextLine>
        </TextBlock>
        <TextBlock ID="r_3_1" HEIGHT="103.93700787401575" WIDTH="1215.748031496063" VPOS="2702.3622047244094" HPOS="2181.1023622047246">
          <TextLine ID="tl_3" BASELINE="1781" HEIGHT="100.78740157480316" WIDTH="1212.5984251968505" VPOS="2703.9370078740158" HPOS="2182.6771653543306">
            <String HEIGHT="100.78740157480316" WIDTH="1039.3700787401574" VPOS="2703.9370078740158" HPOS="2096.0629921259842" CONTENT="PREMIÈRE" ID="tl_3_1" STYLEREFS="FONT0"/>
            <SP HEIGHT="100.78740157480316" WIDTH="86.61417322834646" VPOS="2703.9370078740158" HPOS="3135.433070866142"/>
            <String HEIGHT="100.78740157480316" WIDTH="606.2992125984252" VPOS="2703.9370078740158" HPOS="2788.9763779527557" CONTENT="SÉRIE" ID="tl_3_2" STYLEREFS="FONT0"/>
          </TextLine>
        </TextBlock>
        <TextBlock ID="r_4_1" HEIGHT="144.88188976377953" WIDTH="2844.0944881889764" VPOS="3294.488188976378" HPOS="1376.3779527559054">
          <TextLine ID="tl_4" BASELINE="2183" HEIGHT="141.73228346456693" WIDTH="2840.9448818897636" VPOS="3296.0629921259842" HPOS="1377.9527559055118">
            <String HEIGHT="141.73228346456693" WIDTH="1217.3228346456692" VPOS="3296.0629921259842" HPOS="1242.5196850393702" CONTENT="CHEFS" ID="tl_4_1" STYLEREFS="FONT0"/>
            <SP HEIGHT="141.73228346456693" WIDTH="135.43307086614172" VPOS="3296.0629921259842" HPOS="2459.8425196850394"/>
            <String HEIGHT="141.73228346456693" WIDTH="811.0236220472441" VPOS="3296.0629921259842" HPOS="2055.1181102362207" CONTENT="DE" ID="tl_4_2" STYLEREFS="FONT0"/>
            <SP HEIGHT="141.73228346456693" WIDTH="135.43307086614172" VPOS="3296.0629921259842" HPOS="2866.1417322834645"/>
            <String HEIGHT="141.73228346456693" WIDTH="1894.4881889763778" VPOS="3296.0629921259842" HPOS="2324.4094488188975" CONTENT="GOUVERNEMENT" ID="tl_4_3" STYLEREFS="FONT0"/>
          </TextLine>
        </TextBlock>
        <TextBlock ID="r_5_1" HEIGHT="97.63779527559055" WIDTH="910.2362204724409" VPOS="4124.4094488188975" HPOS="2329.1338582677167">
          <TextLine ID="tl_5" BASELINE="2680" HEIGHT="94.48818897637796" WIDTH="907.0866141732283" VPOS="4125.9842519685035" HPOS="2330.7086614173227">
            <String HEIGHT="94.48818897637796" WIDTH="1209.4488188976377" VPOS="4125.9842519685035" HPOS="2028.3464566929133" CONTENT="FRANCE" ID="tl_5_1" STYLEREFS="FONT0"/>
          </TextLine>
        </TextBlock>
        <TextBlock ID="r_6_1" HEIGHT="206.29921259842519" WIDTH="3505.511811023622" VPOS="4392.1259842519685" HPOS="1023.6220472440945">
          <TextLine ID="tl_6" BASELINE="2852" HEIGHT="97.63779527559055" WIDTH="3502.3622047244094" VPOS="4393.700787401574" HPOS="1025.1968503937007">
            <String HEIGHT="97.63779527559055" WIDTH="314.96062992125985" VPOS="4393.700787401574" HPOS="979.5275590551181" CONTENT="★1★" ID="tl_6_1" STYLEREFS="FONT0"/>
            <SP HEIGHT="97.63779527559055" WIDTH="45.669291338582674" VPOS="4393.700787401574" HPOS="1294.4881889763778"/>
            <String HEIGHT="97.63779527559055" WIDTH="494.48818897637796" VPOS="4393.700787401574" HPOS="1160.6299212598426" CONTENT="CHARLES" ID="tl_6_2" STYLEREFS="FONT0"/>
            <SP HEIGHT="97.63779527559055" WIDTH="45.669291338582674" VPOS="4393.700787401574" HPOS="1653.5433070866143"/>
            <String HEIGHT="97.63779527559055" WIDTH="314.96062992125985" VPOS="4393.700787401574" HPOS="1519.6850393700788" CONTENT="VI," ID="tl_6_3" STYLEREFS="FONT0"/>
            <SP HEIGHT="97.63779527559055" WIDTH="45.669291338582674" VPOS="4393.700787401574" HPOS="1833.0708661417323"/>
            <String HEIGHT="97.63779527559055" WIDTH="269.29133858267716" VPOS="4393.700787401574" HPOS="1699.2125984251968" CONTENT="n." ID="tl_6_4" STYLEREFS="FONT0"/>
            <SP HEIGHT="97.63779527559055" WIDTH="45.669291338582674" VPOS="4393.700787401574" HPOS="1968.5039370078741"/>
            <String HEIGHT="97.63779527559055" WIDTH="225.1968503937008" VPOS="4393.700787401574" HPOS="1833.0708661417323" CONTENT="à" ID="tl_6_5" STYLEREFS="FONT0"/>
            <SP HEIGHT="97.63779527559055" WIDTH="45.669291338582674" VPOS="4393.700787401574" HPOS="2058.267716535433"/>
            <String HEIGHT="97.63779527559055" WIDTH="448.81889763779526" VPOS="4393.700787401574" HPOS="1922.8346456692914" CONTENT="Paris," ID="tl_6_6" STYLEREFS="FONT0"/>
            <SP HEIGHT="97.63779527559055" WIDTH="45.669291338582674" VPOS="4393.700787401574" HPOS="2371.6535433070867"/>
            <String HEIGHT="97.63779527559055" WIDTH="225.1968503937008" VPOS="4393.700787401574" HPOS="2237.7952755905512" CONTENT="3" ID="tl_6_7" STYLEREFS="FONT0"/>
            <SP HEIGHT="97.63779527559055" WIDTH="45.669291338582674" VPOS="4393.700787401574" HPOS="2461.417322834646"/>
            <String HEIGHT="97.63779527559055" WIDTH="538.5826771653543" VPOS="4393.700787401574" HPOS="2327.5590551181103" CONTENT="décembre" ID="tl_6_8" STYLEREFS="FONT0"/>
            <SP HEIGHT="97.63779527559055" WIDTH="45.669291338582674" VPOS="4393.700787401574" HPOS="2866.1417322834645"/>
            <String HEIGHT="97.63779527559055" WIDTH="404.7244094488189" VPOS="4393.700787401574" HPOS="2730.7086614173227" CONTENT="1368," ID="tl_6_9" STYLEREFS="FONT0"/>
            <SP HEIGHT="97.63779527559055" WIDTH="45.669291338582674" VPOS="4393.700787401574" HPOS="3135.433070866142"/>
            <String HEIGHT="97.63779527559055" WIDTH="359.0551181102362" VPOS="4393.700787401574" HPOS="3001.5748031496064" CONTENT="fils" ID="tl_6_10" STYLEREFS="FONT0"/>
            <SP HEIGHT="97.63779527559055" WIDTH="45.669291338582674" VPOS="4393.700787401574" HPOS="3360.6299212598424"/>
            <String HEIGHT="97.63779527559055" WIDTH="269.29133858267716" VPOS="4393.700787401574" HPOS="3225.196850393701" CONTENT="de" ID="tl_6_11" STYLEREFS="FONT0"/>
            <SP HEIGHT="97.63779527559055" WIDTH="45.669291338582674" VPOS="4393.700787401574" HPOS="3494.488188976378"/>
            <String HEIGHT="97.63779527559055" WIDTH="494.48818897637796" VPOS="4393.700787401574" HPOS="3360.6299212598424" CONTENT="Charles" ID="tl_6_12" STYLEREFS="FONT0"/>
            <SP HEIGHT="97.63779527559055" WIDTH="45.669291338582674" VPOS="4393.700787401574" HPOS="3853.5433070866143"/>
            <String HEIGHT="97.63779527559055" WIDTH="269.29133858267716" VPOS="4393.700787401574" HPOS="3719.685039370079" CONTENT="V," ID="tl_6_13" STYLEREFS="FONT0"/>
            <SP HEIGHT="97.63779527559055" WIDTH="45.669291338582674" VPOS="4393.700787401574" HPOS="3988.9763779527557"/>
            <String HEIGHT="97.63779527559055" WIDTH="314.96062992125985" VPOS="4393.700787401574" HPOS="3853.5433070866143" CONTENT="roi" ID="tl_6_14" STYLEREFS="FONT0"/>
            <SP HEIGHT="97.63779527559055" WIDTH="45.669291338582674" VPOS="4393.700787401574" HPOS="4168.503937007874"/>
            <String HEIGHT="97.63779527559055" WIDTH="269.29133858267716" VPOS="4393.700787401574" HPOS="4033.0708661417325" CONTENT="le" ID="tl_6_15" STYLEREFS="FONT0"/>
            <SP HEIGHT="97.63779527559055" WIDTH="45.669291338582674" VPOS="4393.700787401574" HPOS="4302.36220472441"/>
            <String HEIGHT="97.63779527559055" WIDTH="269.29133858267716" VPOS="4393.700787401574" HPOS="4168.503937007874" CONTENT="16" ID="tl_6_16" STYLEREFS="FONT0"/>
            <SP HEIGHT="97.63779527559055" WIDTH="45.669291338582674" VPOS="4393.700787401574" HPOS="4437.795275590551"/>
            <String HEIGHT="97.63779527559055" WIDTH="269.29133858267716" VPOS="4393.700787401574" HPOS="4258.2677165354335" CONTENT="sep" SUBS_TYPE="HypPart1" SUBS_CONTENT="septembre" ID="tl_6_17" STYLEREFS="FONT0"/>
            <HYP CONTENT="-"/>
          </TextLine>
          <TextLine ID="tl_7" BASELINE="2919" HEIGHT="96.06299212598425" WIDTH="1770.0787401574803" VPOS="4500.787401574803" HPOS="1028.3464566929133">
            <String HEIGHT="96.06299212598425" WIDTH="431.496062992126" VPOS="4500.787401574803" HPOS="985.8267716535433" CONTENT="tembre" SUBS_TYPE="HypPart2" SUBS_CONTENT="septembre" ID="tl_7_1" STYLEREFS="FONT0"/>
            <SP HEIGHT="96.06299212598425" WIDTH="42.51968503937008" VPOS="4500.787401574803" HPOS="1417.3228346456692"/>
            <String HEIGHT="96.06299212598425" WIDTH="388.9763779527559" VPOS="4500.787401574803" HPOS="1286.6141732283465" CONTENT="1380," ID="tl_7_2" STYLEREFS="FONT0"/>
            <SP HEIGHT="96.06299212598425" WIDTH="42.51968503937008" VPOS="4500.787401574803" HPOS="1675.5905511811025"/>
            <String HEIGHT="96.06299212598425" WIDTH="258.26771653543307" VPOS="4500.787401574803" HPOS="1546.4566929133857" CONTENT="m." ID="tl_7_3" STYLEREFS="FONT0"/>
            <SP HEIGHT="96.06299212598425" WIDTH="42.51968503937008" VPOS="4500.787401574803" HPOS="1804.724409448819"/>
            <String HEIGHT="96.06299212598425" WIDTH="215.748031496063" VPOS="4500.787401574803" HPOS="1675.5905511811025" CONTENT="à" ID="tl_7_4" STYLEREFS="FONT0"/>
            <SP HEIGHT="96.06299212598425" WIDTH="42.51968503937008" VPOS="4500.787401574803" HPOS="1891.3385826771653"/>
            <String HEIGHT="96.06299212598425" WIDTH="431.496062992126" VPOS="4500.787401574803" HPOS="1762.2047244094488" CONTENT="Paris," ID="tl_7_5" STYLEREFS="FONT0"/>
            <SP HEIGHT="96.06299212598425" WIDTH="42.51968503937008" VPOS="4500.787401574803" HPOS="2193.700787401575"/>
            <String HEIGHT="96.06299212598425" WIDTH="258.26771653543307" VPOS="4500.787401574803" HPOS="2064.566929133858" CONTENT="22" ID="tl_7_6" STYLEREFS="FONT0"/>
            <SP HEIGHT="96.06299212598425" WIDTH="42.51968503937008" VPOS="4500.787401574803" HPOS="2322.834645669291"/>
            <String HEIGHT="96.06299212598425" WIDTH="475.59055118110234" VPOS="4500.787401574803" HPOS="2193.700787401575" CONTENT="octobre" ID="tl_7_7" STYLEREFS="FONT0"/>
            <SP HEIGHT="96.06299212598425" WIDTH="42.51968503937008" VPOS="4500.787401574803" HPOS="2669.2913385826773"/>
            <String HEIGHT="96.06299212598425" WIDTH="302.3622047244094" VPOS="4500.787401574803" HPOS="2496.0629921259842" CONTENT="1422." ID="tl_7_8" STYLEREFS="FONT0"/>
          </TextLine>
        </TextBlock>
        <TextBlock ID="r_6_2" HEIGHT="86.61417322834646" WIDTH="1925.984251968504" VPOS="4636.220472440945" HPOS="1103.9370078740158">
          <TextLine ID="tl_8" BASELINE="2998" HEIGHT="83.46456692913385" WIDTH="1922.8346456692914" VPOS="4637.795275590551" HPOS="1105.5118110236222">
            <String HEIGHT="83.46456692913385" WIDTH="245.66929133858267" VPOS="4637.795275590551" HPOS="1064.5669291338584" CONTENT="L." ID="tl_8_1" STYLEREFS="FONT0"/>
            <SP HEIGHT="83.46456692913385" WIDTH="40.94488188976378" VPOS="4637.795275590551" HPOS="1310.236220472441"/>
            <String HEIGHT="83.46456692913385" WIDTH="286.61417322834643" VPOS="4637.795275590551" HPOS="1187.4015748031495" CONTENT="S.," ID="tl_8_2" STYLEREFS="FONT0"/>
            <SP HEIGHT="83.46456692913385" WIDTH="40.94488188976378" VPOS="4637.795275590551" HPOS="1474.015748031496"/>
            <String HEIGHT="83.46456692913385" WIDTH="286.61417322834643" VPOS="4637.795275590551" HPOS="1351.1811023622047" CONTENT="sur" ID="tl_8_3" STYLEREFS="FONT0"/>
            <SP HEIGHT="83.46456692913385" WIDTH="40.94488188976378" VPOS="4637.795275590551" HPOS="1637.7952755905512"/>
            <String HEIGHT="83.46456692913385" WIDTH="409.4488188976378" VPOS="4637.795275590551" HPOS="1514.9606299212599" CONTENT="vélin," ID="tl_8_4" STYLEREFS="FONT0"/>
            <SP HEIGHT="83.46456692913385" WIDTH="40.94488188976378" VPOS="4637.795275590551" HPOS="1924.4094488188975"/>
            <String HEIGHT="83.46456692913385" WIDTH="245.66929133858267" VPOS="4637.795275590551" HPOS="1801.5748031496064" CONTENT="au" ID="tl_8_5" STYLEREFS="FONT0"/>
            <SP HEIGHT="83.46456692913385" WIDTH="40.94488188976378" VPOS="4637.795275590551" HPOS="2047.244094488189"/>
            <String HEIGHT="83.46456692913385" WIDTH="450.3937007874016" VPOS="4637.795275590551" HPOS="1924.4094488188975" CONTENT="vicomte" ID="tl_8_6" STYLEREFS="FONT0"/>
            <SP HEIGHT="83.46456692913385" WIDTH="40.94488188976378" VPOS="4637.795275590551" HPOS="2373.228346456693"/>
            <String HEIGHT="83.46456692913385" WIDTH="286.61417322834643" VPOS="4637.795275590551" HPOS="2250.3937007874015" CONTENT="(de" ID="tl_8_7" STYLEREFS="FONT0"/>
            <SP HEIGHT="83.46456692913385" WIDTH="40.94488188976378" VPOS="4637.795275590551" HPOS="2537.0078740157483"/>
            <String HEIGHT="83.46456692913385" WIDTH="450.3937007874016" VPOS="4637.795275590551" HPOS="2414.1732283464567" CONTENT="Rouen);" ID="tl_8_8" STYLEREFS="FONT0"/>
            <SP HEIGHT="83.46456692913385" WIDTH="40.94488188976378" VPOS="4637.795275590551" HPOS="2864.566929133858"/>
            <String HEIGHT="83.46456692913385" WIDTH="327.5590551181102" VPOS="4637.795275590551" HPOS="2700.787401574803" CONTENT="Melun," ID="tl_8_9" STYLEREFS="FONT0"/>
          </TextLine>
        </TextBlock>
        <TextBlock ID="r_6_3" HEIGHT="91.33858267716535" WIDTH="1611.023622047244" VPOS="4721.259842519685" HPOS="1028.3464566929133">
          <TextLine ID="tl_9" BASELINE="3055" HEIGHT="88.18897637795276" WIDTH="1607.8740157480315" VPOS="4722.834645669292" HPOS="1029.9212598425197">
            <String HEIGHT="88.18897637795276" WIDTH="154.33070866141733" VPOS="4722.834645669292" HPOS="998.4251968503937" CONTENT="5" ID="tl_9_1" STYLEREFS="FONT0"/>
            <SP HEIGHT="88.18897637795276" WIDTH="31.496062992125985" VPOS="4722.834645669292" HPOS="1154.3307086614172"/>
            <String HEIGHT="88.18897637795276" WIDTH="401.5748031496063" VPOS="4722.834645669292" HPOS="1061.4173228346456" CONTENT="décembre," ID="tl_9_2" STYLEREFS="FONT0"/>
            <SP HEIGHT="88.18897637795276" WIDTH="31.496062992125985" VPOS="4722.834645669292" HPOS="1462.992125984252"/>
            <String HEIGHT="88.18897637795276" WIDTH="215.748031496063" VPOS="4722.834645669292" HPOS="1370.0787401574803" CONTENT="1/2" ID="tl_9_3" STYLEREFS="FONT0"/>
            <SP HEIGHT="88.18897637795276" WIDTH="31.496062992125985" VPOS="4722.834645669292" HPOS="1585.8267716535433"/>
            <String HEIGHT="88.18897637795276" WIDTH="185.82677165354332" VPOS="4722.834645669292" HPOS="1494.4881889763778" CONTENT="p." ID="tl_9_4" STYLEREFS="FONT0"/>
            <SP HEIGHT="88.18897637795276" WIDTH="31.496062992125985" VPOS="4722.834645669292" HPOS="1678.740157480315"/>
            <String HEIGHT="88.18897637795276" WIDTH="340.15748031496065" VPOS="4722.834645669292" HPOS="1585.8267716535433" CONTENT="in-fol." ID="tl_9_5" STYLEREFS="FONT0"/>
            <SP HEIGHT="88.18897637795276" WIDTH="31.496062992125985" VPOS="4722.834645669292" HPOS="1925.984251968504"/>
            <String HEIGHT="88.18897637795276" WIDTH="340.15748031496065" VPOS="4722.834645669292" HPOS="1834.6456692913387" CONTENT="oblong." ID="tl_9_6" STYLEREFS="FONT0"/>
            <SP HEIGHT="88.18897637795276" WIDTH="31.496062992125985" VPOS="4722.834645669292" HPOS="2173.228346456693"/>
            <String HEIGHT="88.18897637795276" WIDTH="494.48818897637796" VPOS="4722.834645669292" HPOS="2081.8897637795276" CONTENT="Rare." ID="tl_9_7" STYLEREFS="FONT2"/>
            <SP HEIGHT="88.18897637795276" WIDTH="31.496062992125985" VPOS="4722.834645669292" HPOS="2576.3779527559054"/>
            <String HEIGHT="88.18897637795276" WIDTH="154.33070866141733" VPOS="4722.834645669292" HPOS="2483.464566929134" CONTENT="—" ID="tl_9_8" STYLEREFS="FONT0"/>
            <SP HEIGHT="88.18897637795276" WIDTH="31.496062992125985" VPOS="4722.834645669292" HPOS="2637.7952755905512"/>
            <String HEIGHT="88.18897637795276" WIDTH="124.40944881889764" VPOS="4722.834645669292" HPOS="2513.3858267716537" CONTENT="P." ID="tl_9_9" STYLEREFS="FONT0"/>
          </TextLine>
        </TextBlock>
        <TextBlock ID="r_6_4" HEIGHT="200.0" WIDTH="2012.5984251968505" VPOS="4840.944881889764" HPOS="1018.8976377952756">
          <TextLine ID="tl_10" BASELINE="3122" HEIGHT="74.01574803149606" WIDTH="1941.732283464567" VPOS="4842.51968503937" HPOS="1085.0393700787401">
            <String HEIGHT="74.01574803149606" WIDTH="168.50393700787401" VPOS="4842.51968503937" HPOS="1056.6929133858268" CONTENT="Il" ID="tl_10_1" STYLEREFS="FONT0"/>
            <SP HEIGHT="74.01574803149606" WIDTH="28.346456692913385" VPOS="4842.51968503937" HPOS="1225.1968503937007"/>
            <String HEIGHT="74.01574803149606" WIDTH="196.8503937007874" VPOS="4842.51968503937" HPOS="1141.732283464567" CONTENT="lui" ID="tl_10_2" STYLEREFS="FONT0"/>
            <SP HEIGHT="74.01574803149606" WIDTH="28.346456692913385" VPOS="4842.51968503937" HPOS="1338.5826771653544"/>
            <String HEIGHT="74.01574803149606" WIDTH="310.23622047244095" VPOS="4842.51968503937" HPOS="1253.5433070866143" CONTENT="enjoint" ID="tl_10_3" STYLEREFS="FONT0"/>
            <SP HEIGHT="74.01574803149606" WIDTH="28.346456692913385" VPOS="4842.51968503937" HPOS="1563.7795275590552"/>
            <String HEIGHT="74.01574803149606" WIDTH="168.50393700787401" VPOS="4842.51968503937" HPOS="1478.740157480315" CONTENT="de" ID="tl_10_4" STYLEREFS="FONT0"/>
            <SP HEIGHT="74.01574803149606" WIDTH="28.346456692913385" VPOS="4842.51968503937" HPOS="1647.244094488189"/>
            <String HEIGHT="74.01574803149606" WIDTH="168.50393700787401" VPOS="4842.51968503937" HPOS="1563.7795275590552" CONTENT="ne" ID="tl_10_5" STYLEREFS="FONT0"/>
            <SP HEIGHT="74.01574803149606" WIDTH="28.346456692913385" VPOS="4842.51968503937" HPOS="1732.283464566929"/>
            <String HEIGHT="74.01574803149606" WIDTH="196.8503937007874" VPOS="4842.51968503937" HPOS="1647.244094488189" CONTENT="pas" ID="tl_10_6" STYLEREFS="FONT0"/>
            <SP HEIGHT="74.01574803149606" WIDTH="28.346456692913385" VPOS="4842.51968503937" HPOS="1844.0944881889764"/>
            <String HEIGHT="74.01574803149606" WIDTH="450.3937007874016" VPOS="4842.51968503937" HPOS="1760.6299212598426" CONTENT="contraindre," ID="tl_10_7" STYLEREFS="FONT0"/>
            <SP HEIGHT="74.01574803149606" WIDTH="28.346456692913385" VPOS="4842.51968503937" HPOS="2211.0236220472443"/>
            <String HEIGHT="74.01574803149606" WIDTH="310.23622047244095" VPOS="4842.51968503937" HPOS="2125.984251968504" CONTENT="jusqu'à" ID="tl_10_8" STYLEREFS="FONT0"/>
            <SP HEIGHT="74.01574803149606" WIDTH="28.346456692913385" VPOS="4842.51968503937" HPOS="2436.220472440945"/>
            <String HEIGHT="74.01574803149606" WIDTH="281.8897637795276" VPOS="4842.51968503937" HPOS="2351.181102362205" CONTENT="nouvel" ID="tl_10_9" STYLEREFS="FONT0"/>
            <SP HEIGHT="74.01574803149606" WIDTH="28.346456692913385" VPOS="4842.51968503937" HPOS="2633.0708661417325"/>
            <String HEIGHT="74.01574803149606" WIDTH="281.8897637795276" VPOS="4842.51968503937" HPOS="2548.031496062992" CONTENT="ordre," ID="tl_10_10" STYLEREFS="FONT0"/>
            <SP HEIGHT="74.01574803149606" WIDTH="28.346456692913385" VPOS="4842.51968503937" HPOS="2829.9212598425197"/>
            <String HEIGHT="74.01574803149606" WIDTH="196.8503937007874" VPOS="4842.51968503937" HPOS="2744.8818897637793" CONTENT="son" ID="tl_10_11" STYLEREFS="FONT0"/>
            <SP HEIGHT="74.01574803149606" WIDTH="28.346456692913385" VPOS="4842.51968503937" HPOS="2941.732283464567"/>
            <String HEIGHT="74.01574803149606" WIDTH="196.8503937007874" VPOS="4842.51968503937" HPOS="2829.9212598425197" CONTENT="cham" SUBS_TYPE="HypPart1" SUBS_CONTENT="chambellan," ID="tl_10_12" STYLEREFS="FONT0"/>
            <HYP CONTENT="-"/>
          </TextLine>
          <TextLine ID="tl_11" BASELINE="3162" HEIGHT="72.44094488188976" WIDTH="2006.2992125984251" VPOS="4907.086614173229" HPOS="1023.6220472440945">
            <String HEIGHT="72.44094488188976" WIDTH="307.0866141732283" VPOS="4907.086614173229" HPOS="995.2755905511812" CONTENT="bellan," SUBS_TYPE="HypPart2" SUBS_CONTENT="chambellan," ID="tl_11_1" STYLEREFS="FONT0"/>
            <SP HEIGHT="72.44094488188976" WIDTH="28.346456692913385" VPOS="4907.086614173229" HPOS="1302.3622047244094"/>
            <String HEIGHT="72.44094488188976" WIDTH="166.9291338582677" VPOS="4907.086614173229" HPOS="1218.8976377952756" CONTENT="le" ID="tl_11_2" STYLEREFS="FONT0"/>
            <SP HEIGHT="72.44094488188976" WIDTH="28.346456692913385" VPOS="4907.086614173229" HPOS="1385.8267716535433"/>
            <String HEIGHT="72.44094488188976" WIDTH="223.6220472440945" VPOS="4907.086614173229" HPOS="1302.3622047244094" CONTENT="sire" ID="tl_11_3" STYLEREFS="FONT0"/>
            <SP HEIGHT="72.44094488188976" WIDTH="28.346456692913385" VPOS="4907.086614173229" HPOS="1524.4094488188975"/>
            <String HEIGHT="72.44094488188976" WIDTH="166.9291338582677" VPOS="4907.086614173229" HPOS="1440.9448818897638" CONTENT="de" ID="tl_11_4" STYLEREFS="FONT0"/>
            <SP HEIGHT="72.44094488188976" WIDTH="28.346456692913385" VPOS="4907.086614173229" HPOS="1609.4488188976377"/>
            <String HEIGHT="72.44094488188976" WIDTH="362.20472440944883" VPOS="4907.086614173229" HPOS="1525.984251968504" CONTENT="Thorigny," ID="tl_11_5" STYLEREFS="FONT0"/>
            <SP HEIGHT="72.44094488188976" WIDTH="28.346456692913385" VPOS="4907.086614173229" HPOS="1888.1889763779527"/>
            <String HEIGHT="72.44094488188976" WIDTH="138.58267716535434" VPOS="4907.086614173229" HPOS="1803.1496062992126" CONTENT="à" ID="tl_11_6" STYLEREFS="FONT0"/>
            <SP HEIGHT="72.44094488188976" WIDTH="28.346456692913385" VPOS="4907.086614173229" HPOS="1943.3070866141732"/>
            <String HEIGHT="72.44094488188976" WIDTH="250.39370078740157" VPOS="4907.086614173229" HPOS="1859.8425196850394" CONTENT="payer" ID="tl_11_7" STYLEREFS="FONT0"/>
            <SP HEIGHT="72.44094488188976" WIDTH="28.346456692913385" VPOS="4907.086614173229" HPOS="2110.236220472441"/>
            <String HEIGHT="72.44094488188976" WIDTH="333.8582677165354" VPOS="4907.086614173229" HPOS="2026.7716535433071" CONTENT="l’amende" ID="tl_11_8" STYLEREFS="FONT0"/>
            <SP HEIGHT="72.44094488188976" WIDTH="28.346456692913385" VPOS="4907.086614173229" HPOS="2360.6299212598424"/>
            <String HEIGHT="72.44094488188976" WIDTH="166.9291338582677" VPOS="4907.086614173229" HPOS="2277.165354330709" CONTENT="de" ID="tl_11_9" STYLEREFS="FONT0"/>
            <SP HEIGHT="72.44094488188976" WIDTH="28.346456692913385" VPOS="4907.086614173229" HPOS="2444.0944881889764"/>
            <String HEIGHT="72.44094488188976" WIDTH="250.39370078740157" VPOS="4907.086614173229" HPOS="2360.6299212598424" CONTENT="mille" ID="tl_11_10" STYLEREFS="FONT0"/>
            <SP HEIGHT="72.44094488188976" WIDTH="28.346456692913385" VPOS="4907.086614173229" HPOS="2612.5984251968503"/>
            <String HEIGHT="72.44094488188976" WIDTH="278.74015748031496" VPOS="4907.086614173229" HPOS="2529.1338582677167" CONTENT="francs" ID="tl_11_11" STYLEREFS="FONT0"/>
            <SP HEIGHT="72.44094488188976" WIDTH="28.346456692913385" VPOS="4907.086614173229" HPOS="2806.299212598425"/>
            <String HEIGHT="72.44094488188976" WIDTH="138.58267716535434" VPOS="4907.086614173229" HPOS="2722.834645669291" CONTENT="à" ID="tl_11_12" STYLEREFS="FONT0"/>
            <SP HEIGHT="72.44094488188976" WIDTH="28.346456692913385" VPOS="4907.086614173229" HPOS="2862.9921259842517"/>
            <String HEIGHT="72.44094488188976" WIDTH="278.74015748031496" VPOS="4907.086614173229" HPOS="2751.181102362205" CONTENT="laquelle" ID="tl_11_13" STYLEREFS="FONT0"/>
          </TextLine>
          <TextLine ID="tl_12" BASELINE="3200" HEIGHT="62.99212598425197" WIDTH="1171.6535433070867" VPOS="4976.377952755905" HPOS="1020.4724409448819">
            <String HEIGHT="62.99212598425197" WIDTH="171.6535433070866" VPOS="4976.377952755905" HPOS="992.1259842519685" CONTENT="il" ID="tl_12_1" STYLEREFS="FONT0"/>
            <SP HEIGHT="62.99212598425197" WIDTH="28.346456692913385" VPOS="4976.377952755905" HPOS="1163.7795275590552"/>
            <String HEIGHT="62.99212598425197" WIDTH="143.30708661417322" VPOS="4976.377952755905" HPOS="1077.1653543307086" CONTENT="a" ID="tl_12_2" STYLEREFS="FONT0"/>
            <SP HEIGHT="62.99212598425197" WIDTH="28.346456692913385" VPOS="4976.377952755905" HPOS="1220.4724409448818"/>
            <String HEIGHT="62.99212598425197" WIDTH="200.0" VPOS="4976.377952755905" HPOS="1135.4330708661416" CONTENT="été" ID="tl_12_3" STYLEREFS="FONT0"/>
            <SP HEIGHT="62.99212598425197" WIDTH="28.346456692913385" VPOS="4976.377952755905" HPOS="1335.4330708661416"/>
            <String HEIGHT="62.99212598425197" WIDTH="343.3070866141732" VPOS="4976.377952755905" HPOS="1248.8188976377953" CONTENT="condamné" ID="tl_12_4" STYLEREFS="FONT0"/>
            <SP HEIGHT="62.99212598425197" WIDTH="28.346456692913385" VPOS="4976.377952755905" HPOS="1592.1259842519685"/>
            <String HEIGHT="62.99212598425197" WIDTH="171.6535433070866" VPOS="4976.377952755905" HPOS="1505.5118110236222" CONTENT="en" ID="tl_12_5" STYLEREFS="FONT0"/>
            <SP HEIGHT="62.99212598425197" WIDTH="28.346456692913385" VPOS="4976.377952755905" HPOS="1677.1653543307086"/>
            <String HEIGHT="62.99212598425197" WIDTH="428.34645669291336" VPOS="4976.377952755905" HPOS="1592.1259842519685" CONTENT="l’échiquier" ID="tl_12_6" STYLEREFS="FONT0"/>
            <SP HEIGHT="62.99212598425197" WIDTH="28.346456692913385" VPOS="4976.377952755905" HPOS="2020.4724409448818"/>
            <String HEIGHT="62.99212598425197" WIDTH="143.30708661417322" VPOS="4976.377952755905" HPOS="1935.4330708661416" CONTENT="à" ID="tl_12_7" STYLEREFS="FONT0"/>
            <SP HEIGHT="62.99212598425197" WIDTH="28.346456692913385" VPOS="4976.377952755905" HPOS="2077.165354330709"/>
            <String HEIGHT="62.99212598425197" WIDTH="228.3464566929134" VPOS="4976.377952755905" HPOS="1963.7795275590552" CONTENT="Rouen." ID="tl_12_8" STYLEREFS="FONT0"/>
          </TextLine>
        </TextBlock>
        <TextBlock ID="r_6_5" HEIGHT="212.5984251968504" WIDTH="3503.9370078740158" VPOS="5107.086614173229" HPOS="1020.4724409448819">
          <TextLine ID="tl_13" BASELINE="3305" HEIGHT="96.06299212598425" WIDTH="3500.787401574803" VPOS="5108.6614173228345" HPOS="1022.0472440944882">
            <String HEIGHT="96.06299212598425" WIDTH="344.88188976377955" VPOS="5108.6614173228345" HPOS="973.2283464566929" CONTENT="★2★" ID="tl_13_1" STYLEREFS="FONT0"/>
            <SP HEIGHT="96.06299212598425" WIDTH="48.818897637795274" VPOS="5108.6614173228345" HPOS="1318.1102362204724"/>
            <String HEIGHT="96.06299212598425" WIDTH="541.7322834645669" VPOS="5108.6614173228345" HPOS="1170.0787401574803" CONTENT="CHARLES" ID="tl_13_2" STYLEREFS="FONT0"/>
            <SP HEIGHT="96.06299212598425" WIDTH="48.818897637795274" VPOS="5108.6614173228345" HPOS="1711.8110236220473"/>
            <String HEIGHT="96.06299212598425" WIDTH="393.7007874015748" VPOS="5108.6614173228345" HPOS="1563.7795275590552" CONTENT="VII," ID="tl_13_3" STYLEREFS="FONT0"/>
            <SP HEIGHT="96.06299212598425" WIDTH="48.818897637795274" VPOS="5108.6614173228345" HPOS="1959.0551181102362"/>
            <String HEIGHT="96.06299212598425" WIDTH="296.06299212598424" VPOS="5108.6614173228345" HPOS="1811.023622047244" CONTENT="n." ID="tl_13_4" STYLEREFS="FONT0"/>
            <SP HEIGHT="96.06299212598425" WIDTH="48.818897637795274" VPOS="5108.6614173228345" HPOS="2107.0866141732286"/>
            <String HEIGHT="96.06299212598425" WIDTH="247.24409448818898" VPOS="5108.6614173228345" HPOS="1959.0551181102362" CONTENT="à" ID="tl_13_5" STYLEREFS="FONT0"/>
            <SP HEIGHT="96.06299212598425" WIDTH="48.818897637795274" VPOS="5108.6614173228345" HPOS="2204.7244094488187"/>
            <String HEIGHT="96.06299212598425" WIDTH="492.9133858267717" VPOS="5108.6614173228345" HPOS="2058.267716535433" CONTENT="Paris," ID="tl_13_6" STYLEREFS="FONT0"/>
            <SP HEIGHT="96.06299212598425" WIDTH="48.818897637795274" VPOS="5108.6614173228345" HPOS="2551.181102362205"/>
            <String HEIGHT="96.06299212598425" WIDTH="296.06299212598424" VPOS="5108.6614173228345" HPOS="2403.149606299213" CONTENT="22" ID="tl_13_7" STYLEREFS="FONT0"/>
            <SP HEIGHT="96.06299212598425" WIDTH="48.818897637795274" VPOS="5108.6614173228345" HPOS="2699.212598425197"/>
            <String HEIGHT="96.06299212598425" WIDTH="541.7322834645669" VPOS="5108.6614173228345" HPOS="2551.181102362205" CONTENT="janvier" ID="tl_13_8" STYLEREFS="FONT0"/>
            <SP HEIGHT="96.06299212598425" WIDTH="48.818897637795274" VPOS="5108.6614173228345" HPOS="3092.9133858267714"/>
            <String HEIGHT="96.06299212598425" WIDTH="444.09448818897636" VPOS="5108.6614173228345" HPOS="2944.8818897637793" CONTENT="1403," ID="tl_13_9" STYLEREFS="FONT0"/>
            <SP HEIGHT="96.06299212598425" WIDTH="48.818897637795274" VPOS="5108.6614173228345" HPOS="3388.9763779527557"/>
            <String HEIGHT="96.06299212598425" WIDTH="393.7007874015748" VPOS="5108.6614173228345" HPOS="3240.9448818897636" CONTENT="fils" ID="tl_13_10" STYLEREFS="FONT0"/>
            <SP HEIGHT="96.06299212598425" WIDTH="48.818897637795274" VPOS="5108.6614173228345" HPOS="3634.6456692913384"/>
            <String HEIGHT="96.06299212598425" WIDTH="296.06299212598424" VPOS="5108.6614173228345" HPOS="3486.6141732283463" CONTENT="du" ID="tl_13_11" STYLEREFS="FONT0"/>
            <SP HEIGHT="96.06299212598425" WIDTH="48.818897637795274" VPOS="5108.6614173228345" HPOS="3782.6771653543306"/>
            <String HEIGHT="96.06299212598425" WIDTH="689.7637795275591" VPOS="5108.6614173228345" HPOS="3634.6456692913384" CONTENT="précédent," ID="tl_13_12" STYLEREFS="FONT0"/>
            <SP HEIGHT="96.06299212598425" WIDTH="48.818897637795274" VPOS="5108.6614173228345" HPOS="4325.9842519685035"/>
            <String HEIGHT="96.06299212598425" WIDTH="344.88188976377955" VPOS="5108.6614173228345" HPOS="4177.952755905511" CONTENT="roi" ID="tl_13_13" STYLEREFS="FONT0"/>
            <SP HEIGHT="96.06299212598425" WIDTH="48.818897637795274" VPOS="5108.6614173228345" HPOS="4522.834645669292"/>
            <String HEIGHT="96.06299212598425" WIDTH="196.8503937007874" VPOS="5108.6614173228345" HPOS="4325.9842519685035" CONTENT="le" ID="tl_13_14" STYLEREFS="FONT0"/>
          </TextLine>
          <TextLine ID="tl_14" BASELINE="3377" HEIGHT="107.08661417322834" WIDTH="3184.251968503937" VPOS="5211.023622047244" HPOS="1025.1968503937007">
            <String HEIGHT="107.08661417322834" WIDTH="258.26771653543307" VPOS="5211.023622047244" HPOS="982.6771653543307" CONTENT="22" ID="tl_14_1" STYLEREFS="FONT0"/>
            <SP HEIGHT="107.08661417322834" WIDTH="42.51968503937008" VPOS="5211.023622047244" HPOS="1240.9448818897638"/>
            <String HEIGHT="107.08661417322834" WIDTH="474.01574803149606" VPOS="5211.023622047244" HPOS="1111.8110236220473" CONTENT="octobre" ID="tl_14_2" STYLEREFS="FONT0"/>
            <SP HEIGHT="107.08661417322834" WIDTH="42.51968503937008" VPOS="5211.023622047244" HPOS="1584.251968503937"/>
            <String HEIGHT="107.08661417322834" WIDTH="387.40157480314963" VPOS="5211.023622047244" HPOS="1455.1181102362204" CONTENT="1422," ID="tl_14_3" STYLEREFS="FONT0"/>
            <SP HEIGHT="107.08661417322834" WIDTH="42.51968503937008" VPOS="5211.023622047244" HPOS="1842.5196850393702"/>
            <String HEIGHT="107.08661417322834" WIDTH="258.26771653543307" VPOS="5211.023622047244" HPOS="1713.3858267716535" CONTENT="m." ID="tl_14_4" STYLEREFS="FONT0"/>
            <SP HEIGHT="107.08661417322834" WIDTH="42.51968503937008" VPOS="5211.023622047244" HPOS="1971.6535433070867"/>
            <String HEIGHT="107.08661417322834" WIDTH="258.26771653543307" VPOS="5211.023622047244" HPOS="1842.5196850393702" CONTENT="au" ID="tl_14_5" STYLEREFS="FONT0"/>
            <SP HEIGHT="107.08661417322834" WIDTH="42.51968503937008" VPOS="5211.023622047244" HPOS="2100.787401574803"/>
            <String HEIGHT="107.08661417322834" WIDTH="474.01574803149606" VPOS="5211.023622047244" HPOS="1971.6535433070867" CONTENT="château" ID="tl_14_6" STYLEREFS="FONT0"/>
            <SP HEIGHT="107.08661417322834" WIDTH="42.51968503937008" VPOS="5211.023622047244" HPOS="2445.6692913385828"/>
            <String HEIGHT="107.08661417322834" WIDTH="258.26771653543307" VPOS="5211.023622047244" HPOS="2316.535433070866" CONTENT="de" ID="tl_14_7" STYLEREFS="FONT0"/>
            <SP HEIGHT="107.08661417322834" WIDTH="42.51968503937008" VPOS="5211.023622047244" HPOS="2574.803149606299"/>
            <String HEIGHT="107.08661417322834" WIDTH="387.40157480314963" VPOS="5211.023622047244" HPOS="2445.6692913385828" CONTENT="Mehun" ID="tl_14_8" STYLEREFS="FONT0"/>
            <SP HEIGHT="107.08661417322834" WIDTH="42.51968503937008" VPOS="5211.023622047244" HPOS="2833.0708661417325"/>
            <String HEIGHT="107.08661417322834" WIDTH="300.78740157480314" VPOS="5211.023622047244" HPOS="2703.9370078740158" CONTENT="sur" ID="tl_14_9" STYLEREFS="FONT0"/>
            <SP HEIGHT="107.08661417322834" WIDTH="42.51968503937008" VPOS="5211.023622047244" HPOS="3004.7244094488187"/>
            <String HEIGHT="107.08661417322834" WIDTH="387.40157480314963" VPOS="5211.023622047244" HPOS="2875.5905511811025" CONTENT="Yèvre" ID="tl_14_10" STYLEREFS="FONT0"/>
            <SP HEIGHT="107.08661417322834" WIDTH="42.51968503937008" VPOS="5211.023622047244" HPOS="3262.9921259842517"/>
            <String HEIGHT="107.08661417322834" WIDTH="474.01574803149606" VPOS="5211.023622047244" HPOS="3133.8582677165355" CONTENT="(Cher)," ID="tl_14_11" STYLEREFS="FONT0"/>
            <SP HEIGHT="107.08661417322834" WIDTH="42.51968503937008" VPOS="5211.023622047244" HPOS="3606.299212598425"/>
            <String HEIGHT="107.08661417322834" WIDTH="258.26771653543307" VPOS="5211.023622047244" HPOS="3477.165354330709" CONTENT="22" ID="tl_14_12" STYLEREFS="FONT0"/>
            <SP HEIGHT="107.08661417322834" WIDTH="42.51968503937008" VPOS="5211.023622047244" HPOS="3735.433070866142"/>
            <String HEIGHT="107.08661417322834" WIDTH="474.01574803149606" VPOS="5211.023622047244" HPOS="3606.299212598425" CONTENT="juillet" ID="tl_14_13" STYLEREFS="FONT0"/>
            <SP HEIGHT="107.08661417322834" WIDTH="42.51968503937008" VPOS="5211.023622047244" HPOS="4080.314960629921"/>
            <String HEIGHT="107.08661417322834" WIDTH="300.78740157480314" VPOS="5211.023622047244" HPOS="3908.6614173228345" CONTENT="1461." ID="tl_14_14" STYLEREFS="FONT0"/>
          </TextLine>
        </TextBlock>
        <TextBlock ID="r_6_6" HEIGHT="177.95275590551182" WIDTH="3507.0866141732286" VPOS="5351.181102362205" HPOS="1017.3228346456693">
          <TextLine ID="tl_15" BASELINE="3451" HEIGHT="81.88976377952756" WIDTH="3422.047244094488" VPOS="5352.755905511811" HPOS="1100.7874015748032">
            <String HEIGHT="81.88976377952756" WIDTH="218.89763779527559" VPOS="5352.755905511811" HPOS="1064.5669291338584" CONTENT="L." ID="tl_15_1" STYLEREFS="FONT0"/>
            <SP HEIGHT="81.88976377952756" WIDTH="36.22047244094488" VPOS="5352.755905511811" HPOS="1283.4645669291338"/>
            <String HEIGHT="81.88976377952756" WIDTH="218.89763779527559" VPOS="5352.755905511811" HPOS="1173.2283464566929" CONTENT="S." ID="tl_15_2" STYLEREFS="FONT0"/>
            <SP HEIGHT="81.88976377952756" WIDTH="36.22047244094488" VPOS="5352.755905511811" HPOS="1392.1259842519685"/>
            <String HEIGHT="81.88976377952756" WIDTH="218.89763779527559" VPOS="5352.755905511811" HPOS="1283.4645669291338" CONTENT="au" ID="tl_15_3" STYLEREFS="FONT0"/>
            <SP HEIGHT="81.88976377952756" WIDTH="36.22047244094488" VPOS="5352.755905511811" HPOS="1500.7874015748032"/>
            <String HEIGHT="81.88976377952756" WIDTH="255.11811023622047" VPOS="5352.755905511811" HPOS="1392.1259842519685" CONTENT="duc" ID="tl_15_4" STYLEREFS="FONT0"/>
            <SP HEIGHT="81.88976377952756" WIDTH="36.22047244094488" VPOS="5352.755905511811" HPOS="1647.244094488189"/>
            <String HEIGHT="81.88976377952756" WIDTH="474.01574803149606" VPOS="5352.755905511811" HPOS="1537.007874015748" CONTENT="d’Orléans" ID="tl_15_5" STYLEREFS="FONT0"/>
            <SP HEIGHT="81.88976377952756" WIDTH="36.22047244094488" VPOS="5352.755905511811" HPOS="2011.023622047244"/>
            <String HEIGHT="81.88976377952756" WIDTH="474.01574803149606" VPOS="5352.755905511811" HPOS="1902.3622047244094" CONTENT="(Charles," ID="tl_15_6" STYLEREFS="FONT0"/>
            <SP HEIGHT="81.88976377952756" WIDTH="36.22047244094488" VPOS="5352.755905511811" HPOS="2374.803149606299"/>
            <String HEIGHT="81.88976377952756" WIDTH="291.33858267716533" VPOS="5352.755905511811" HPOS="2266.1417322834645" CONTENT="père" ID="tl_15_7" STYLEREFS="FONT0"/>
            <SP HEIGHT="81.88976377952756" WIDTH="36.22047244094488" VPOS="5352.755905511811" HPOS="2557.48031496063"/>
            <String HEIGHT="81.88976377952756" WIDTH="218.89763779527559" VPOS="5352.755905511811" HPOS="2447.244094488189" CONTENT="de" ID="tl_15_8" STYLEREFS="FONT0"/>
            <SP HEIGHT="81.88976377952756" WIDTH="36.22047244094488" VPOS="5352.755905511811" HPOS="2666.1417322834645"/>
            <String HEIGHT="81.88976377952756" WIDTH="327.5590551181102" VPOS="5352.755905511811" HPOS="2557.48031496063" CONTENT="Louis" ID="tl_15_9" STYLEREFS="FONT0"/>
            <SP HEIGHT="81.88976377952756" WIDTH="36.22047244094488" VPOS="5352.755905511811" HPOS="2885.0393700787404"/>
            <String HEIGHT="81.88976377952756" WIDTH="327.5590551181102" VPOS="5352.755905511811" HPOS="2774.803149606299" CONTENT="XII);" ID="tl_15_10" STYLEREFS="FONT0"/>
            <SP HEIGHT="81.88976377952756" WIDTH="36.22047244094488" VPOS="5352.755905511811" HPOS="3102.3622047244094"/>
            <String HEIGHT="81.88976377952756" WIDTH="218.89763779527559" VPOS="5352.755905511811" HPOS="2993.700787401575" CONTENT="La" ID="tl_15_11" STYLEREFS="FONT0"/>
            <SP HEIGHT="81.88976377952756" WIDTH="36.22047244094488" VPOS="5352.755905511811" HPOS="3212.5984251968503"/>
            <String HEIGHT="81.88976377952756" WIDTH="400.0" VPOS="5352.755905511811" HPOS="3102.3622047244094" CONTENT="Bruière" ID="tl_15_12" STYLEREFS="FONT0"/>
            <SP HEIGHT="81.88976377952756" WIDTH="36.22047244094488" VPOS="5352.755905511811" HPOS="3503.9370078740158"/>
            <String HEIGHT="81.88976377952756" WIDTH="474.01574803149606" VPOS="5352.755905511811" HPOS="3393.700787401575" CONTENT="Laubépin," ID="tl_15_13" STYLEREFS="FONT0"/>
            <SP HEIGHT="81.88976377952756" WIDTH="36.22047244094488" VPOS="5352.755905511811" HPOS="3867.716535433071"/>
            <String HEIGHT="81.88976377952756" WIDTH="218.89763779527559" VPOS="5352.755905511811" HPOS="3759.0551181102364" CONTENT="31" ID="tl_15_14" STYLEREFS="FONT0"/>
            <SP HEIGHT="81.88976377952756" WIDTH="36.22047244094488" VPOS="5352.755905511811" HPOS="3976.3779527559054"/>
            <String HEIGHT="81.88976377952756" WIDTH="327.5590551181102" VPOS="5352.755905511811" HPOS="3867.716535433071" CONTENT="août," ID="tl_15_15" STYLEREFS="FONT0"/>
            <SP HEIGHT="81.88976377952756" WIDTH="36.22047244094488" VPOS="5352.755905511811" HPOS="4195.275590551181"/>
            <String HEIGHT="81.88976377952756" WIDTH="255.11811023622047" VPOS="5352.755905511811" HPOS="4086.6141732283463" CONTENT="1/2" ID="tl_15_16" STYLEREFS="FONT0"/>
            <SP HEIGHT="81.88976377952756" WIDTH="36.22047244094488" VPOS="5352.755905511811" HPOS="4340.157480314961"/>
            <String HEIGHT="81.88976377952756" WIDTH="218.89763779527559" VPOS="5352.755905511811" HPOS="4231.496062992126" CONTENT="p." ID="tl_15_17" STYLEREFS="FONT0"/>
            <SP HEIGHT="81.88976377952756" WIDTH="36.22047244094488" VPOS="5352.755905511811" HPOS="4450.393700787402"/>
            <String HEIGHT="81.88976377952756" WIDTH="218.89763779527559" VPOS="5352.755905511811" HPOS="4303.937007874016" CONTENT="in" ID="tl_15_18" STYLEREFS="FONT0"/>
          </TextLine>
          <TextLine ID="tl_16" BASELINE="3510" HEIGHT="88.18897637795276" WIDTH="1307.0866141732283" VPOS="5439.370078740158" HPOS="1018.8976377952756">
            <String HEIGHT="88.18897637795276" WIDTH="400.0" VPOS="5439.370078740158" HPOS="982.6771653543307" CONTENT="oblong," ID="tl_16_1" STYLEREFS="FONT0"/>
            <SP HEIGHT="88.18897637795276" WIDTH="36.22047244094488" VPOS="5439.370078740158" HPOS="1382.6771653543308"/>
            <String HEIGHT="88.18897637795276" WIDTH="400.0" VPOS="5439.370078740158" HPOS="1272.4409448818897" CONTENT="cachet." ID="tl_16_2" STYLEREFS="FONT0"/>
            <SP HEIGHT="88.18897637795276" WIDTH="36.22047244094488" VPOS="5439.370078740158" HPOS="1672.4409448818897"/>
            <String HEIGHT="88.18897637795276" WIDTH="400.0" VPOS="5439.370078740158" HPOS="1563.7795275590552" CONTENT="Légères" ID="tl_16_3" STYLEREFS="FONT0"/>
            <SP HEIGHT="88.18897637795276" WIDTH="36.22047244094488" VPOS="5439.370078740158" HPOS="1962.2047244094488"/>
            <String HEIGHT="88.18897637795276" WIDTH="400.0" VPOS="5439.370078740158" HPOS="1853.5433070866143" CONTENT="taches." ID="tl_16_4" STYLEREFS="FONT0"/>
            <SP HEIGHT="88.18897637795276" WIDTH="36.22047244094488" VPOS="5439.370078740158" HPOS="2253.5433070866143"/>
            <String HEIGHT="88.18897637795276" WIDTH="181.10236220472441" VPOS="5439.370078740158" HPOS="2144.8818897637793" CONTENT="—" ID="tl_16_5" STYLEREFS="FONT0"/>
            <SP HEIGHT="88.18897637795276" WIDTH="36.22047244094488" VPOS="5439.370078740158" HPOS="2325.984251968504"/>
            <String HEIGHT="88.18897637795276" WIDTH="144.88188976377953" VPOS="5439.370078740158" HPOS="2181.1023622047246" CONTENT="P." ID="tl_16_6" STYLEREFS="FONT0"/>
          </TextLine>
        </TextBlock>
        <TextBlock ID="r_6_7" HEIGHT="390.5511811023622" WIDTH="1318.1102362204724" VPOS="5560.629921259842" HPOS="1014.1732283464567">
          <TextLine ID="tl_17" BASELINE="3578" HEIGHT="72.44094488188976" WIDTH="1250.3937007874015" VPOS="5562.204724409449" HPOS="1078.740157480315">
            <String HEIGHT="72.44094488188976" WIDTH="170.07874015748033" VPOS="5562.204724409449" HPOS="1050.3937007874015" CONTENT="Il" ID="tl_17_1" STYLEREFS="FONT0"/>
            <SP HEIGHT="72.44094488188976" WIDTH="28.346456692913385" VPOS="5562.204724409449" HPOS="1220.4724409448818"/>
            <String HEIGHT="72.44094488188976" WIDTH="141.73228346456693" VPOS="5562.204724409449" HPOS="1135.4330708661416" CONTENT="a" ID="tl_17_2" STYLEREFS="FONT0"/>
            <SP HEIGHT="72.44094488188976" WIDTH="28.346456692913385" VPOS="5562.204724409449" HPOS="1277.1653543307086"/>
            <String HEIGHT="72.44094488188976" WIDTH="226.77165354330708" VPOS="5562.204724409449" HPOS="1192.1259842519685" CONTENT="reçu" ID="tl_17_3" STYLEREFS="FONT0"/>
            <SP HEIGHT="72.44094488188976" WIDTH="28.346456692913385" VPOS="5562.204724409449" HPOS="1420.4724409448818"/>
            <String HEIGHT="72.44094488188976" WIDTH="198.4251968503937" VPOS="5562.204724409449" HPOS="1333.8582677165355" CONTENT="des" ID="tl_17_4" STYLEREFS="FONT0"/>
            <SP HEIGHT="72.44094488188976" WIDTH="28.346456692913385" VPOS="5562.204724409449" HPOS="1533.8582677165355"/>
            <String HEIGHT="72.44094488188976" WIDTH="313.38582677165357" VPOS="5562.204724409449" HPOS="1448.8188976377953" CONTENT="lettres" ID="tl_17_5" STYLEREFS="FONT0"/>
            <SP HEIGHT="72.44094488188976" WIDTH="28.346456692913385" VPOS="5562.204724409449" HPOS="1760.6299212598426"/>
            <String HEIGHT="72.44094488188976" WIDTH="170.07874015748033" VPOS="5562.204724409449" HPOS="1675.5905511811025" CONTENT="du" ID="tl_17_6" STYLEREFS="FONT0"/>
            <SP HEIGHT="72.44094488188976" WIDTH="28.346456692913385" VPOS="5562.204724409449" HPOS="1845.6692913385828"/>
            <String HEIGHT="72.44094488188976" WIDTH="283.46456692913387" VPOS="5562.204724409449" HPOS="1760.6299212598426" CONTENT="bailli" ID="tl_17_7" STYLEREFS="FONT0"/>
            <SP HEIGHT="72.44094488188976" WIDTH="28.346456692913385" VPOS="5562.204724409449" HPOS="2045.6692913385828"/>
            <String HEIGHT="72.44094488188976" WIDTH="170.07874015748033" VPOS="5562.204724409449" HPOS="1959.0551181102362" CONTENT="de" ID="tl_17_8" STYLEREFS="FONT0"/>
            <SP HEIGHT="72.44094488188976" WIDTH="28.346456692913385" VPOS="5562.204724409449" HPOS="2130.7086614173227"/>
            <String HEIGHT="72.44094488188976" WIDTH="226.77165354330708" VPOS="5562.204724409449" HPOS="2045.6692913385828" CONTENT="Sens" ID="tl_17_9" STYLEREFS="FONT0"/>
            <SP HEIGHT="72.44094488188976" WIDTH="28.346456692913385" VPOS="5562.204724409449" HPOS="2272.4409448818897"/>
            <String HEIGHT="72.44094488188976" WIDTH="170.07874015748033" VPOS="5562.204724409449" HPOS="2159.0551181102364" CONTENT="(Ré" SUBS_TYPE="HypPart1" SUBS_CONTENT="(Régnault" ID="tl_17_10" STYLEREFS="FONT0"/>
            <HYP CONTENT="-"/>
          </TextLine>
          <TextLine ID="tl_18" BASELINE="3619" HEIGHT="69.29133858267717" WIDTH="1313.3858267716535" VPOS="5629.921259842519" HPOS="1017.3228346456693">
            <String HEIGHT="69.29133858267717" WIDTH="305.51181102362204" VPOS="5629.921259842519" HPOS="987.4015748031496" CONTENT="gnault" SUBS_TYPE="HypPart2" SUBS_CONTENT="(Régnault" ID="tl_18_1" STYLEREFS="FONT0"/>
            <SP HEIGHT="69.29133858267717" WIDTH="29.921259842519685" VPOS="5629.921259842519" HPOS="1292.9133858267717"/>
            <String HEIGHT="69.29133858267717" WIDTH="182.6771653543307" VPOS="5629.921259842519" HPOS="1200.0" CONTENT="du" ID="tl_18_2" STYLEREFS="FONT0"/>
            <SP HEIGHT="69.29133858267717" WIDTH="29.921259842519685" VPOS="5629.921259842519" HPOS="1384.251968503937"/>
            <String HEIGHT="69.29133858267717" WIDTH="366.92913385826773" VPOS="5629.921259842519" HPOS="1292.9133858267717" CONTENT="Dresnay)" ID="tl_18_3" STYLEREFS="FONT0"/>
            <SP HEIGHT="69.29133858267717" WIDTH="29.921259842519685" VPOS="5629.921259842519" HPOS="1658.267716535433"/>
            <String HEIGHT="69.29133858267717" WIDTH="214.17322834645668" VPOS="5629.921259842519" HPOS="1566.9291338582677" CONTENT="lui" ID="tl_18_4" STYLEREFS="FONT0"/>
            <SP HEIGHT="69.29133858267717" WIDTH="29.921259842519685" VPOS="5629.921259842519" HPOS="1781.1023622047244"/>
            <String HEIGHT="69.29133858267717" WIDTH="396.8503937007874" VPOS="5629.921259842519" HPOS="1689.763779527559" CONTENT="annonçant" ID="tl_18_5" STYLEREFS="FONT0"/>
            <SP HEIGHT="69.29133858267717" WIDTH="29.921259842519685" VPOS="5629.921259842519" HPOS="2086.6141732283463"/>
            <String HEIGHT="69.29133858267717" WIDTH="182.6771653543307" VPOS="5629.921259842519" HPOS="1995.275590551181" CONTENT="la" ID="tl_18_6" STYLEREFS="FONT0"/>
            <SP HEIGHT="69.29133858267717" WIDTH="29.921259842519685" VPOS="5629.921259842519" HPOS="2177.952755905512"/>
            <String HEIGHT="69.29133858267717" WIDTH="244.09448818897638" VPOS="5629.921259842519" HPOS="2086.6141732283463" CONTENT="mort" ID="tl_18_7" STYLEREFS="FONT0"/>
            <SP HEIGHT="69.29133858267717" WIDTH="29.921259842519685" VPOS="5629.921259842519" HPOS="2330.7086614173227"/>
            <String HEIGHT="69.29133858267717" WIDTH="122.83464566929133" VPOS="5629.921259842519" HPOS="2207.8740157480315" CONTENT="de" ID="tl_18_8" STYLEREFS="FONT0"/>
          </TextLine>
          <TextLine ID="tl_19" BASELINE="3660" HEIGHT="69.29133858267717" WIDTH="1314.9606299212599" VPOS="5694.488188976378" HPOS="1015.7480314960629">
            <String HEIGHT="69.29133858267717" WIDTH="359.0551181102362" VPOS="5694.488188976378" HPOS="985.8267716535433" CONTENT="Thibault" ID="tl_19_1" STYLEREFS="FONT0"/>
            <SP HEIGHT="69.29133858267717" WIDTH="29.921259842519685" VPOS="5694.488188976378" HPOS="1344.8818897637796"/>
            <String HEIGHT="69.29133858267717" WIDTH="359.0551181102362" VPOS="5694.488188976378" HPOS="1255.1181102362204" CONTENT="Caillau," ID="tl_19_2" STYLEREFS="FONT0"/>
            <SP HEIGHT="69.29133858267717" WIDTH="29.921259842519685" VPOS="5694.488188976378" HPOS="1614.1732283464567"/>
            <String HEIGHT="69.29133858267717" WIDTH="388.9763779527559" VPOS="5694.488188976378" HPOS="1524.4094488188975" CONTENT="capitaine" ID="tl_19_3" STYLEREFS="FONT0"/>
            <SP HEIGHT="69.29133858267717" WIDTH="29.921259842519685" VPOS="5694.488188976378" HPOS="1911.8110236220473"/>
            <String HEIGHT="69.29133858267717" WIDTH="179.5275590551181" VPOS="5694.488188976378" HPOS="1822.0472440944882" CONTENT="du" ID="tl_19_4" STYLEREFS="FONT0"/>
            <SP HEIGHT="69.29133858267717" WIDTH="29.921259842519685" VPOS="5694.488188976378" HPOS="2001.5748031496064"/>
            <String HEIGHT="69.29133858267717" WIDTH="269.29133858267716" VPOS="5694.488188976378" HPOS="1911.8110236220473" CONTENT="vieux" ID="tl_19_5" STYLEREFS="FONT0"/>
            <SP HEIGHT="69.29133858267717" WIDTH="29.921259842519685" VPOS="5694.488188976378" HPOS="2181.1023622047246"/>
            <String HEIGHT="69.29133858267717" WIDTH="269.29133858267716" VPOS="5694.488188976378" HPOS="2061.417322834646" CONTENT="château" ID="tl_19_6" STYLEREFS="FONT0"/>
          </TextLine>
          <TextLine ID="tl_20" BASELINE="3699" HEIGHT="61.41732283464567" WIDTH="1311.8110236220473" VPOS="5763.779527559055" HPOS="1017.3228346456693">
            <String HEIGHT="61.41732283464567" WIDTH="335.43307086614175" VPOS="5763.779527559055" HPOS="987.4015748031496" CONTENT="d’Asti," ID="tl_20_1" STYLEREFS="FONT0"/>
            <SP HEIGHT="61.41732283464567" WIDTH="29.921259842519685" VPOS="5763.779527559055" HPOS="1322.8346456692914"/>
            <String HEIGHT="61.41732283464567" WIDTH="182.6771653543307" VPOS="5763.779527559055" HPOS="1231.4960629921259" CONTENT="et" ID="tl_20_2" STYLEREFS="FONT0"/>
            <SP HEIGHT="61.41732283464567" WIDTH="29.921259842519685" VPOS="5763.779527559055" HPOS="1414.1732283464567"/>
            <String HEIGHT="61.41732283464567" WIDTH="396.8503937007874" VPOS="5763.779527559055" HPOS="1322.8346456692914" CONTENT="demandant" ID="tl_20_3" STYLEREFS="FONT0"/>
            <SP HEIGHT="61.41732283464567" WIDTH="29.921259842519685" VPOS="5763.779527559055" HPOS="1719.6850393700788"/>
            <String HEIGHT="61.41732283464567" WIDTH="274.01574803149606" VPOS="5763.779527559055" HPOS="1626.7716535433071" CONTENT="cette" ID="tl_20_4" STYLEREFS="FONT0"/>
            <SP HEIGHT="61.41732283464567" WIDTH="29.921259842519685" VPOS="5763.779527559055" HPOS="1902.3622047244094"/>
            <String HEIGHT="61.41732283464567" WIDTH="274.01574803149606" VPOS="5763.779527559055" HPOS="1811.023622047244" CONTENT="place" ID="tl_20_5" STYLEREFS="FONT0"/>
            <SP HEIGHT="61.41732283464567" WIDTH="29.921259842519685" VPOS="5763.779527559055" HPOS="2085.0393700787404"/>
            <String HEIGHT="61.41732283464567" WIDTH="244.09448818897638" VPOS="5763.779527559055" HPOS="1993.7007874015749" CONTENT="pour" ID="tl_20_6" STYLEREFS="FONT0"/>
            <SP HEIGHT="61.41732283464567" WIDTH="29.921259842519685" VPOS="5763.779527559055" HPOS="2237.7952755905512"/>
            <String HEIGHT="61.41732283464567" WIDTH="182.6771653543307" VPOS="5763.779527559055" HPOS="2146.4566929133857" CONTENT="un" ID="tl_20_7" STYLEREFS="FONT0"/>
            <SP HEIGHT="61.41732283464567" WIDTH="29.921259842519685" VPOS="5763.779527559055" HPOS="2329.1338582677167"/>
            <String HEIGHT="61.41732283464567" WIDTH="121.25984251968504" VPOS="5763.779527559055" HPOS="2207.8740157480315" CONTENT="de" ID="tl_20_8" STYLEREFS="FONT0"/>
          </TextLine>
          <TextLine ID="tl_21" BASELINE="3742" HEIGHT="62.99212598425197" WIDTH="1308.6614173228347" VPOS="5829.921259842519" HPOS="1018.8976377952756">
            <String HEIGHT="62.99212598425197" WIDTH="218.89763779527559" VPOS="5829.921259842519" HPOS="987.4015748031496" CONTENT="ses" ID="tl_21_1" STYLEREFS="FONT0"/>
            <SP HEIGHT="62.99212598425197" WIDTH="31.496062992125985" VPOS="5829.921259842519" HPOS="1206.2992125984251"/>
            <String HEIGHT="62.99212598425197" WIDTH="560.6299212598425" VPOS="5829.921259842519" HPOS="1111.8110236220473" CONTENT="gentilshommes." ID="tl_21_2" STYLEREFS="FONT0"/>
            <SP HEIGHT="62.99212598425197" WIDTH="31.496062992125985" VPOS="5829.921259842519" HPOS="1674.015748031496"/>
            <String HEIGHT="62.99212598425197" WIDTH="187.4015748031496" VPOS="5829.921259842519" HPOS="1579.5275590551182" CONTENT="Il" ID="tl_21_3" STYLEREFS="FONT0"/>
            <SP HEIGHT="62.99212598425197" WIDTH="31.496062992125985" VPOS="5829.921259842519" HPOS="1766.9291338582677"/>
            <String HEIGHT="62.99212598425197" WIDTH="373.2283464566929" VPOS="5829.921259842519" HPOS="1674.015748031496" CONTENT="l’engage" ID="tl_21_4" STYLEREFS="FONT0"/>
            <SP HEIGHT="62.99212598425197" WIDTH="31.496062992125985" VPOS="5829.921259842519" HPOS="2047.244094488189"/>
            <String HEIGHT="62.99212598425197" WIDTH="155.90551181102362" VPOS="5829.921259842519" HPOS="1954.3307086614172" CONTENT="à" ID="tl_21_5" STYLEREFS="FONT0"/>
            <SP HEIGHT="62.99212598425197" WIDTH="31.496062992125985" VPOS="5829.921259842519" HPOS="2110.236220472441"/>
            <String HEIGHT="62.99212598425197" WIDTH="343.3070866141732" VPOS="5829.921259842519" HPOS="2015.748031496063" CONTENT="accéder" ID="tl_21_6" STYLEREFS="FONT0"/>
            <SP HEIGHT="62.99212598425197" WIDTH="31.496062992125985" VPOS="5829.921259842519" HPOS="2359.0551181102364"/>
            <String HEIGHT="62.99212598425197" WIDTH="92.91338582677166" VPOS="5829.921259842519" HPOS="2234.6456692913384" CONTENT="à" ID="tl_21_7" STYLEREFS="FONT0"/>
          </TextLine>
          <TextLine ID="tl_22" BASELINE="3778" HEIGHT="48.818897637795274" WIDTH="422.0472440944882" VPOS="5900.787401574803" HPOS="1017.3228346456693">
            <String HEIGHT="48.818897637795274" WIDTH="270.86614173228344" VPOS="5900.787401574803" HPOS="987.4015748031496" CONTENT="cette" ID="tl_22_1" STYLEREFS="FONT0"/>
            <SP HEIGHT="48.818897637795274" WIDTH="29.921259842519685" VPOS="5900.787401574803" HPOS="1258.267716535433"/>
            <String HEIGHT="48.818897637795274" WIDTH="300.78740157480314" VPOS="5900.787401574803" HPOS="1138.5826771653544" CONTENT="demande." ID="tl_22_2" STYLEREFS="FONT0"/>
          </TextLine>
        </TextBlock>
        <GraphicalElement ID="r_9" HEIGHT="28.346456692913385" WIDTH="363.7795275590551" VPOS="85.03937007874016" HPOS="5039.370078740158"/>
        <GraphicalElement ID="r_10" HEIGHT="36.22047244094488" WIDTH="469.29133858267716" VPOS="99.21259842519684" HPOS="440.9448818897638"/>
        <GraphicalElement ID="r_11" HEIGHT="40.94488188976378" WIDTH="1680.3149606299212" VPOS="110.23622047244095" HPOS="960.6299212598425"/>
        <GraphicalElement ID="r_12" HEIGHT="31.496062992125985" WIDTH="1502.3622047244094" VPOS="748.0314960629921" HPOS="513.3858267716536"/>
        <GraphicalElement ID="r_13" HEIGHT="47.24409448818898" WIDTH="3047.244094488189" VPOS="755.9055118110236" HPOS="2015.748031496063"/>
        <GraphicalElement ID="r_14" HEIGHT="39.37007874015748" WIDTH="3899.212598425197" VPOS="2259.8425196850394" HPOS="828.3464566929134"/>
        <GraphicalElement ID="r_16" HEIGHT="17.322834645669293" WIDTH="461.4173228346457" VPOS="5644.094488188976" HPOS="3905.511811023622"/>
        <GraphicalElement ID="r_17" HEIGHT="72.44094488188976" WIDTH="2135.433070866142" VPOS="6100.787401574803" HPOS="486.61417322834643"/>
        <GraphicalElement ID="r_18" HEIGHT="23.62204724409449" WIDTH="2414.1732283464567" VPOS="6152.755905511811" HPOS="2622.047244094488"/>
        <GraphicalElement ID="r_19" HEIGHT="585.8267716535433" WIDTH="36.22047244094488" VPOS="4044.0944881889764" HPOS="111.81102362204724"/>
        <GraphicalElement ID="r_20" HEIGHT="1218.8976377952756" WIDTH="80.31496062992126" VPOS="2308.6614173228345" HPOS="114.96062992125984"/>
        <GraphicalElement ID="r_21" HEIGHT="1240.9448818897638" WIDTH="47.24409448818898" VPOS="1058.267716535433" HPOS="152.75590551181102"/>
        <GraphicalElement ID="r_22" HEIGHT="957.4803149606299" WIDTH="36.22047244094488" VPOS="100.78740157480316" HPOS="173.22834645669292"/>
        <GraphicalElement ID="r_23" HEIGHT="6045.669291338582" WIDTH="50.39370078740158" VPOS="425.1968503937008" HPOS="806.2992125984252"/>
        <GraphicalElement ID="r_24" HEIGHT="6064.566929133858" WIDTH="44.09448818897638" VPOS="453.54330708661416" HPOS="4692.913385826771"/>
        <GraphicalElement ID="r_25" HEIGHT="255.11811023622047" WIDTH="7.874015748031496" VPOS="5713.385826771653" HPOS="5651.968503937008"/>
        <GraphicalElement ID="r_26" HEIGHT="166.9291338582677" WIDTH="3.1496062992125986" VPOS="5514.96062992126" HPOS="5653.543307086614"/>
        <GraphicalElement ID="r_27" HEIGHT="503.93700787401576" WIDTH="33.07086614173228" VPOS="5946.456692913386" HPOS="5653.543307086614"/>
        <GraphicalElement ID="r_28" HEIGHT="907.0866141732283" WIDTH="40.94488188976378" VPOS="4938.582677165355" HPOS="5664.566929133858"/>
        <GraphicalElement ID="r_29" HEIGHT="507.0866141732283" WIDTH="11.023622047244094" VPOS="2919.685039370079" HPOS="5667.716535433071"/>
        <GraphicalElement ID="r_30" HEIGHT="302.3622047244094" WIDTH="7.874015748031496" VPOS="2519.685039370079" HPOS="5674.0157480314965"/>
        <GraphicalElement ID="r_31" HEIGHT="737.007874015748" WIDTH="45.669291338582674" VPOS="1688.1889763779527" HPOS="5697.63779527559"/>
        <GraphicalElement ID="r_32" HEIGHT="255.11811023622047" WIDTH="12.598425196850394" VPOS="626.7716535433071" HPOS="5711.811023622047"/>
        <GraphicalElement ID="r_33" HEIGHT="374.8031496062992" WIDTH="17.322834645669293" VPOS="3426.771653543307" HPOS="5733.858267716535"/>
        <GraphicalElement ID="r_34" HEIGHT="403.1496062992126" WIDTH="12.598425196850394" VPOS="1310.236220472441" HPOS="5759.055118110236"/>
        <GraphicalElement ID="r_35" HEIGHT="3.1496062992125986" WIDTH="107.08661417322834" VPOS="2258.267716535433" HPOS="3001.5748031496064"/>
        <Illustration ID="r_7" HEIGHT="450.3937007874016" WIDTH="2039.3700787401574" VPOS="5488.188976377953" HPOS="2470.8661417322833"/>
        <Illustration ID="r_8" HEIGHT="406.2992125984252" WIDTH="1436.2204724409448" VPOS="4549.606299212598" HPOS="3094.488188976378"/>
      </PrintSpace>
    </Page>
  </Layout>
</alto>
