<?xml version="1.0" encoding="UTF-8"?>
<alto xmlns:xsi="http://www.w3.org/2001/XMLSchema-instance"
      xmlns="http://www.loc.gov/standards/alto/ns-v2#"
      xmlns:page="http://schema.primaresearch.org/PAGE/gts/pagecontent/2013-07-15"
      xsi:schemaLocation="http://www.loc.gov/standards/alto/ns-v2# http://www.loc.gov/standards/alto/alto.xsd">
   <Description>
      <MeasurementUnit>pixel</MeasurementUnit>
      <OCRProcessing ID="IdOcr">
         <ocrProcessingStep>
            <processingDateTime>2020-05-13T10:43:04.508+02:00</processingDateTime>
            <processingSoftware>
               <softwareCreator>READ COOP</softwareCreator>
               <softwareName>Transkribus</softwareName>
            </processingSoftware>
         </ocrProcessingStep>
      </OCRProcessing>
   </Description>
   <Tags/>
   <Layout>
      <Page ID="Page1" PHYSICAL_IMG_NR="1" HEIGHT="4673" WIDTH="3689">
         <TopMargin HEIGHT="54" WIDTH="3689" VPOS="0" HPOS="0"/>
         <LeftMargin HEIGHT="4085" WIDTH="71" VPOS="54" HPOS="0"/>
         <RightMargin HEIGHT="4085" WIDTH="24" VPOS="54" HPOS="3665"/>
         <BottomMargin HEIGHT="534" WIDTH="3689" VPOS="4139" HPOS="0"/>
         <PrintSpace HEIGHT="4085" WIDTH="3594" VPOS="54" HPOS="71">
            <TextBlock ID="r_2_1" HEIGHT="196" WIDTH="1626" VPOS="882" HPOS="966">
               <Shape>
                  <Polygon POINTS="966,882 2592,882 2592,1078 966,1078"/>
               </Shape>
               <TextLine ID="tl_2"
                         BASELINE="1077"
                         HEIGHT="194"
                         WIDTH="1624"
                         VPOS="883"
                         HPOS="967">
                  <String HEIGHT="194"
                          WIDTH="1985"
                          VPOS="883"
                          HPOS="606"
                          CONTENT="CATALOGUE"/>
               </TextLine>
            </TextBlock>
            <TextBlock ID="r_3_1" HEIGHT="66" WIDTH="772" VPOS="1716" HPOS="1385">
               <Shape>
                  <Polygon POINTS="1385,1716 2157,1716 2157,1782 1385,1782"/>
               </Shape>
               <TextLine ID="tl_3"
                         BASELINE="1781"
                         HEIGHT="64"
                         WIDTH="770"
                         VPOS="1717"
                         HPOS="1386">
                  <String HEIGHT="64"
                          WIDTH="660"
                          VPOS="1717"
                          HPOS="1331"
                          CONTENT="PREMIÈRE"/>
                  <SP HEIGHT="64" WIDTH="55" VPOS="1717" HPOS="1991"/>
                  <String HEIGHT="64"
                          WIDTH="385"
                          VPOS="1717"
                          HPOS="1771"
                          CONTENT="SÉRIE"/>
               </TextLine>
            </TextBlock>
            <TextBlock ID="r_4_1" HEIGHT="92" WIDTH="1806" VPOS="2092" HPOS="874">
               <Shape>
                  <Polygon POINTS="874,2092 2680,2092 2680,2184 874,2184"/>
               </Shape>
               <TextLine ID="tl_4"
                         BASELINE="2183"
                         HEIGHT="90"
                         WIDTH="1804"
                         VPOS="2093"
                         HPOS="875">
                  <String HEIGHT="90"
                          WIDTH="773"
                          VPOS="2093"
                          HPOS="789"
                          CONTENT="CHEFS"/>
                  <SP HEIGHT="90" WIDTH="86" VPOS="2093" HPOS="1562"/>
                  <String HEIGHT="90"
                          WIDTH="515"
                          VPOS="2093"
                          HPOS="1305"
                          CONTENT="DE"/>
                  <SP HEIGHT="90" WIDTH="86" VPOS="2093" HPOS="1820"/>
                  <String HEIGHT="90"
                          WIDTH="1203"
                          VPOS="2093"
                          HPOS="1476"
                          CONTENT="GOUVERNEMENT"/>
               </TextLine>
            </TextBlock>
            <TextBlock ID="r_5_1" HEIGHT="62" WIDTH="578" VPOS="2619" HPOS="1479">
               <Shape>
                  <Polygon POINTS="1479,2619 2057,2619 2057,2681 1479,2681"/>
               </Shape>
               <TextLine ID="tl_5"
                         BASELINE="2680"
                         HEIGHT="60"
                         WIDTH="576"
                         VPOS="2620"
                         HPOS="1480">
                  <String HEIGHT="60"
                          WIDTH="768"
                          VPOS="2620"
                          HPOS="1288"
                          CONTENT="FRANCE"/>
               </TextLine>
            </TextBlock>
            <TextBlock ID="r_6_1" HEIGHT="131" WIDTH="2226" VPOS="2789" HPOS="650">
               <Shape>
                  <Polygon POINTS="650,2789 2876,2789 2876,2920 650,2920"/>
               </Shape>
               <TextLine ID="tl_6"
                         BASELINE="2852"
                         HEIGHT="62"
                         WIDTH="2224"
                         VPOS="2790"
                         HPOS="651">
                  <String HEIGHT="62"
                          WIDTH="200"
                          VPOS="2790"
                          HPOS="622"
                          CONTENT="★1★"/>
                  <SP HEIGHT="62" WIDTH="29" VPOS="2790" HPOS="822"/>
                  <String HEIGHT="62"
                          WIDTH="314"
                          VPOS="2790"
                          HPOS="737"
                          CONTENT="CHARLES"/>
                  <SP HEIGHT="62" WIDTH="29" VPOS="2790" HPOS="1050"/>
                  <String HEIGHT="62"
                          WIDTH="200"
                          VPOS="2790"
                          HPOS="965"
                          CONTENT="VI,"/>
                  <SP HEIGHT="62" WIDTH="29" VPOS="2790" HPOS="1164"/>
                  <String HEIGHT="62"
                          WIDTH="171"
                          VPOS="2790"
                          HPOS="1079"
                          CONTENT="n."/>
                  <SP HEIGHT="62" WIDTH="29" VPOS="2790" HPOS="1250"/>
                  <String HEIGHT="62" WIDTH="143" VPOS="2790" HPOS="1164" CONTENT="à"/>
                  <SP HEIGHT="62" WIDTH="29" VPOS="2790" HPOS="1307"/>
                  <String HEIGHT="62"
                          WIDTH="285"
                          VPOS="2790"
                          HPOS="1221"
                          CONTENT="Paris,"/>
                  <SP HEIGHT="62" WIDTH="29" VPOS="2790" HPOS="1506"/>
                  <String HEIGHT="62" WIDTH="143" VPOS="2790" HPOS="1421" CONTENT="3"/>
                  <SP HEIGHT="62" WIDTH="29" VPOS="2790" HPOS="1563"/>
                  <String HEIGHT="62"
                          WIDTH="342"
                          VPOS="2790"
                          HPOS="1478"
                          CONTENT="décembre"/>
                  <SP HEIGHT="62" WIDTH="29" VPOS="2790" HPOS="1820"/>
                  <String HEIGHT="62"
                          WIDTH="257"
                          VPOS="2790"
                          HPOS="1734"
                          CONTENT="1368,"/>
                  <SP HEIGHT="62" WIDTH="29" VPOS="2790" HPOS="1991"/>
                  <String HEIGHT="62"
                          WIDTH="228"
                          VPOS="2790"
                          HPOS="1906"
                          CONTENT="fils"/>
                  <SP HEIGHT="62" WIDTH="29" VPOS="2790" HPOS="2134"/>
                  <String HEIGHT="62"
                          WIDTH="171"
                          VPOS="2790"
                          HPOS="2048"
                          CONTENT="de"/>
                  <SP HEIGHT="62" WIDTH="29" VPOS="2790" HPOS="2219"/>
                  <String HEIGHT="62"
                          WIDTH="314"
                          VPOS="2790"
                          HPOS="2134"
                          CONTENT="Charles"/>
                  <SP HEIGHT="62" WIDTH="29" VPOS="2790" HPOS="2447"/>
                  <String HEIGHT="62"
                          WIDTH="171"
                          VPOS="2790"
                          HPOS="2362"
                          CONTENT="V,"/>
                  <SP HEIGHT="62" WIDTH="29" VPOS="2790" HPOS="2533"/>
                  <String HEIGHT="62"
                          WIDTH="200"
                          VPOS="2790"
                          HPOS="2447"
                          CONTENT="roi"/>
                  <SP HEIGHT="62" WIDTH="29" VPOS="2790" HPOS="2647"/>
                  <String HEIGHT="62"
                          WIDTH="171"
                          VPOS="2790"
                          HPOS="2561"
                          CONTENT="le"/>
                  <SP HEIGHT="62" WIDTH="29" VPOS="2790" HPOS="2732"/>
                  <String HEIGHT="62"
                          WIDTH="171"
                          VPOS="2790"
                          HPOS="2647"
                          CONTENT="16"/>
                  <SP HEIGHT="62" WIDTH="29" VPOS="2790" HPOS="2818"/>
                  <String HEIGHT="62"
                          WIDTH="171"
                          VPOS="2790"
                          HPOS="2704"
                          CONTENT="sep"
                          SUBS_TYPE="HypPart1"
                          SUBS_CONTENT="septembre"/>
                  <HYP CONTENT="-"/>
               </TextLine>
               <TextLine ID="tl_7"
                         BASELINE="2919"
                         HEIGHT="61"
                         WIDTH="1124"
                         VPOS="2858"
                         HPOS="653">
                  <String HEIGHT="61"
                          WIDTH="274"
                          VPOS="2858"
                          HPOS="626"
                          CONTENT="tembre"
                          SUBS_TYPE="HypPart2"
                          SUBS_CONTENT="septembre"/>
                  <SP HEIGHT="61" WIDTH="27" VPOS="2858" HPOS="900"/>
                  <String HEIGHT="61"
                          WIDTH="247"
                          VPOS="2858"
                          HPOS="817"
                          CONTENT="1380,"/>
                  <SP HEIGHT="61" WIDTH="27" VPOS="2858" HPOS="1064"/>
                  <String HEIGHT="61" WIDTH="164" VPOS="2858" HPOS="982" CONTENT="m."/>
                  <SP HEIGHT="61" WIDTH="27" VPOS="2858" HPOS="1146"/>
                  <String HEIGHT="61" WIDTH="137" VPOS="2858" HPOS="1064" CONTENT="à"/>
                  <SP HEIGHT="61" WIDTH="27" VPOS="2858" HPOS="1201"/>
                  <String HEIGHT="61"
                          WIDTH="274"
                          VPOS="2858"
                          HPOS="1119"
                          CONTENT="Paris,"/>
                  <SP HEIGHT="61" WIDTH="27" VPOS="2858" HPOS="1393"/>
                  <String HEIGHT="61"
                          WIDTH="164"
                          VPOS="2858"
                          HPOS="1311"
                          CONTENT="22"/>
                  <SP HEIGHT="61" WIDTH="27" VPOS="2858" HPOS="1475"/>
                  <String HEIGHT="61"
                          WIDTH="302"
                          VPOS="2858"
                          HPOS="1393"
                          CONTENT="octobre"/>
                  <SP HEIGHT="61" WIDTH="27" VPOS="2858" HPOS="1695"/>
                  <String HEIGHT="61"
                          WIDTH="192"
                          VPOS="2858"
                          HPOS="1585"
                          CONTENT="1422."/>
               </TextLine>
            </TextBlock>
            <TextBlock ID="r_6_2" HEIGHT="55" WIDTH="1223" VPOS="2944" HPOS="701">
               <Shape>
                  <Polygon POINTS="701,2944 1924,2944 1924,2999 701,2999"/>
               </Shape>
               <TextLine ID="tl_8"
                         BASELINE="2998"
                         HEIGHT="53"
                         WIDTH="1221"
                         VPOS="2945"
                         HPOS="702">
                  <String HEIGHT="53" WIDTH="156" VPOS="2945" HPOS="676" CONTENT="L."/>
                  <SP HEIGHT="53" WIDTH="26" VPOS="2945" HPOS="832"/>
                  <String HEIGHT="53"
                          WIDTH="182"
                          VPOS="2945"
                          HPOS="754"
                          CONTENT="S.,"/>
                  <SP HEIGHT="53" WIDTH="26" VPOS="2945" HPOS="936"/>
                  <String HEIGHT="53"
                          WIDTH="182"
                          VPOS="2945"
                          HPOS="858"
                          CONTENT="sur"/>
                  <SP HEIGHT="53" WIDTH="26" VPOS="2945" HPOS="1040"/>
                  <String HEIGHT="53"
                          WIDTH="260"
                          VPOS="2945"
                          HPOS="962"
                          CONTENT="vélin,"/>
                  <SP HEIGHT="53" WIDTH="26" VPOS="2945" HPOS="1222"/>
                  <String HEIGHT="53"
                          WIDTH="156"
                          VPOS="2945"
                          HPOS="1144"
                          CONTENT="au"/>
                  <SP HEIGHT="53" WIDTH="26" VPOS="2945" HPOS="1300"/>
                  <String HEIGHT="53"
                          WIDTH="286"
                          VPOS="2945"
                          HPOS="1222"
                          CONTENT="vicomte"/>
                  <SP HEIGHT="53" WIDTH="26" VPOS="2945" HPOS="1507"/>
                  <String HEIGHT="53"
                          WIDTH="182"
                          VPOS="2945"
                          HPOS="1429"
                          CONTENT="(de"/>
                  <SP HEIGHT="53" WIDTH="26" VPOS="2945" HPOS="1611"/>
                  <String HEIGHT="53"
                          WIDTH="286"
                          VPOS="2945"
                          HPOS="1533"
                          CONTENT="Rouen);"/>
                  <SP HEIGHT="53" WIDTH="26" VPOS="2945" HPOS="1819"/>
                  <String HEIGHT="53"
                          WIDTH="208"
                          VPOS="2945"
                          HPOS="1715"
                          CONTENT="Melun,"/>
               </TextLine>
            </TextBlock>
            <TextBlock ID="r_6_3" HEIGHT="58" WIDTH="1023" VPOS="2998" HPOS="653">
               <Shape>
                  <Polygon POINTS="653,2998 1676,2998 1676,3056 653,3056"/>
               </Shape>
               <TextLine ID="tl_9"
                         BASELINE="3055"
                         HEIGHT="56"
                         WIDTH="1021"
                         VPOS="2999"
                         HPOS="654">
                  <String HEIGHT="56" WIDTH="98" VPOS="2999" HPOS="634" CONTENT="5"/>
                  <SP HEIGHT="56" WIDTH="20" VPOS="2999" HPOS="733"/>
                  <String HEIGHT="56"
                          WIDTH="255"
                          VPOS="2999"
                          HPOS="674"
                          CONTENT="décembre,"/>
                  <SP HEIGHT="56" WIDTH="20" VPOS="2999" HPOS="929"/>
                  <String HEIGHT="56"
                          WIDTH="137"
                          VPOS="2999"
                          HPOS="870"
                          CONTENT="1/2"/>
                  <SP HEIGHT="56" WIDTH="20" VPOS="2999" HPOS="1007"/>
                  <String HEIGHT="56" WIDTH="118" VPOS="2999" HPOS="949" CONTENT="p."/>
                  <SP HEIGHT="56" WIDTH="20" VPOS="2999" HPOS="1066"/>
                  <String HEIGHT="56"
                          WIDTH="216"
                          VPOS="2999"
                          HPOS="1007"
                          CONTENT="in-fol."/>
                  <SP HEIGHT="56" WIDTH="20" VPOS="2999" HPOS="1223"/>
                  <String HEIGHT="56"
                          WIDTH="216"
                          VPOS="2999"
                          HPOS="1165"
                          CONTENT="oblong."/>
                  <SP HEIGHT="56" WIDTH="20" VPOS="2999" HPOS="1380"/>
                  <String HEIGHT="56"
                          WIDTH="314"
                          VPOS="2999"
                          HPOS="1322"
                          CONTENT="&lt;i&gt;Rare.&lt;/i&gt;"/>
                  <SP HEIGHT="56" WIDTH="20" VPOS="2999" HPOS="1636"/>
                  <String HEIGHT="56" WIDTH="98" VPOS="2999" HPOS="1577" CONTENT="—"/>
                  <SP HEIGHT="56" WIDTH="20" VPOS="2999" HPOS="1675"/>
                  <String HEIGHT="56" WIDTH="79" VPOS="2999" HPOS="1596" CONTENT="P."/>
               </TextLine>
            </TextBlock>
            <TextBlock ID="r_6_4" HEIGHT="127" WIDTH="1278" VPOS="3074" HPOS="647">
               <Shape>
                  <Polygon POINTS="647,3074 1925,3074 1925,3201 647,3201"/>
               </Shape>
               <TextLine ID="tl_10"
                         BASELINE="3122"
                         HEIGHT="47"
                         WIDTH="1233"
                         VPOS="3075"
                         HPOS="689">
                  <String HEIGHT="47" WIDTH="107" VPOS="3075" HPOS="671" CONTENT="Il"/>
                  <SP HEIGHT="47" WIDTH="18" VPOS="3075" HPOS="778"/>
                  <String HEIGHT="47"
                          WIDTH="125"
                          VPOS="3075"
                          HPOS="725"
                          CONTENT="lui"/>
                  <SP HEIGHT="47" WIDTH="18" VPOS="3075" HPOS="850"/>
                  <String HEIGHT="47"
                          WIDTH="197"
                          VPOS="3075"
                          HPOS="796"
                          CONTENT="enjoint"/>
                  <SP HEIGHT="47" WIDTH="18" VPOS="3075" HPOS="993"/>
                  <String HEIGHT="47" WIDTH="107" VPOS="3075" HPOS="939" CONTENT="de"/>
                  <SP HEIGHT="47" WIDTH="18" VPOS="3075" HPOS="1046"/>
                  <String HEIGHT="47" WIDTH="107" VPOS="3075" HPOS="993" CONTENT="ne"/>
                  <SP HEIGHT="47" WIDTH="18" VPOS="3075" HPOS="1100"/>
                  <String HEIGHT="47"
                          WIDTH="125"
                          VPOS="3075"
                          HPOS="1046"
                          CONTENT="pas"/>
                  <SP HEIGHT="47" WIDTH="18" VPOS="3075" HPOS="1171"/>
                  <String HEIGHT="47"
                          WIDTH="286"
                          VPOS="3075"
                          HPOS="1118"
                          CONTENT="contraindre,"/>
                  <SP HEIGHT="47" WIDTH="18" VPOS="3075" HPOS="1404"/>
                  <String HEIGHT="47"
                          WIDTH="197"
                          VPOS="3075"
                          HPOS="1350"
                          CONTENT="jusqu'à"/>
                  <SP HEIGHT="47" WIDTH="18" VPOS="3075" HPOS="1547"/>
                  <String HEIGHT="47"
                          WIDTH="179"
                          VPOS="3075"
                          HPOS="1493"
                          CONTENT="nouvel"/>
                  <SP HEIGHT="47" WIDTH="18" VPOS="3075" HPOS="1672"/>
                  <String HEIGHT="47"
                          WIDTH="179"
                          VPOS="3075"
                          HPOS="1618"
                          CONTENT="ordre,"/>
                  <SP HEIGHT="47" WIDTH="18" VPOS="3075" HPOS="1797"/>
                  <String HEIGHT="47"
                          WIDTH="125"
                          VPOS="3075"
                          HPOS="1743"
                          CONTENT="son"/>
                  <SP HEIGHT="47" WIDTH="18" VPOS="3075" HPOS="1868"/>
                  <String HEIGHT="47"
                          WIDTH="125"
                          VPOS="3075"
                          HPOS="1797"
                          CONTENT="cham"
                          SUBS_TYPE="HypPart1"
                          SUBS_CONTENT="chambellan,"/>
                  <HYP CONTENT="-"/>
               </TextLine>
               <TextLine ID="tl_11"
                         BASELINE="3162"
                         HEIGHT="46"
                         WIDTH="1274"
                         VPOS="3116"
                         HPOS="650">
                  <String HEIGHT="46"
                          WIDTH="195"
                          VPOS="3116"
                          HPOS="632"
                          CONTENT="bellan,"
                          SUBS_TYPE="HypPart2"
                          SUBS_CONTENT="chambellan,"/>
                  <SP HEIGHT="46" WIDTH="18" VPOS="3116" HPOS="827"/>
                  <String HEIGHT="46" WIDTH="106" VPOS="3116" HPOS="774" CONTENT="le"/>
                  <SP HEIGHT="46" WIDTH="18" VPOS="3116" HPOS="880"/>
                  <String HEIGHT="46"
                          WIDTH="142"
                          VPOS="3116"
                          HPOS="827"
                          CONTENT="sire"/>
                  <SP HEIGHT="46" WIDTH="18" VPOS="3116" HPOS="968"/>
                  <String HEIGHT="46" WIDTH="106" VPOS="3116" HPOS="915" CONTENT="de"/>
                  <SP HEIGHT="46" WIDTH="18" VPOS="3116" HPOS="1022"/>
                  <String HEIGHT="46"
                          WIDTH="230"
                          VPOS="3116"
                          HPOS="969"
                          CONTENT="Thorigny,"/>
                  <SP HEIGHT="46" WIDTH="18" VPOS="3116" HPOS="1199"/>
                  <String HEIGHT="46" WIDTH="88" VPOS="3116" HPOS="1145" CONTENT="à"/>
                  <SP HEIGHT="46" WIDTH="18" VPOS="3116" HPOS="1234"/>
                  <String HEIGHT="46"
                          WIDTH="159"
                          VPOS="3116"
                          HPOS="1181"
                          CONTENT="payer"/>
                  <SP HEIGHT="46" WIDTH="18" VPOS="3116" HPOS="1340"/>
                  <String HEIGHT="46"
                          WIDTH="212"
                          VPOS="3116"
                          HPOS="1287"
                          CONTENT="l’amende"/>
                  <SP HEIGHT="46" WIDTH="18" VPOS="3116" HPOS="1499"/>
                  <String HEIGHT="46"
                          WIDTH="106"
                          VPOS="3116"
                          HPOS="1446"
                          CONTENT="de"/>
                  <SP HEIGHT="46" WIDTH="18" VPOS="3116" HPOS="1552"/>
                  <String HEIGHT="46"
                          WIDTH="159"
                          VPOS="3116"
                          HPOS="1499"
                          CONTENT="mille"/>
                  <SP HEIGHT="46" WIDTH="18" VPOS="3116" HPOS="1659"/>
                  <String HEIGHT="46"
                          WIDTH="177"
                          VPOS="3116"
                          HPOS="1606"
                          CONTENT="francs"/>
                  <SP HEIGHT="46" WIDTH="18" VPOS="3116" HPOS="1782"/>
                  <String HEIGHT="46" WIDTH="88" VPOS="3116" HPOS="1729" CONTENT="à"/>
                  <SP HEIGHT="46" WIDTH="18" VPOS="3116" HPOS="1818"/>
                  <String HEIGHT="46"
                          WIDTH="177"
                          VPOS="3116"
                          HPOS="1747"
                          CONTENT="laquelle"/>
               </TextLine>
               <TextLine ID="tl_12"
                         BASELINE="3200"
                         HEIGHT="40"
                         WIDTH="744"
                         VPOS="3160"
                         HPOS="648">
                  <String HEIGHT="40" WIDTH="109" VPOS="3160" HPOS="630" CONTENT="il"/>
                  <SP HEIGHT="40" WIDTH="18" VPOS="3160" HPOS="739"/>
                  <String HEIGHT="40" WIDTH="91" VPOS="3160" HPOS="684" CONTENT="a"/>
                  <SP HEIGHT="40" WIDTH="18" VPOS="3160" HPOS="775"/>
                  <String HEIGHT="40"
                          WIDTH="127"
                          VPOS="3160"
                          HPOS="721"
                          CONTENT="été"/>
                  <SP HEIGHT="40" WIDTH="18" VPOS="3160" HPOS="848"/>
                  <String HEIGHT="40"
                          WIDTH="218"
                          VPOS="3160"
                          HPOS="793"
                          CONTENT="condamné"/>
                  <SP HEIGHT="40" WIDTH="18" VPOS="3160" HPOS="1011"/>
                  <String HEIGHT="40" WIDTH="109" VPOS="3160" HPOS="956" CONTENT="en"/>
                  <SP HEIGHT="40" WIDTH="18" VPOS="3160" HPOS="1065"/>
                  <String HEIGHT="40"
                          WIDTH="272"
                          VPOS="3160"
                          HPOS="1011"
                          CONTENT="l’échiquier"/>
                  <SP HEIGHT="40" WIDTH="18" VPOS="3160" HPOS="1283"/>
                  <String HEIGHT="40" WIDTH="91" VPOS="3160" HPOS="1229" CONTENT="à"/>
                  <SP HEIGHT="40" WIDTH="18" VPOS="3160" HPOS="1319"/>
                  <String HEIGHT="40"
                          WIDTH="145"
                          VPOS="3160"
                          HPOS="1247"
                          CONTENT="Rouen."/>
               </TextLine>
            </TextBlock>
            <TextBlock ID="r_6_5" HEIGHT="135" WIDTH="2225" VPOS="3243" HPOS="648">
               <Shape>
                  <Polygon POINTS="648,3243 2873,3243 2873,3378 648,3378"/>
               </Shape>
               <TextLine ID="tl_13"
                         BASELINE="3305"
                         HEIGHT="61"
                         WIDTH="2223"
                         VPOS="3244"
                         HPOS="649">
                  <String HEIGHT="61"
                          WIDTH="219"
                          VPOS="3244"
                          HPOS="618"
                          CONTENT="★2★"/>
                  <SP HEIGHT="61" WIDTH="31" VPOS="3244" HPOS="837"/>
                  <String HEIGHT="61"
                          WIDTH="344"
                          VPOS="3244"
                          HPOS="743"
                          CONTENT="CHARLES"/>
                  <SP HEIGHT="61" WIDTH="31" VPOS="3244" HPOS="1087"/>
                  <String HEIGHT="61"
                          WIDTH="250"
                          VPOS="3244"
                          HPOS="993"
                          CONTENT="VII,"/>
                  <SP HEIGHT="61" WIDTH="31" VPOS="3244" HPOS="1244"/>
                  <String HEIGHT="61"
                          WIDTH="188"
                          VPOS="3244"
                          HPOS="1150"
                          CONTENT="n."/>
                  <SP HEIGHT="61" WIDTH="31" VPOS="3244" HPOS="1338"/>
                  <String HEIGHT="61" WIDTH="157" VPOS="3244" HPOS="1244" CONTENT="à"/>
                  <SP HEIGHT="61" WIDTH="31" VPOS="3244" HPOS="1400"/>
                  <String HEIGHT="61"
                          WIDTH="313"
                          VPOS="3244"
                          HPOS="1307"
                          CONTENT="Paris,"/>
                  <SP HEIGHT="61" WIDTH="31" VPOS="3244" HPOS="1620"/>
                  <String HEIGHT="61"
                          WIDTH="188"
                          VPOS="3244"
                          HPOS="1526"
                          CONTENT="22"/>
                  <SP HEIGHT="61" WIDTH="31" VPOS="3244" HPOS="1714"/>
                  <String HEIGHT="61"
                          WIDTH="344"
                          VPOS="3244"
                          HPOS="1620"
                          CONTENT="janvier"/>
                  <SP HEIGHT="61" WIDTH="31" VPOS="3244" HPOS="1964"/>
                  <String HEIGHT="61"
                          WIDTH="282"
                          VPOS="3244"
                          HPOS="1870"
                          CONTENT="1403,"/>
                  <SP HEIGHT="61" WIDTH="31" VPOS="3244" HPOS="2152"/>
                  <String HEIGHT="61"
                          WIDTH="250"
                          VPOS="3244"
                          HPOS="2058"
                          CONTENT="fils"/>
                  <SP HEIGHT="61" WIDTH="31" VPOS="3244" HPOS="2308"/>
                  <String HEIGHT="61"
                          WIDTH="188"
                          VPOS="3244"
                          HPOS="2214"
                          CONTENT="du"/>
                  <SP HEIGHT="61" WIDTH="31" VPOS="3244" HPOS="2402"/>
                  <String HEIGHT="61"
                          WIDTH="438"
                          VPOS="3244"
                          HPOS="2308"
                          CONTENT="précédent,"/>
                  <SP HEIGHT="61" WIDTH="31" VPOS="3244" HPOS="2747"/>
                  <String HEIGHT="61"
                          WIDTH="219"
                          VPOS="3244"
                          HPOS="2653"
                          CONTENT="roi"/>
                  <SP HEIGHT="61" WIDTH="31" VPOS="3244" HPOS="2872"/>
                  <String HEIGHT="61"
                          WIDTH="125"
                          VPOS="3244"
                          HPOS="2747"
                          CONTENT="le"/>
               </TextLine>
               <TextLine ID="tl_14"
                         BASELINE="3377"
                         HEIGHT="68"
                         WIDTH="2022"
                         VPOS="3309"
                         HPOS="651">
                  <String HEIGHT="68" WIDTH="164" VPOS="3309" HPOS="624" CONTENT="22"/>
                  <SP HEIGHT="68" WIDTH="27" VPOS="3309" HPOS="788"/>
                  <String HEIGHT="68"
                          WIDTH="301"
                          VPOS="3309"
                          HPOS="706"
                          CONTENT="octobre"/>
                  <SP HEIGHT="68" WIDTH="27" VPOS="3309" HPOS="1006"/>
                  <String HEIGHT="68"
                          WIDTH="246"
                          VPOS="3309"
                          HPOS="924"
                          CONTENT="1422,"/>
                  <SP HEIGHT="68" WIDTH="27" VPOS="3309" HPOS="1170"/>
                  <String HEIGHT="68"
                          WIDTH="164"
                          VPOS="3309"
                          HPOS="1088"
                          CONTENT="m."/>
                  <SP HEIGHT="68" WIDTH="27" VPOS="3309" HPOS="1252"/>
                  <String HEIGHT="68"
                          WIDTH="164"
                          VPOS="3309"
                          HPOS="1170"
                          CONTENT="au"/>
                  <SP HEIGHT="68" WIDTH="27" VPOS="3309" HPOS="1334"/>
                  <String HEIGHT="68"
                          WIDTH="301"
                          VPOS="3309"
                          HPOS="1252"
                          CONTENT="château"/>
                  <SP HEIGHT="68" WIDTH="27" VPOS="3309" HPOS="1553"/>
                  <String HEIGHT="68"
                          WIDTH="164"
                          VPOS="3309"
                          HPOS="1471"
                          CONTENT="de"/>
                  <SP HEIGHT="68" WIDTH="27" VPOS="3309" HPOS="1635"/>
                  <String HEIGHT="68"
                          WIDTH="246"
                          VPOS="3309"
                          HPOS="1553"
                          CONTENT="Mehun"/>
                  <SP HEIGHT="68" WIDTH="27" VPOS="3309" HPOS="1799"/>
                  <String HEIGHT="68"
                          WIDTH="191"
                          VPOS="3309"
                          HPOS="1717"
                          CONTENT="sur"/>
                  <SP HEIGHT="68" WIDTH="27" VPOS="3309" HPOS="1908"/>
                  <String HEIGHT="68"
                          WIDTH="246"
                          VPOS="3309"
                          HPOS="1826"
                          CONTENT="Yèvre"/>
                  <SP HEIGHT="68" WIDTH="27" VPOS="3309" HPOS="2072"/>
                  <String HEIGHT="68"
                          WIDTH="301"
                          VPOS="3309"
                          HPOS="1990"
                          CONTENT="(Cher),"/>
                  <SP HEIGHT="68" WIDTH="27" VPOS="3309" HPOS="2290"/>
                  <String HEIGHT="68"
                          WIDTH="164"
                          VPOS="3309"
                          HPOS="2208"
                          CONTENT="22"/>
                  <SP HEIGHT="68" WIDTH="27" VPOS="3309" HPOS="2372"/>
                  <String HEIGHT="68"
                          WIDTH="301"
                          VPOS="3309"
                          HPOS="2290"
                          CONTENT="juillet"/>
                  <SP HEIGHT="68" WIDTH="27" VPOS="3309" HPOS="2591"/>
                  <String HEIGHT="68"
                          WIDTH="191"
                          VPOS="3309"
                          HPOS="2482"
                          CONTENT="1461."/>
               </TextLine>
            </TextBlock>
            <TextBlock ID="r_6_6" HEIGHT="113" WIDTH="2227" VPOS="3398" HPOS="646">
               <Shape>
                  <Polygon POINTS="646,3398 2873,3398 2873,3511 646,3511"/>
               </Shape>
               <TextLine ID="tl_15"
                         BASELINE="3451"
                         HEIGHT="52"
                         WIDTH="2173"
                         VPOS="3399"
                         HPOS="699">
                  <String HEIGHT="52" WIDTH="139" VPOS="3399" HPOS="676" CONTENT="L."/>
                  <SP HEIGHT="52" WIDTH="23" VPOS="3399" HPOS="815"/>
                  <String HEIGHT="52" WIDTH="139" VPOS="3399" HPOS="745" CONTENT="S."/>
                  <SP HEIGHT="52" WIDTH="23" VPOS="3399" HPOS="884"/>
                  <String HEIGHT="52" WIDTH="139" VPOS="3399" HPOS="815" CONTENT="au"/>
                  <SP HEIGHT="52" WIDTH="23" VPOS="3399" HPOS="953"/>
                  <String HEIGHT="52"
                          WIDTH="162"
                          VPOS="3399"
                          HPOS="884"
                          CONTENT="duc"/>
                  <SP HEIGHT="52" WIDTH="23" VPOS="3399" HPOS="1046"/>
                  <String HEIGHT="52"
                          WIDTH="301"
                          VPOS="3399"
                          HPOS="976"
                          CONTENT="d’Orléans"/>
                  <SP HEIGHT="52" WIDTH="23" VPOS="3399" HPOS="1277"/>
                  <String HEIGHT="52"
                          WIDTH="301"
                          VPOS="3399"
                          HPOS="1208"
                          CONTENT="(Charles,"/>
                  <SP HEIGHT="52" WIDTH="23" VPOS="3399" HPOS="1508"/>
                  <String HEIGHT="52"
                          WIDTH="185"
                          VPOS="3399"
                          HPOS="1439"
                          CONTENT="père"/>
                  <SP HEIGHT="52" WIDTH="23" VPOS="3399" HPOS="1624"/>
                  <String HEIGHT="52"
                          WIDTH="139"
                          VPOS="3399"
                          HPOS="1554"
                          CONTENT="de"/>
                  <SP HEIGHT="52" WIDTH="23" VPOS="3399" HPOS="1693"/>
                  <String HEIGHT="52"
                          WIDTH="208"
                          VPOS="3399"
                          HPOS="1624"
                          CONTENT="Louis"/>
                  <SP HEIGHT="52" WIDTH="23" VPOS="3399" HPOS="1832"/>
                  <String HEIGHT="52"
                          WIDTH="208"
                          VPOS="3399"
                          HPOS="1762"
                          CONTENT="XII);"/>
                  <SP HEIGHT="52" WIDTH="23" VPOS="3399" HPOS="1970"/>
                  <String HEIGHT="52"
                          WIDTH="139"
                          VPOS="3399"
                          HPOS="1901"
                          CONTENT="La"/>
                  <SP HEIGHT="52" WIDTH="23" VPOS="3399" HPOS="2040"/>
                  <String HEIGHT="52"
                          WIDTH="254"
                          VPOS="3399"
                          HPOS="1970"
                          CONTENT="Bruière"/>
                  <SP HEIGHT="52" WIDTH="23" VPOS="3399" HPOS="2225"/>
                  <String HEIGHT="52"
                          WIDTH="301"
                          VPOS="3399"
                          HPOS="2155"
                          CONTENT="Laubépin,"/>
                  <SP HEIGHT="52" WIDTH="23" VPOS="3399" HPOS="2456"/>
                  <String HEIGHT="52"
                          WIDTH="139"
                          VPOS="3399"
                          HPOS="2387"
                          CONTENT="31"/>
                  <SP HEIGHT="52" WIDTH="23" VPOS="3399" HPOS="2525"/>
                  <String HEIGHT="52"
                          WIDTH="208"
                          VPOS="3399"
                          HPOS="2456"
                          CONTENT="août,"/>
                  <SP HEIGHT="52" WIDTH="23" VPOS="3399" HPOS="2664"/>
                  <String HEIGHT="52"
                          WIDTH="162"
                          VPOS="3399"
                          HPOS="2595"
                          CONTENT="1/2"/>
                  <SP HEIGHT="52" WIDTH="23" VPOS="3399" HPOS="2756"/>
                  <String HEIGHT="52"
                          WIDTH="139"
                          VPOS="3399"
                          HPOS="2687"
                          CONTENT="p."/>
                  <SP HEIGHT="52" WIDTH="23" VPOS="3399" HPOS="2826"/>
                  <String HEIGHT="52"
                          WIDTH="139"
                          VPOS="3399"
                          HPOS="2733"
                          CONTENT="in"/>
               </TextLine>
               <TextLine ID="tl_16"
                         BASELINE="3510"
                         HEIGHT="56"
                         WIDTH="830"
                         VPOS="3454"
                         HPOS="647">
                  <String HEIGHT="56"
                          WIDTH="254"
                          VPOS="3454"
                          HPOS="624"
                          CONTENT="oblong,"/>
                  <SP HEIGHT="56" WIDTH="23" VPOS="3454" HPOS="878"/>
                  <String HEIGHT="56"
                          WIDTH="254"
                          VPOS="3454"
                          HPOS="808"
                          CONTENT="cachet."/>
                  <SP HEIGHT="56" WIDTH="23" VPOS="3454" HPOS="1062"/>
                  <String HEIGHT="56"
                          WIDTH="254"
                          VPOS="3454"
                          HPOS="993"
                          CONTENT="Légères"/>
                  <SP HEIGHT="56" WIDTH="23" VPOS="3454" HPOS="1246"/>
                  <String HEIGHT="56"
                          WIDTH="254"
                          VPOS="3454"
                          HPOS="1177"
                          CONTENT="taches."/>
                  <SP HEIGHT="56" WIDTH="23" VPOS="3454" HPOS="1431"/>
                  <String HEIGHT="56" WIDTH="115" VPOS="3454" HPOS="1362" CONTENT="—"/>
                  <SP HEIGHT="56" WIDTH="23" VPOS="3454" HPOS="1477"/>
                  <String HEIGHT="56" WIDTH="92" VPOS="3454" HPOS="1385" CONTENT="P."/>
               </TextLine>
            </TextBlock>
            <TextBlock ID="r_6_7" HEIGHT="248" WIDTH="837" VPOS="3531" HPOS="644">
               <Shape>
                  <Polygon POINTS="644,3531 1481,3531 1481,3779 644,3779"/>
               </Shape>
               <TextLine ID="tl_17"
                         BASELINE="3578"
                         HEIGHT="46"
                         WIDTH="794"
                         VPOS="3532"
                         HPOS="685">
                  <String HEIGHT="46" WIDTH="108" VPOS="3532" HPOS="667" CONTENT="Il"/>
                  <SP HEIGHT="46" WIDTH="18" VPOS="3532" HPOS="775"/>
                  <String HEIGHT="46" WIDTH="90" VPOS="3532" HPOS="721" CONTENT="a"/>
                  <SP HEIGHT="46" WIDTH="18" VPOS="3532" HPOS="811"/>
                  <String HEIGHT="46"
                          WIDTH="144"
                          VPOS="3532"
                          HPOS="757"
                          CONTENT="reçu"/>
                  <SP HEIGHT="46" WIDTH="18" VPOS="3532" HPOS="902"/>
                  <String HEIGHT="46"
                          WIDTH="126"
                          VPOS="3532"
                          HPOS="847"
                          CONTENT="des"/>
                  <SP HEIGHT="46" WIDTH="18" VPOS="3532" HPOS="974"/>
                  <String HEIGHT="46"
                          WIDTH="199"
                          VPOS="3532"
                          HPOS="920"
                          CONTENT="lettres"/>
                  <SP HEIGHT="46" WIDTH="18" VPOS="3532" HPOS="1118"/>
                  <String HEIGHT="46"
                          WIDTH="108"
                          VPOS="3532"
                          HPOS="1064"
                          CONTENT="du"/>
                  <SP HEIGHT="46" WIDTH="18" VPOS="3532" HPOS="1172"/>
                  <String HEIGHT="46"
                          WIDTH="180"
                          VPOS="3532"
                          HPOS="1118"
                          CONTENT="bailli"/>
                  <SP HEIGHT="46" WIDTH="18" VPOS="3532" HPOS="1299"/>
                  <String HEIGHT="46"
                          WIDTH="108"
                          VPOS="3532"
                          HPOS="1244"
                          CONTENT="de"/>
                  <SP HEIGHT="46" WIDTH="18" VPOS="3532" HPOS="1353"/>
                  <String HEIGHT="46"
                          WIDTH="144"
                          VPOS="3532"
                          HPOS="1299"
                          CONTENT="Sens"/>
                  <SP HEIGHT="46" WIDTH="18" VPOS="3532" HPOS="1443"/>
                  <String HEIGHT="46"
                          WIDTH="108"
                          VPOS="3532"
                          HPOS="1371"
                          CONTENT="(Ré"
                          SUBS_TYPE="HypPart1"
                          SUBS_CONTENT="(Régnault"/>
                  <HYP CONTENT="-"/>
               </TextLine>
               <TextLine ID="tl_18"
                         BASELINE="3619"
                         HEIGHT="44"
                         WIDTH="834"
                         VPOS="3575"
                         HPOS="646">
                  <String HEIGHT="44"
                          WIDTH="194"
                          VPOS="3575"
                          HPOS="627"
                          CONTENT="gnault"
                          SUBS_TYPE="HypPart2"
                          SUBS_CONTENT="(Régnault"/>
                  <SP HEIGHT="44" WIDTH="19" VPOS="3575" HPOS="821"/>
                  <String HEIGHT="44" WIDTH="116" VPOS="3575" HPOS="762" CONTENT="du"/>
                  <SP HEIGHT="44" WIDTH="19" VPOS="3575" HPOS="879"/>
                  <String HEIGHT="44"
                          WIDTH="233"
                          VPOS="3575"
                          HPOS="821"
                          CONTENT="Dresnay)"/>
                  <SP HEIGHT="44" WIDTH="19" VPOS="3575" HPOS="1053"/>
                  <String HEIGHT="44"
                          WIDTH="136"
                          VPOS="3575"
                          HPOS="995"
                          CONTENT="lui"/>
                  <SP HEIGHT="44" WIDTH="19" VPOS="3575" HPOS="1131"/>
                  <String HEIGHT="44"
                          WIDTH="252"
                          VPOS="3575"
                          HPOS="1073"
                          CONTENT="annonçant"/>
                  <SP HEIGHT="44" WIDTH="19" VPOS="3575" HPOS="1325"/>
                  <String HEIGHT="44"
                          WIDTH="116"
                          VPOS="3575"
                          HPOS="1267"
                          CONTENT="la"/>
                  <SP HEIGHT="44" WIDTH="19" VPOS="3575" HPOS="1383"/>
                  <String HEIGHT="44"
                          WIDTH="155"
                          VPOS="3575"
                          HPOS="1325"
                          CONTENT="mort"/>
                  <SP HEIGHT="44" WIDTH="19" VPOS="3575" HPOS="1480"/>
                  <String HEIGHT="44" WIDTH="78" VPOS="3575" HPOS="1402" CONTENT="de"/>
               </TextLine>
               <TextLine ID="tl_19"
                         BASELINE="3660"
                         HEIGHT="44"
                         WIDTH="835"
                         VPOS="3616"
                         HPOS="645">
                  <String HEIGHT="44"
                          WIDTH="228"
                          VPOS="3616"
                          HPOS="626"
                          CONTENT="Thibault"/>
                  <SP HEIGHT="44" WIDTH="19" VPOS="3616" HPOS="854"/>
                  <String HEIGHT="44"
                          WIDTH="228"
                          VPOS="3616"
                          HPOS="797"
                          CONTENT="Caillau,"/>
                  <SP HEIGHT="44" WIDTH="19" VPOS="3616" HPOS="1025"/>
                  <String HEIGHT="44"
                          WIDTH="247"
                          VPOS="3616"
                          HPOS="968"
                          CONTENT="capitaine"/>
                  <SP HEIGHT="44" WIDTH="19" VPOS="3616" HPOS="1214"/>
                  <String HEIGHT="44"
                          WIDTH="114"
                          VPOS="3616"
                          HPOS="1157"
                          CONTENT="du"/>
                  <SP HEIGHT="44" WIDTH="19" VPOS="3616" HPOS="1271"/>
                  <String HEIGHT="44"
                          WIDTH="171"
                          VPOS="3616"
                          HPOS="1214"
                          CONTENT="vieux"/>
                  <SP HEIGHT="44" WIDTH="19" VPOS="3616" HPOS="1385"/>
                  <String HEIGHT="44"
                          WIDTH="171"
                          VPOS="3616"
                          HPOS="1309"
                          CONTENT="château"/>
               </TextLine>
               <TextLine ID="tl_20"
                         BASELINE="3699"
                         HEIGHT="39"
                         WIDTH="833"
                         VPOS="3660"
                         HPOS="646">
                  <String HEIGHT="39"
                          WIDTH="213"
                          VPOS="3660"
                          HPOS="627"
                          CONTENT="d’Asti,"/>
                  <SP HEIGHT="39" WIDTH="19" VPOS="3660" HPOS="840"/>
                  <String HEIGHT="39" WIDTH="116" VPOS="3660" HPOS="782" CONTENT="et"/>
                  <SP HEIGHT="39" WIDTH="19" VPOS="3660" HPOS="898"/>
                  <String HEIGHT="39"
                          WIDTH="252"
                          VPOS="3660"
                          HPOS="840"
                          CONTENT="demandant"/>
                  <SP HEIGHT="39" WIDTH="19" VPOS="3660" HPOS="1092"/>
                  <String HEIGHT="39"
                          WIDTH="174"
                          VPOS="3660"
                          HPOS="1033"
                          CONTENT="cette"/>
                  <SP HEIGHT="39" WIDTH="19" VPOS="3660" HPOS="1208"/>
                  <String HEIGHT="39"
                          WIDTH="174"
                          VPOS="3660"
                          HPOS="1150"
                          CONTENT="place"/>
                  <SP HEIGHT="39" WIDTH="19" VPOS="3660" HPOS="1324"/>
                  <String HEIGHT="39"
                          WIDTH="155"
                          VPOS="3660"
                          HPOS="1266"
                          CONTENT="pour"/>
                  <SP HEIGHT="39" WIDTH="19" VPOS="3660" HPOS="1421"/>
                  <String HEIGHT="39"
                          WIDTH="116"
                          VPOS="3660"
                          HPOS="1363"
                          CONTENT="un"/>
                  <SP HEIGHT="39" WIDTH="19" VPOS="3660" HPOS="1479"/>
                  <String HEIGHT="39" WIDTH="77" VPOS="3660" HPOS="1402" CONTENT="de"/>
               </TextLine>
               <TextLine ID="tl_21"
                         BASELINE="3742"
                         HEIGHT="40"
                         WIDTH="831"
                         VPOS="3702"
                         HPOS="647">
                  <String HEIGHT="40"
                          WIDTH="139"
                          VPOS="3702"
                          HPOS="627"
                          CONTENT="ses"/>
                  <SP HEIGHT="40" WIDTH="20" VPOS="3702" HPOS="766"/>
                  <String HEIGHT="40"
                          WIDTH="356"
                          VPOS="3702"
                          HPOS="706"
                          CONTENT="gentilshommes."/>
                  <SP HEIGHT="40" WIDTH="20" VPOS="3702" HPOS="1063"/>
                  <String HEIGHT="40"
                          WIDTH="119"
                          VPOS="3702"
                          HPOS="1003"
                          CONTENT="Il"/>
                  <SP HEIGHT="40" WIDTH="20" VPOS="3702" HPOS="1122"/>
                  <String HEIGHT="40"
                          WIDTH="237"
                          VPOS="3702"
                          HPOS="1063"
                          CONTENT="l’engage"/>
                  <SP HEIGHT="40" WIDTH="20" VPOS="3702" HPOS="1300"/>
                  <String HEIGHT="40" WIDTH="99" VPOS="3702" HPOS="1241" CONTENT="à"/>
                  <SP HEIGHT="40" WIDTH="20" VPOS="3702" HPOS="1340"/>
                  <String HEIGHT="40"
                          WIDTH="218"
                          VPOS="3702"
                          HPOS="1280"
                          CONTENT="accéder"/>
                  <SP HEIGHT="40" WIDTH="20" VPOS="3702" HPOS="1498"/>
                  <String HEIGHT="40" WIDTH="59" VPOS="3702" HPOS="1419" CONTENT="à"/>
               </TextLine>
               <TextLine ID="tl_22"
                         BASELINE="3778"
                         HEIGHT="31"
                         WIDTH="268"
                         VPOS="3747"
                         HPOS="646">
                  <String HEIGHT="31"
                          WIDTH="172"
                          VPOS="3747"
                          HPOS="627"
                          CONTENT="cette"/>
                  <SP HEIGHT="31" WIDTH="19" VPOS="3747" HPOS="799"/>
                  <String HEIGHT="31"
                          WIDTH="191"
                          VPOS="3747"
                          HPOS="723"
                          CONTENT="demande."/>
               </TextLine>
            </TextBlock>
            <GraphicalElement ID="r_9" HEIGHT="18" WIDTH="231" VPOS="54" HPOS="3200"/>
            <GraphicalElement ID="r_10" HEIGHT="23" WIDTH="298" VPOS="63" HPOS="280"/>
            <GraphicalElement ID="r_11" HEIGHT="26" WIDTH="1067" VPOS="70" HPOS="610"/>
            <GraphicalElement ID="r_12" HEIGHT="20" WIDTH="954" VPOS="475" HPOS="326"/>
            <GraphicalElement ID="r_13" HEIGHT="30" WIDTH="1935" VPOS="480" HPOS="1280"/>
            <GraphicalElement ID="r_14" HEIGHT="25" WIDTH="2476" VPOS="1435" HPOS="526"/>
            <GraphicalElement ID="r_16" HEIGHT="11" WIDTH="293" VPOS="3584" HPOS="2480"/>
            <GraphicalElement ID="r_17" HEIGHT="46" WIDTH="1356" VPOS="3874" HPOS="309"/>
            <GraphicalElement ID="r_18" HEIGHT="15" WIDTH="1533" VPOS="3907" HPOS="1665"/>
            <GraphicalElement ID="r_19" HEIGHT="372" WIDTH="23" VPOS="2568" HPOS="71"/>
            <GraphicalElement ID="r_20" HEIGHT="774" WIDTH="51" VPOS="1466" HPOS="73"/>
            <GraphicalElement ID="r_21" HEIGHT="788" WIDTH="30" VPOS="672" HPOS="97"/>
            <GraphicalElement ID="r_22" HEIGHT="608" WIDTH="23" VPOS="64" HPOS="110"/>
            <GraphicalElement ID="r_23" HEIGHT="3839" WIDTH="32" VPOS="270" HPOS="512"/>
            <GraphicalElement ID="r_24" HEIGHT="3851" WIDTH="28" VPOS="288" HPOS="2980"/>
            <GraphicalElement ID="r_25" HEIGHT="162" WIDTH="5" VPOS="3628" HPOS="3589"/>
            <GraphicalElement ID="r_26" HEIGHT="106" WIDTH="2" VPOS="3502" HPOS="3590"/>
            <GraphicalElement ID="r_27" HEIGHT="320" WIDTH="21" VPOS="3776" HPOS="3590"/>
            <GraphicalElement ID="r_28" HEIGHT="576" WIDTH="26" VPOS="3136" HPOS="3597"/>
            <GraphicalElement ID="r_29" HEIGHT="322" WIDTH="7" VPOS="1854" HPOS="3599"/>
            <GraphicalElement ID="r_30" HEIGHT="192" WIDTH="5" VPOS="1600" HPOS="3603"/>
            <GraphicalElement ID="r_31" HEIGHT="468" WIDTH="29" VPOS="1072" HPOS="3618"/>
            <GraphicalElement ID="r_32" HEIGHT="162" WIDTH="8" VPOS="398" HPOS="3627"/>
            <GraphicalElement ID="r_33" HEIGHT="238" WIDTH="11" VPOS="2176" HPOS="3641"/>
            <GraphicalElement ID="r_34" HEIGHT="256" WIDTH="8" VPOS="832" HPOS="3657"/>
            <GraphicalElement ID="r_35" HEIGHT="2" WIDTH="68" VPOS="1434" HPOS="1906"/>
            <Illustration ID="r_7" HEIGHT="286" WIDTH="1295" VPOS="3485" HPOS="1569"/>
            <Illustration ID="r_8" HEIGHT="258" WIDTH="912" VPOS="2889" HPOS="1965"/>
         </PrintSpace>
      </Page>
   </Layout>
</alto>
