5686.614173228347 7392.1259842519685
1130.708661417323 966.9291338582677 648.8188976377953 103.93700787401575 4
1388.976377952756 966.9291338582677 1168.5039370078741 103.93700787401575 CHEFS
2168.503937007874 966.9291338582677 777.9527559055118 103.93700787401575 DE
2557.48031496063 966.9291338582677 2077.165354330709 103.93700787401575 GOUVERNEMENT
4114.96062992126 966.9291338582677 648.8188976377953 103.93700787401575 S.1

1203.1496062992126 1425.1968503937007 360.62992125984255 96.06299212598425 ★3★
1409.4488188976377 1425.1968503937007 464.56692913385825 96.06299212598425 MARIE
1719.6850393700788 1425.1968503937007 618.8976377952756 96.06299212598425 D’ANJOU,
2184.251968503937 1425.1968503937007 310.23622047244095 96.06299212598425 n.
2338.582677165354 1425.1968503937007 310.23622047244095 96.06299212598425 14
2494.488188976378 1425.1968503937007 568.503937007874 96.06299212598425 octobre
2907.0866141732286 1425.1968503937007 464.56692913385825 96.06299212598425 1404,
3217.3228346456694 1425.1968503937007 464.56692913385825 96.06299212598425 fille
3525.984251968504 1425.1968503937007 310.23622047244095 96.06299212598425 du
3681.8897637795276 1425.1968503937007 360.62992125984255 96.06299212598425 duc
3888.1889763779527 1425.1968503937007 568.503937007874 96.06299212598425 d’Anjou
4300.787401574803 1425.1968503937007 464.56692913385825 96.06299212598425 Louis
4559.055118110236 1425.1968503937007 206.29921259842519 96.06299212598425 II

1212.5984251968505 1530.708661417323 274.01574803149606 99.21259842519684 et
1349.6062992125985 1530.708661417323 592.1259842519685 99.21259842519684 d’Yolande
1804.724409448819 1530.708661417323 592.1259842519685 99.21259842519684 d’Aragon,
2261.417322834646 1530.708661417323 411.0236220472441 99.21259842519684 femme
2535.433070866142 1530.708661417323 274.01574803149606 99.21259842519684 de
2670.8661417322833 1530.708661417323 500.78740157480314 99.21259842519684 Charles
3036.220472440945 1530.708661417323 319.68503937007875 99.21259842519684 VII
3218.8976377952754 1530.708661417323 455.11811023622045 99.21259842519684 (avril
3537.0078740157483 1530.708661417323 455.11811023622045 99.21259842519684 1422),
3856.6929133858266 1530.708661417323 274.01574803149606 99.21259842519684 m.
3993.700787401575 1530.708661417323 365.3543307086614 99.21259842519684 dans
4222.047244094489 1530.708661417323 546.4566929133858 99.21259842519684 l’abbaye
4585.826771653543 1530.708661417323 182.6771653543307 99.21259842519684 de

1212.5984251968505 1634.6456692913387 642.5196850393701 100.78740157480316 Chatelliers
1725.984251968504 1634.6456692913387 256.6929133858268 100.78740157480316 en
1853.5433070866143 1634.6456692913387 470.86614173228344 100.78740157480316 Poitou,
2196.850393700787 1634.6456692913387 256.6929133858268 100.78740157480316 29
2324.4094488188975 1634.6456692913387 513.3858267716536 100.78740157480316 novembre
2667.716535433071 1634.6456692913387 299.21259842519686 100.78740157480316 1463.

1297.6377952755906 1776.3779527559054 222.04724409448818 80.31496062992126 P.
1409.4488188976377 1776.3779527559054 259.84251968503935 80.31496062992126 S.;
1557.4803149606298 1776.3779527559054 817.3228346456693 80.31496062992126 Montilz-lès-Tours,
2262.9921259842517 1776.3779527559054 222.04724409448818 80.31496062992126 11
2374.803149606299 1776.3779527559054 259.84251968503935 80.31496062992126 mai
2522.834645669291 1776.3779527559054 333.8582677165354 80.31496062992126 1452,
2746.4566929133857 1776.3779527559054 259.84251968503935 80.31496062992126 1/2
2894.488188976378 1776.3779527559054 222.04724409448818 80.31496062992126 p.
3006.299212598425 1776.3779527559054 297.6377952755906 80.31496062992126 in-4
3154.3307086614172 1776.3779527559054 333.8582677165354 80.31496062992126 oblong.

1223.6220472440946 1864.5669291338584 330.70866141732284 78.74015748031496 Rognée
1455.1181102362204 1864.5669291338584 264.56692913385825 78.74015748031496 dans
1620.4724409448818 1864.5669291338584 231.49606299212599 78.74015748031496 une
1752.755905511811 1864.5669291338584 330.70866141732284 78.74015748031496 marge.
1982.6771653543308 1864.5669291338584 529.1338582677165 78.74015748031496 Rare.
2412.5984251968503 1864.5669291338584 165.35433070866142 78.74015748031496 —
2445.6692913385828 1864.5669291338584 132.28346456692913 78.74015748031496 P.

1280.3149606299212 1985.8267716535433 242.51968503937007 62.99212598425197 Elle
1431.4960629921259 1985.8267716535433 363.7795275590551 62.99212598425197 s'engage
1703.9370078740158 1985.8267716535433 151.1811023622047 62.99212598425197 à
1765.3543307086613 1985.8267716535433 272.4409448818898 62.99212598425197 faire
1946.4566929133857 1985.8267716535433 272.4409448818898 62.99212598425197 payer
2127.5590551181103 1985.8267716535433 151.1811023622047 62.99212598425197 à
2188.9763779527557 1985.8267716535433 242.51968503937007 62.99212598425197 Jean
2340.1574803149606 1985.8267716535433 393.7007874015748 62.99212598425197 Pasquier.
2642.51968503937 1985.8267716535433 363.7795275590551 62.99212598425197 receveur
2916.535433070866 1985.8267716535433 181.10236220472441 62.99212598425197 du
3006.299212598425 1985.8267716535433 272.4409448818898 62.99212598425197 quart
3188.9763779527557 1985.8267716535433 181.10236220472441 62.99212598425197 du
3278.740157480315 1985.8267716535433 212.5984251968504 62.99212598425197 sel
3370.0787401574803 1985.8267716535433 121.25984251968504 62.99212598425197 de

1222.0472440944882 2051.968503937008 341.73228346456693 64.56692913385827 Poitou,
1470.8661417322835 2051.968503937008 187.4015748031496 64.56692913385827 la
1565.3543307086613 2051.968503937008 280.31496062992125 64.56692913385827 somme
1751.1811023622047 2051.968503937008 187.4015748031496 64.56692913385827 de
1845.6692913385828 2051.968503937008 280.31496062992125 64.56692913385827 vingt
2031.4960629921259 2051.968503937008 248.8188976377953 64.56692913385827 écus
2187.4015748031497 2051.968503937008 217.3228346456693 64.56692913385827 que
2311.8110236220473 2051.968503937008 373.2283464566929 64.56692913385827 celui-ci
2592.1259842519685 2051.968503937008 217.3228346456693 64.56692913385827 lui
2716.535433070866 2051.968503937008 155.90551181102362 64.56692913385827 a
2777.952755905512 2051.968503937008 341.73228346456693 64.56692913385827 baillée
3028.3464566929133 2051.968503937008 373.2283464566929 64.56692913385827 comptant
3277.165354330709 2051.968503937008 217.3228346456693 64.56692913385827 «pour

1223.6220472440946 2119.685039370079 239.37007874015748 59.84251968503937 faire
1384.251968503937 2119.685039370079 266.1417322834646 59.84251968503937 nostre
1570.0787401574803 2119.685039370079 292.9133858267717 59.84251968503937 plaisir
1784.251968503937 2119.685039370079 160.62992125984252 59.84251968503937 et
1837.7952755905512 2119.685039370079 319.68503937007875 59.84251968503937 voulenté.»

1206.2992125984251 2291.3385826771655 327.5590551181102 102.36220472440945 ★4★
1393.7007874015749 2291.3385826771655 422.0472440944882 102.36220472440945 LOUIS
1675.5905511811025 2291.3385826771655 327.5590551181102 102.36220472440945 XI,
1862.992125984252 2291.3385826771655 281.8897637795276 102.36220472440945 n.
2003.1496062992126 2291.3385826771655 234.64566929133858 102.36220472440945 à
2097.6377952755906 2291.3385826771655 562.2047244094488 102.36220472440945 Bourges,
2519.685039370079 2291.3385826771655 234.64566929133858 102.36220472440945 3
2612.5984251968503 2291.3385826771655 516.5354330708661 102.36220472440945 juillet
2988.9763779527557 2291.3385826771655 422.0472440944882 102.36220472440945 1423,
3269.2913385826773 2291.3385826771655 327.5590551181102 102.36220472440945 roi
3456.6929133858266 2291.3385826771655 281.8897637795276 102.36220472440945 le
3598.4251968503936 2291.3385826771655 281.8897637795276 102.36220472440945 21
3738.582677165354 2291.3385826771655 516.5354330708661 102.36220472440945 juillet
4113.385826771653 2291.3385826771655 422.0472440944882 102.36220472440945 1461,
4395.275590551181 2291.3385826771655 374.8031496062992 102.36220472440945 fils
4582.677165354331 2291.3385826771655 187.4015748031496 102.36220472440945 et

1207.8740157480315 2396.850393700787 612.5984251968504 97.63779527559055 successeur
1689.763779527559 2396.850393700787 262.99212598425197 97.63779527559055 de
1820.4724409448818 2396.850393700787 480.31496062992125 97.63779527559055 Charles
2170.0787401574803 2396.850393700787 349.6062992125984 97.63779527559055 VII,
2388.9763779527557 2396.850393700787 262.99212598425197 97.63779527559055 m.
2519.685039370079 2396.850393700787 262.99212598425197 97.63779527559055 au
2650.3937007874015 2396.850393700787 480.31496062992125 97.63779527559055 château
3000.0 2396.850393700787 262.99212598425197 97.63779527559055 du
3130.7086614173227 2396.850393700787 962.2047244094488 97.63779527559055 Plessis-lès-Tours,
3962.2047244094488 2396.850393700787 262.99212598425197 97.63779527559055 30
4092.9133858267714 2396.850393700787 349.6062992125984 97.63779527559055 août
4267.716535433071 2396.850393700787 305.51181102362204 97.63779527559055 1483.

1294.4881889763778 2540.1574803149606 211.0236220472441 80.31496062992126 L.
1400.0 2540.1574803149606 211.0236220472441 80.31496062992126 S.
1503.9370078740158 2540.1574803149606 211.0236220472441 80.31496062992126 au
1609.4488188976377 2540.1574803149606 245.66929133858267 80.31496062992126 duc
1749.6062992125985 2540.1574803149606 211.0236220472441 80.31496062992126 de
1855.1181102362204 2540.1574803149606 316.53543307086613 80.31496062992126 Milan
2066.1417322834645 2540.1574803149606 666.1417322834645 80.31496062992126 (Galeazzo-Maria
2628.3464566929133 2540.1574803149606 385.8267716535433 80.31496062992126 Sforza,
2908.6614173228345 2540.1574803149606 211.0236220472441 80.31496062992126 n.
3014.1732283464567 2540.1574803149606 174.8031496062992 80.31496062992126 à
3083.464566929134 2540.1574803149606 316.53543307086613 80.31496062992126 Fermo
3294.488188976378 2540.1574803149606 211.0236220472441 80.31496062992126 en
3400.0 2540.1574803149606 316.53543307086613 80.31496062992126 1444,
3611.0236220472443 2540.1574803149606 245.66929133858267 80.31496062992126 duc
3751.181102362205 2540.1574803149606 211.0236220472441 80.31496062992126 en
3856.6929133858266 2540.1574803149606 316.53543307086613 80.31496062992126 1466,
4066.1417322834645 2540.1574803149606 456.6929133858268 80.31496062992126 assassiné
4417.322834645669 2540.1574803149606 211.0236220472441 80.31496062992126 le
4522.834645669292 2540.1574803149606 211.0236220472441 80.31496062992126 26
4593.700787401574 2540.1574803149606 174.8031496062992 80.31496062992126 dé-

1215.748031496063 2626.771653543307 340.15748031496065 83.46456692913385 cembre
1455.1181102362204 2626.771653543307 340.15748031496065 83.46456692913385 1476);
1692.9133858267717 2626.771653543307 475.59055118110234 83.46456692913385 Orléans,27
2066.1417322834645 2626.771653543307 272.4409448818898 83.46456692913385 mars
2236.220472440945 2626.771653543307 373.2283464566929 83.46456692913385 (1467),
2508.6614173228345 2626.771653543307 237.79527559055117 83.46456692913385 1/2
2644.0944881889764 2626.771653543307 204.7244094488189 83.46456692913385 p.
2746.4566929133857 2626.771653543307 272.4409448818898 83.46456692913385 in-4
2916.535433070866 2626.771653543307 373.2283464566929 83.46456692913385 oblong,
3187.4015748031497 2626.771653543307 373.2283464566929 83.46456692913385 cachet.
3459.8425196850394 2626.771653543307 170.07874015748033 83.46456692913385 —
3494.488188976378 2626.771653543307 135.43307086614172 83.46456692913385 P.

1272.4409448818897 2749.6062992125985 313.38582677165357 66.14173228346456 Lettre
1492.9133858267717 2749.6062992125985 188.9763779527559 66.14173228346456 de
1587.4015748031495 2749.6062992125985 344.88188976377955 66.14173228346456 créance
1837.7952755905512 2749.6062992125985 251.96850393700788 66.14173228346456 pour
1995.275590551181 2749.6062992125985 313.38582677165357 66.14173228346456 Gaston
2214.1732283464567 2749.6062992125985 188.9763779527559 66.14173228346456 du
2308.6614173228345 2749.6062992125985 283.46456692913387 66.14173228346456 Lyon,
2497.6377952755906 2749.6062992125985 376.37795275590554 66.14173228346456 sénéchal
2779.527559055118 2749.6062992125985 188.9763779527559 66.14173228346456 de
2874.015748031496 2749.6062992125985 439.37007874015745 66.14173228346456 Saintonge,
3220.472440944882 2749.6062992125985 188.9763779527559 66.14173228346456 et
3314.9606299212596 2749.6062992125985 251.96850393700788 66.14173228346456 Jean
3439.3700787401576 2749.6062992125985 188.9763779527559 66.14173228346456 Phi-

1214.1732283464567 2815.748031496063 325.98425196850394 66.14173228346456 lippe,
1442.5196850393702 2815.748031496063 425.1968503937008 66.14173228346456 président
1770.0787401574803 2815.748031496063 228.3464566929134 66.14173228346456 des
1900.7874015748032 2815.748031496063 359.0551181102362 66.14173228346456 Comptes
2162.2047244094488 2815.748031496063 195.2755905511811 66.14173228346456 du
2259.8425196850394 2815.748031496063 425.1968503937008 66.14173228346456 Dauphiné.
2585.8267716535433 2815.748031496063 294.48818897637796 66.14173228346456 «Nous
2782.6771653543306 2815.748031496063 392.12598425196853 66.14173228346456 envoyons
3075.5905511811025 2815.748031496063 522.8346456692914 66.14173228346456 présentement
3467.716535433071 2815.748031496063 163.7795275590551 66.14173228346456 par

1217.3228346456692 2881.8897637795276 308.66141732283467 53.54330708661417 devers
1434.6456692913387 2881.8897637795276 247.24409448818898 53.54330708661417 vous
1588.976377952756 2881.8897637795276 215.748031496063 53.54330708661417 nos
1711.8110236220473 2881.8897637795276 247.24409448818898 53.54330708661417 amez
1866.1417322834645 2881.8897637795276 185.82677165354332 53.54330708661417 et
1959.0551181102362 2881.8897637795276 308.66141732283467 53.54330708661417 féaulx
2176.3779527559054 2881.8897637795276 494.48818897637796 53.54330708661417 conseilliers
2577.952755905512 2881.8897637795276 308.66141732283467 53.54330708661417 Gaston
2793.700787401575 2881.8897637795276 185.82677165354332 53.54330708661417 du
2886.6141732283463 2881.8897637795276 278.74015748031496 53.54330708661417 Léon,
3072.4409448818897 2881.8897637795276 308.66141732283467 53.54330708661417 nostre
3258.267716535433 2881.8897637795276 370.0787401574803 53.54330708661417 chambellan

1217.3228346456692 2943.3070866141734 181.10236220472441 67.71653543307086 et
1307.0866141732283 2943.3070866141734 392.12598425196853 67.71653543307086 seneschal
1609.4488188976377 2943.3070866141734 181.10236220472441 67.71653543307086 de
1699.2125984251968 2943.3070866141734 422.0472440944882 67.71653543307086 Xaintonge,
2031.4960629921259 2943.3070866141734 181.10236220472441 67.71653543307086 et
2121.259842519685 2943.3070866141734 332.2834645669291 67.71653543307086 maistre
2363.779527559055 2943.3070866141734 270.86614173228344 67.71653543307086 Jehan
2544.8818897637793 2943.3070866141734 422.0472440944882 67.71653543307086 Phelippes,
2875.5905511811025 2943.3070866141734 392.12598425196853 67.71653543307086 présidant
3177.952755905512 2943.3070866141734 181.10236220472441 67.71653543307086 de
3267.716535433071 2943.3070866141734 211.0236220472441 67.71653543307086 noz
3359.0551181102364 2943.3070866141734 270.86614173228344 67.71653543307086 comptes

1215.748031496063 3009.448818897638 187.4015748031496 66.14173228346456 du
1310.236220472441 3009.448818897638 406.2992125984252 66.14173228346456 Dauphiné,
1623.6220472440946 3009.448818897638 376.37795275590554 66.14173228346456 ausquelz
1905.5118110236222 3009.448818897638 281.8897637795276 66.14173228346456 avons
2092.9133858267714 3009.448818897638 344.88188976377955 66.14173228346456 chargié
2343.3070866141734 3009.448818897638 250.39370078740157 66.14173228346456 vous
2499.212598425197 3009.448818897638 250.39370078740157 66.14173228346456 dire
2656.6929133858266 3009.448818897638 187.4015748031496 66.14173228346456 de
2749.6062992125985 3009.448818897638 218.89763779527559 66.14173228346456 par
2875.5905511811025 3009.448818897638 250.39370078740157 66.14173228346456 nous
3031.496062992126 3009.448818897638 344.88188976377955 66.14173228346456 aucunes
3281.8897637795276 3009.448818897638 344.88188976377955 66.14173228346456 choses.
3500.787401574803 3009.448818897638 125.98425196850394 66.14173228346456 Si

1218.8976377952756 3070.8661417322833 223.6220472440945 72.44094488188976 vous
1359.0551181102362 3070.8661417322833 223.6220472440945 72.44094488188976 prie
1499.2125984251968 3070.8661417322833 196.8503937007874 72.44094488188976 que
1611.023622047244 3070.8661417322833 196.8503937007874 72.44094488188976 les
1724.4094488188975 3070.8661417322833 337.00787401574803 72.44094488188976 veuillés
1976.3779527559054 3070.8661417322833 280.31496062992125 72.44094488188976 croire
2171.6535433070867 3070.8661417322833 168.50393700787401 72.44094488188976 et
2256.6929133858266 3070.8661417322833 363.7795275590551 72.44094488188976 adjouster
2537.0078740157483 3070.8661417322833 280.31496062992125 72.44094488188976 plaine
2732.283464566929 3070.8661417322833 196.8503937007874 72.44094488188976 foy
2845.6692913385828 3070.8661417322833 168.50393700787401 72.44094488188976 et
2929.1338582677167 3070.8661417322833 308.66141732283467 72.44094488188976 créance
3152.755905511811 3070.8661417322833 140.15748031496062 72.44094488188976 à
3209.448818897638 3070.8661417322833 168.50393700787401 72.44094488188976 ce
3292.9133858267714 3070.8661417322833 280.31496062992125 72.44094488188976 qu'ilz
3461.417322834646 3070.8661417322833 168.50393700787401 72.44094488188976 vous

1215.748031496063 3137.0078740157483 318.1102362204724 70.86614173228347 diront
1437.7952755905512 3137.0078740157483 190.5511811023622 70.86614173228347 de
1533.8582677165355 3137.0078740157483 318.1102362204724 70.86614173228347 nostre
1755.9055118110236 3137.0078740157483 381.1023622047244 70.86614173228347 part...»
2042.5196850393702 3137.0078740157483 159.0551181102362 70.86614173228347 —
2105.511811023622 3137.0078740157483 349.6062992125984 70.86614173228347 (Gaston
2360.6299212598424 3137.0078740157483 190.5511811023622 70.86614173228347 du
2455.1181102362207 3137.0078740157483 253.54330708661416 70.86614173228347 Lyon
2614.1732283464567 3137.0078740157483 286.61417322834643 70.86614173228347 avait
2804.7244094488187 3137.0078740157483 222.04724409448818 70.86614173228347 été
2932.283464566929 3137.0078740157483 190.5511811023622 70.86614173228347 un
3026.771653543307 3137.0078740157483 222.04724409448818 70.86614173228347 des
3154.3307086614172 3137.0078740157483 349.6062992125984 70.86614173228347 fidèles
3377.952755905512 3137.0078740157483 253.54330708661416 70.86614173228347 servi-

1214.1732283464567 3201.5748031496064 281.8897637795276 70.86614173228347 teurs
1403.1496062992126 3201.5748031496064 187.4015748031496 70.86614173228347 du
1496.0629921259842 3201.5748031496064 344.88188976377955 70.86614173228347 dauphin
1748.0314960629921 3201.5748031496064 281.8897637795276 70.86614173228347 Louis
1935.4330708661416 3201.5748031496064 187.4015748031496 70.86614173228347 et
2029.9212598425197 3201.5748031496064 187.4015748031496 70.86614173228347 il
2122.834645669291 3201.5748031496064 187.4015748031496 70.86614173228347 en
2217.3228346456694 3201.5748031496064 281.8897637795276 70.86614173228347 avait
2406.299212598425 3201.5748031496064 218.89763779527559 70.86614173228347 été
2530.7086614173227 3201.5748031496064 470.86614173228344 70.86614173228347 récompensé,
2907.0866141732286 3201.5748031496064 250.39370078740157 70.86614173228347 lors
3064.566929133858 3201.5748031496064 187.4015748031496 70.86614173228347 de
3157.48031496063 3201.5748031496064 470.86614173228344 70.86614173228347 l’avènement
3502.3622047244094 3201.5748031496064 125.98425196850394 70.86614173228347 de

1217.3228346456692 3267.716535433071 274.01574803149606 72.44094488188976 Louis
1400.0 3267.716535433071 214.17322834645668 72.44094488188976 XI,
1521.259842519685 3267.716535433071 214.17322834645668 72.44094488188976 par
1644.0944881889764 3267.716535433071 182.6771653543307 72.44094488188976 la
1735.4330708661416 3267.716535433071 305.51181102362204 72.44094488188976 charge
1948.0314960629921 3267.716535433071 182.6771653543307 72.44094488188976 de
2039.3700787401574 3267.716535433071 365.3543307086614 72.44094488188976 sénéchal
2314.9606299212596 3267.716535433071 182.6771653543307 72.44094488188976 de
2406.299212598425 3267.716535433071 426.7716535433071 72.44094488188976 Saintonge.
2741.732283464567 3267.716535433071 182.6771653543307 72.44094488188976 Il
2833.0708661417325 3267.716535433071 335.43307086614175 72.44094488188976 devint,
3077.165354330709 3267.716535433071 182.6771653543307 72.44094488188976 en
3168.503937007874 3267.716535433071 274.01574803149606 72.44094488188976 1469,
3319.685039370079 3267.716535433071 305.51181102362204 72.44094488188976 sénéchal

1215.748031496063 3346.4566929133857 182.6771653543307 61.41732283464567 de
1307.0866141732283 3346.4566929133857 365.3543307086614 61.41732283464567 Toulouse
1581.1023622047244 3346.4566929133857 182.6771653543307 61.41732283464567 et
1672.4409448818897 3346.4566929133857 305.51181102362204 61.41732283464567 mourut
1885.0393700787401 3346.4566929133857 274.01574803149606 61.41732283464567 après
2037.7952755905512 3346.4566929133857 244.09448818897638 61.41732283464567 1490.)

1193.7007874015749 3505.511811023622 349.6062992125984 110.23622047244095 ★5★
1393.7007874015749 3505.511811023622 548.0314960629921 110.23622047244095 CHARLES
1792.1259842519685 3505.511811023622 448.81889763779526 110.23622047244095 VIII,
2091.3385826771655 3505.511811023622 299.21259842519686 110.23622047244095 n.
2242.51968503937 3505.511811023622 248.8188976377953 110.23622047244095 à
2341.732283464567 3505.511811023622 598.4251968503937 110.23622047244095 Amboise,
2790.551181102362 3505.511811023622 299.21259842519686 110.23622047244095 30
2940.1574803149606 3505.511811023622 398.4251968503937 110.23622047244095 juin
3188.9763779527557 3505.511811023622 448.81889763779526 110.23622047244095 1470,
3488.1889763779527 3505.511811023622 398.4251968503937 110.23622047244095 fils
3738.582677165354 3505.511811023622 299.21259842519686 110.23622047244095 du
3888.1889763779527 3505.511811023622 697.6377952755905 110.23622047244095 précédent,
4436.220472440945 3505.511811023622 349.6062992125984 110.23622047244095 roi
4585.826771653543 3505.511811023622 200.0 110.23622047244095 le

1203.1496062992126 3626.771653543307 259.84251968503935 100.78740157480316 30
1333.8582677165355 3626.771653543307 346.45669291338584 100.78740157480316 août
1551.1811023622047 3626.771653543307 390.5511811023622 100.78740157480316 1483,
1811.023622047244 3626.771653543307 259.84251968503935 100.78740157480316 m.
1940.1574803149606 3626.771653543307 217.3228346456693 100.78740157480316 à
2026.7716535433071 3626.771653543307 519.6850393700787 100.78740157480316 Amboise,
2417.3228346456694 3626.771653543307 217.3228346456693 100.78740157480316 7
2503.9370078740158 3626.771653543307 390.5511811023622 100.78740157480316 avril
2719.685039370079 3626.771653543307 303.93700787401576 100.78740157480316 1498.

1280.3149606299212 3768.503937007874 215.748031496063 86.61417322834646 L.
1388.976377952756 3768.503937007874 215.748031496063 86.61417322834646 S.
1497.6377952755906 3768.503937007874 251.96850393700788 86.61417322834646 aux
1640.9448818897638 3768.503937007874 541.7322834645669 86.61417322834646 conseillers
2074.015748031496 3768.503937007874 215.748031496063 86.61417322834646 et
2182.6771653543306 3768.503937007874 288.18897637795277 86.61417322834646 gens
2362.2047244094488 3768.503937007874 215.748031496063 86.61417322834646 de
2470.8661417322833 3768.503937007874 251.96850393700788 86.61417322834646 ses
2615.748031496063 3768.503937007874 396.8503937007874 86.61417322834646 comptes
2903.9370078740158 3768.503937007874 181.10236220472441 86.61417322834646 à
2940.1574803149606 3768.503937007874 288.18897637795277 86.61417322834646 Paris;

1203.1496062992126 3855.1181102362207 420.4724409448819 88.18897637795276 Amboise,
1518.1102362204724 3855.1181102362207 174.8031496062992 88.18897637795276 4
1587.4015748031495 3855.1181102362207 384.251968503937 88.18897637795276 octobre
1867.716535433071 3855.1181102362207 384.251968503937 88.18897637795276 (1483),
2146.4566929133857 3855.1181102362207 244.09448818897638 88.18897637795276 3/4
2286.6141732283463 3855.1181102362207 209.4488188976378 88.18897637795276 de
2392.1259842519685 3855.1181102362207 209.4488188976378 88.18897637795276 p.
2497.6377952755906 3855.1181102362207 314.96062992125985 88.18897637795276 in-4.
2707.0866141732286 3855.1181102362207 349.6062992125984 88.18897637795276 Jaunie
2951.181102362205 3855.1181102362207 244.09448818897638 88.18897637795276 sur
3056.6929133858266 3855.1181102362207 174.8031496062992 88.18897637795276 les

1203.1496062992126 3957.48031496063 440.9448818897638 72.44094488188976 marges.
1522.8346456692914 3957.48031496063 200.0 72.44094488188976 —
1562.2047244094488 3957.48031496063 160.62992125984252 72.44094488188976 P.

1267.716535433071 4066.1417322834645 256.6929133858268 70.86614173228347 Pièce
1437.7952755905512 4066.1417322834645 398.4251968503937 70.86614173228347 historique
1751.1811023622047 4066.1417322834645 171.6535433070866 70.86614173228347 où
1837.7952755905512 4066.1417322834645 171.6535433070866 70.86614173228347 il
1922.8346456692914 4066.1417322834645 228.3464566929134 70.86614173228347 leur
2064.566929133858 4066.1417322834645 256.6929133858268 70.86614173228347 mande
2236.220472440945 4066.1417322834645 256.6929133858268 70.86614173228347 qu’il
2406.299212598425 4066.1417322834645 256.6929133858268 70.86614173228347 vient
2577.952755905512 4066.1417322834645 171.6535433070866 70.86614173228347 de
2662.9921259842517 4066.1417322834645 285.03937007874015 70.86614173228347 donner
2862.9921259842517 4066.1417322834645 141.73228346456693 70.86614173228347 à
2919.685039370079 4066.1417322834645 313.38582677165357 70.86614173228347 Jacques
3119.685039370079 4066.1417322834645 113.38582677165354 70.86614173228347 de

1211.023622047244 4135.433070866142 303.93700787401576 64.56692913385827 Coitier
1433.0708661417323 4135.433070866142 193.70078740157481 64.56692913385827 (le
1543.3070866141732 4135.433070866142 303.93700787401576 64.56692913385827 célèbre
1765.3543307086613 4135.433070866142 303.93700787401576 64.56692913385827 médecin
1985.8267716535433 4135.433070866142 165.35433070866142 64.56692913385827 et
2069.2913385826773 4135.433070866142 387.40157480314963 64.56692913385827 conseiller
2373.228346456693 4135.433070866142 165.35433070866142 64.56692913385827 de
2456.6929133858266 4135.433070866142 248.8188976377953 64.56692913385827 Louis
2622.047244094488 4135.433070866142 193.70078740157481 64.56692913385827 XI)
2733.8582677165355 4135.433070866142 332.2834645669291 64.56692913385827 l’office
2982.6771653543306 4135.433070866142 165.35433070866142 64.56692913385827 de
3037.7952755905512 4135.433070866142 193.70078740157481 64.56692913385827 vice-

1211.023622047244 4200.0 392.12598425196853 70.86614173228347 président
1513.3858267716535 4200.0 181.10236220472441 70.86614173228347 de
1603.1496062992126 4200.0 181.10236220472441 70.86614173228347 la
1694.4881889763778 4200.0 332.2834645669291 70.86614173228347 Chambre
1935.4330708661416 4200.0 211.0236220472441 70.86614173228347 des
2056.6929133858266 4200.0 362.20472440944883 70.86614173228347 Comptes.
2329.1338582677167 4200.0 211.0236220472441 70.86614173228347 «Et
2448.818897637795 4200.0 240.9448818897638 70.86614173228347 pour
2600.0 4200.0 181.10236220472441 70.86614173228347 ce
2691.3385826771655 4200.0 211.0236220472441 70.86614173228347 que
2811.0236220472443 4200.0 272.4409448818898 70.86614173228347 ledit
2962.2047244094488 4200.0 272.4409448818898 70.86614173228347 maistre

1207.8740157480315 4270.866141732284 322.8346456692913 67.71653543307086 Jacques
1444.0944881889764 4270.866141732284 146.45669291338584 67.71653543307086 a
1502.3622047244094 4270.866141732284 234.64566929133858 67.71653543307086 bien
1648.8188976377953 4270.866141732284 176.3779527559055 67.71653543307086 et
1737.007874015748 4270.866141732284 411.0236220472441 67.71653543307086 loyaulment
2059.8425196850394 4270.866141732284 264.56692913385825 67.71653543307086 servy
2236.220472440945 4270.866141732284 206.29921259842519 67.71653543307086 feu
2354.3307086614172 4270.866141732284 292.9133858267717 67.71653543307086 nostre
2559.0551181102364 4270.866141732284 234.64566929133858 67.71653543307086 très
2705.511811023622 4270.866141732284 264.56692913385825 67.71653543307086 chier
2881.8897637795276 4270.866141732284 352.755905511811 67.71653543307086 seigneur
3116.535433070866 4270.866141732284 118.11023622047244 67.71653543307086 et

1212.5984251968505 4341.7322834645665 240.9448818897638 61.41732283464567 père
1363.7795275590552 4341.7322834645665 211.0236220472441 61.41732283464567 que
1483.4645669291338 4341.7322834645665 240.9448818897638 61.41732283464567 Dieu
1634.6456692913387 4341.7322834645665 362.20472440944883 61.41732283464567 absoille
1905.5118110236222 4341.7322834645665 332.2834645669291 61.41732283464567 jusques
2148.031496062992 4341.7322834645665 151.1811023622047 61.41732283464567 à
2207.8740157480315 4341.7322834645665 302.3622047244094 61.41732283464567 l’eure
2418.8976377952754 4341.7322834645665 181.10236220472441 61.41732283464567 de
2508.6614173228345 4341.7322834645665 211.0236220472441 61.41732283464567 son
2629.9212598425197 4341.7322834645665 332.2834645669291 61.41732283464567 trespas
2870.8661417322833 4341.7322834645665 181.10236220472441 61.41732283464567 et
2962.2047244094488 4341.7322834645665 211.0236220472441 61.41732283464567 que
3051.968503937008 4341.7322834645665 181.10236220472441 61.41732283464567 nous

1209.4488188976377 4400.0 348.0314960629921 67.71653543307086 désirons
1469.291338582677 4400.0 173.22834645669292 67.71653543307086 le
1555.9055118110236 4400.0 376.37795275590554 67.71653543307086 pourveoir
1845.6692913385828 4400.0 318.1102362204724 67.71653543307086 d’estat
2077.165354330709 4400.0 231.49606299212599 67.71653543307086 dont
2222.047244094488 4400.0 173.22834645669292 67.71653543307086 il
2308.6614173228345 4400.0 289.76377952755905 67.71653543307086 puisse
2511.8110236220473 4400.0 549.6062992125984 67.71653543307086 honnourablement
2944.8818897637793 4400.0 289.76377952755905 67.71653543307086 emploier

1209.4488188976377 4469.291338582677 225.1968503937008 61.41732283464567 ses
1337.007874015748 4469.291338582677 289.76377952755905 61.41732283464567 jours
1530.708661417323 4469.291338582677 193.70078740157481 61.41732283464567 en
1626.7716535433071 4469.291338582677 321.25984251968504 61.41732283464567 nostre
1851.9685039370079 4469.291338582677 385.8267716535433 61.41732283464567 service,
2141.732283464567 4469.291338582677 256.6929133858268 61.41732283464567 nous
2302.3622047244094 4469.291338582677 256.6929133858268 61.41732283464567 vous
2462.9921259842517 4469.291338582677 354.3307086614173 61.41732283464567 mandons
2719.685039370079 4469.291338582677 193.70078740157481 61.41732283464567 et
2784.251968503937 4469.291338582677 450.3937007874016 61.41732283464567 expressément

1212.5984251968505 4538.582677165355 398.4251968503937 61.41732283464567 enjoignons
1525.984251968504 4538.582677165355 226.77165354330708 61.41732283464567 que,
1667.716535433071 4538.582677165355 285.03937007874015 61.41732283464567 toutes
1866.1417322834645 4538.582677165355 426.7716535433071 61.41732283464567 excusations
2207.8740157480315 4538.582677165355 170.07874015748033 61.41732283464567 et
2292.9133858267714 4538.582677165355 313.38582677165357 61.41732283464567 faveurs
2521.259842519685 4538.582677165355 341.73228346456693 61.41732283464567 cessans,
2776.3779527559054 4538.582677165355 226.77165354330708 61.41732283464567 vous
2918.1102362204724 4538.582677165355 170.07874015748033 61.41732283464567 le
2974.803149606299 4538.582677165355 256.6929133858268 61.41732283464567 recevez

1211.023622047244 4600.0 248.8188976377953 67.71653543307086 oudit
1377.9527559055118 4600.0 387.40157480314963 67.71653543307086 office...»
1681.8897637795276 4600.0 138.58267716535434 67.71653543307086 —
1737.007874015748 4600.0 332.2834645669291 67.71653543307086 (Coitier
1985.8267716535433 4600.0 277.1653543307087 67.71653543307086 devint
2179.527559055118 4600.0 222.04724409448818 67.71653543307086 plus
2318.1102362204724 4600.0 222.04724409448818 67.71653543307086 tard
2456.6929133858266 4600.0 359.0551181102362 67.71653543307086 président
2733.8582677165355 4600.0 165.35433070866142 67.71653543307086 de
2815.748031496063 4600.0 165.35433070866142 67.71653543307086 la
2899.212598425197 4600.0 303.93700787401576 67.71653543307086 Chambre
3092.9133858267714 4600.0 138.58267716535434 67.71653543307086 des

1211.023622047244 4674.0157480314965 357.4803149606299 59.84251968503937 Comptes.
1478.740157480315 4674.0157480314965 179.5275590551181 59.84251968503937 Il
1568.5039370078741 4674.0157480314965 297.6377952755906 59.84251968503937 mourut
1777.9527559055118 4674.0157480314965 149.60629921259843 59.84251968503937 à
1836.2204724409448 4674.0157480314965 267.7165354330709 59.84251968503937 Paris
2015.748031496063 4674.0157480314965 237.79527559055117 59.84251968503937 vers
2135.433070866142 4674.0157480314965 237.79527559055117 59.84251968503937 1505.)

1188.976377952756 4844.094488188976 341.73228346456693 107.08661417322834 ★6★
1384.251968503937 4844.094488188976 390.5511811023622 107.08661417322834 ANNE
1628.3464566929133 4844.094488188976 292.9133858267717 107.08661417322834 DE
1774.8031496062993 4844.094488188976 634.6456692913385 107.08661417322834 BRETAGNE,
2264.566929133858 4844.094488188976 292.9133858267717 107.08661417322834 n.
2411.0236220472443 4844.094488188976 244.09448818897638 107.08661417322834 à
2508.6614173228345 4844.094488188976 537.007874015748 107.08661417322834 Nantes,
2899.212598425197 4844.094488188976 292.9133858267717 107.08661417322834 26
3045.6692913385828 4844.094488188976 537.007874015748 107.08661417322834 janvier
3436.220472440945 4844.094488188976 439.37007874015745 107.08661417322834 1477,
3729.1338582677167 4844.094488188976 585.8267716535433 107.08661417322834 duchesse
4170.078740157481 4844.094488188976 292.9133858267717 107.08661417322834 de
4267.716535433071 4844.094488188976 488.18897637795277 107.08661417322834 Bretagne

1196.8503937007874 4963.779527559055 234.64566929133858 103.93700787401575 (9
1314.9606299212599 4963.779527559055 510.23622047244095 103.93700787401575 septembre
1707.0866141732283 4963.779527559055 392.12598425196853 103.93700787401575 1488),
1981.1023622047244 4963.779527559055 352.755905511811 103.93700787401575 fille
2217.3228346456694 4963.779527559055 234.64566929133858 103.93700787401575 du
2335.433070866142 4963.779527559055 274.01574803149606 103.93700787401575 duc
2491.3385826771655 4963.779527559055 470.86614173228344 103.93700787401575 François
2804.7244094488187 4963.779527559055 196.8503937007874 103.93700787401575 II,

1193.7007874015749 5075.5905511811025 396.8503937007874 92.91338582677166 femme
1458.267716535433 5075.5905511811025 264.56692913385825 92.91338582677166 de
1590.5511811023623 5075.5905511811025 485.03937007874015 92.91338582677166 Charles
1943.3070866141732 5075.5905511811025 352.755905511811 92.91338582677166 VIII
2162.2047244094488 5075.5905511811025 264.56692913385825 92.91338582677166 (6
2294.488188976378 5075.5905511811025 529.1338582677165 92.91338582677166 décembre
2647.244094488189 5075.5905511811025 352.755905511811 92.91338582677166 1491),

1196.8503937007874 5182.677165354331 343.3070866141732 96.06299212598425 puis
1411.023622047244 5182.677165354331 256.6929133858268 96.06299212598425 de
1540.1574803149606 5182.677165354331 385.8267716535433 96.06299212598425 Louis
1796.8503937007874 5182.677165354331 300.78740157480314 96.06299212598425 XII
1968.5039370078741 5182.677165354331 256.6929133858268 96.06299212598425 (7
2097.6377952755906 5182.677165354331 472.4409448818898 96.06299212598425 janvier
2440.9448818897636 5182.677165354331 428.34645669291336 96.06299212598425 1499),
2741.732283464567 5182.677165354331 256.6929133858268 96.06299212598425 m.
2826.771653543307 5182.677165354331 171.6535433070866 96.06299212598425 au

1196.8503937007874 5286.614173228347 451.9685039370079 96.06299212598425 château
1525.984251968504 5286.614173228347 247.24409448818898 96.06299212598425 de
1648.8188976377953 5286.614173228347 411.0236220472441 96.06299212598425 Blois,
1937.007874015748 5286.614173228347 206.29921259842519 96.06299212598425 9
2018.8976377952756 5286.614173228347 451.9685039370079 96.06299212598425 janvier
2307.0866141732286 5286.614173228347 288.18897637795277 96.06299212598425 1514.

1283.4645669291338 5426.771653543307 214.17322834645668 80.31496062992126 L.
1390.5511811023623 5426.771653543307 250.39370078740157 80.31496062992126 S.,
1533.8582677165355 5426.771653543307 250.39370078740157 80.31496062992126 sur
1677.1653543307086 5426.771653543307 357.4803149606299 80.31496062992126 vélin,
1927.5590551181103 5426.771653543307 177.95275590551182 80.31496062992126 à
1998.4251968503936 5426.771653543307 321.25984251968504 80.31496062992126 Raoul
2212.5984251968503 5426.771653543307 428.34645669291336 80.31496062992126 Hurault,
2533.8582677165355 5426.771653543307 464.56692913385825 80.31496062992126 trésorier
2855.1181102362207 5426.771653543307 143.30708661417322 80.31496062992126 et

1206.2992125984251 5510.236220472441 414.1732283464567 81.88976377952756 receveur
1516.5354330708662 5510.236220472441 379.5275590551181 81.88976377952756 général
1792.1259842519685 5510.236220472441 206.29921259842519 81.88976377952756 de
1896.0629921259842 5510.236220472441 240.9448818897638 81.88976377952756 ses
2034.6456692913387 5510.236220472441 448.81889763779526 81.88976377952756 finances;
2379.527559055118 5510.236220472441 344.88188976377955 81.88976377952756 Blois,
2620.472440944882 5510.236220472441 206.29921259842519 81.88976377952756 14
2689.763779527559 5510.236220472441 310.23622047244095 81.88976377952756 juillet

1222.0472440944882 5595.275590551181 275.59055118110234 88.18897637795276 1508,
1404.724409448819 5595.275590551181 214.17322834645668 88.18897637795276 1/2
1527.5590551181103 5595.275590551181 184.251968503937 88.18897637795276 p.
1618.8976377952756 5595.275590551181 337.00787401574803 88.18897637795276 in-fol.
1862.992125984252 5595.275590551181 337.00787401574803 88.18897637795276 oblong.
2108.6614173228345 5595.275590551181 184.251968503937 88.18897637795276 Un
2200.0 5595.275590551181 214.17322834645668 88.18897637795276 peu
2322.834645669291 5595.275590551181 337.00787401574803 88.18897637795276 jaunie.
2537.0078740157483 5595.275590551181 458.26771653543307 88.18897637795276 (Coll.

1209.4488188976377 5681.889763779527 400.0 88.18897637795276 Fossé
1508.6614173228347 5681.889763779527 400.0 88.18897637795276 Darcosse
1807.8740157480315 5681.889763779527 200.0 88.18897637795276 et
1908.6614173228347 5681.889763779527 666.1417322834645 88.18897637795276 Dubrunfaut.)
2474.015748031496 5681.889763779527 166.9291338582677 88.18897637795276 —
2507.0866141732286 5681.889763779527 133.85826771653544 88.18897637795276 P.

1269.291338582677 5801.574803149606 283.46456692913387 67.71653543307086 Ordre
1458.267716535433 5801.574803149606 188.9763779527559 67.71653543307086 de
1552.755905511811 5801.574803149606 283.46456692913387 67.71653543307086 payer
1740.1574803149606 5801.574803149606 188.9763779527559 67.71653543307086 la
1834.6456692913387 5801.574803149606 283.46456692913387 67.71653543307086 somme
2023.6220472440946 5801.574803149606 188.9763779527559 67.71653543307086 de
2118.1102362204724 5801.574803149606 313.38582677165357 67.71653543307086 10,000
2337.0078740157483 5801.574803149606 313.38582677165357 67.71653543307086 livres
2557.48031496063 5801.574803149606 376.37795275590554 67.71653543307086 tournois
2839.3700787401576 5801.574803149606 157.48031496062993 67.71653543307086 à
2870.8661417322833 5801.574803149606 125.98425196850394 67.71653543307086 sa

1209.4488188976377 5867.716535433071 338.5826771653543 67.71653543307086 cousine
1456.6929133858268 5867.716535433071 431.496062992126 67.71653543307086 Jacquemine
1795.275590551181 5867.716535433071 184.251968503937 67.71653543307086 de
1888.1889763779527 5867.716535433071 370.0787401574803 67.71653543307086 Lestrac,
2165.3543307086616 5867.716535433071 277.1653543307087 67.71653543307086 fille
2349.6062992125985 5867.716535433071 184.251968503937 67.71653543307086 du
2442.51968503937 5867.716535433071 277.1653543307087 67.71653543307086 comte
2626.771653543307 5867.716535433071 184.251968503937 67.71653543307086 de
2688.1889763779527 5867.716535433071 308.66141732283467 67.71653543307086 Lestrac,

1212.5984251968505 5933.858267716535 206.29921259842519 70.86614173228347 «en
1330.708661417323 5933.858267716535 294.48818897637796 70.86614173228347 faveur
1537.007874015748 5933.858267716535 176.3779527559055 70.86614173228347 de
1625.1968503937007 5933.858267716535 206.29921259842519 70.86614173228347 son
1743.3070866141732 5933.858267716535 324.40944881889766 70.86614173228347 mariage
1977.9527559055118 5933.858267716535 352.755905511811 70.86614173228347 avecques
2242.51968503937 5933.858267716535 176.3779527559055 70.86614173228347 le
2330.7086614173227 5933.858267716535 234.64566929133858 70.86614173228347 sire
2478.740157480315 5933.858267716535 176.3779527559055 70.86614173228347 de
2537.0078740157483 5933.858267716535 294.48818897637796 70.86614173228347 Mailly.»
