3611 4694
718 614 412 66 4
882 614 742 66 CHEFS
1377 614 494 66 DE
1624 614 1319 66 GOUVERNEMENT
2613 614 412 66 S.1

764 905 229 61 ★3★
895 905 295 61 MARIE
1092 905 393 61 D’ANJOU,
1387 905 197 61 n.
1485 905 197 61 14
1584 905 361 61 octobre
1846 905 295 61 1404,
2043 905 295 61 fille
2239 905 197 61 du
2338 905 229 61 duc
2469 905 361 61 d’Anjou
2731 905 295 61 Louis
2895 905 131 61 II

770 972 174 63 et
857 972 376 63 d’Yolande
1146 972 376 63 d’Aragon,
1436 972 261 63 femme
1610 972 174 63 de
1696 972 318 63 Charles
1928 972 203 63 VII
2044 972 289 63 (avril
2246 972 289 63 1422),
2449 972 174 63 m.
2536 972 232 63 dans
2681 972 347 63 l’abbaye
2912 972 116 63 de

770 1038 408 64 Chatelliers
1096 1038 163 64 en
1177 1038 299 64 Poitou,
1395 1038 163 64 29
1476 1038 326 64 novembre
1694 1038 190 64 1463.

824 1128 141 51 P.
895 1128 165 51 S.;
989 1128 519 51 Montilz-lès-Tours,
1437 1128 141 51 11
1508 1128 165 51 mai
1602 1128 212 51 1452,
1744 1128 165 51 1/2
1838 1128 141 51 p.
1909 1128 189 51 in-4
2003 1128 212 51 oblong.

777 1184 210 50 Rognée
924 1184 168 50 dans
1029 1184 147 50 une
1113 1184 210 50 marge.
1259 1184 336 50 <i>Rare.</i>
1532 1184 105 50 —
1553 1184 84 50 P.

813 1261 154 40 Elle
909 1261 231 40 s'engage
1082 1261 96 40 à
1121 1261 173 40 faire
1236 1261 173 40 payer
1351 1261 96 40 à
1390 1261 154 40 Jean
1486 1261 250 40 Pasquier.
1678 1261 231 40 receveur
1852 1261 115 40 du
1909 1261 173 40 quart
2025 1261 115 40 du
2082 1261 135 40 sel
2140 1261 77 40 de

776 1303 217 41 Poitou,
934 1303 119 41 la
994 1303 178 41 somme
1112 1303 119 41 de
1172 1303 178 41 vingt
1290 1303 158 41 écus
1389 1303 138 41 que
1468 1303 237 41 celui-ci
1646 1303 138 41 lui
1725 1303 99 41 a
1764 1303 217 41 baillée
1923 1303 237 41 comptant
2081 1303 138 41 «pour

777 1346 152 38 faire
879 1346 169 38 nostre
997 1346 186 38 plaisir
1133 1346 102 38 et
1167 1346 203 38 voulenté.»

766 1455 208 65 ★4★
885 1455 268 65 LOUIS
1064 1455 208 65 XI,
1183 1455 179 65 n.
1272 1455 149 65 à
1332 1455 357 65 Bourges,
1600 1455 149 65 3
1659 1455 328 65 juillet
1898 1455 268 65 1423,
2076 1455 208 65 roi
2195 1455 179 65 le
2285 1455 179 65 21
2374 1455 328 65 juillet
2612 1455 268 65 1461,
2791 1455 238 65 fils
2910 1455 119 65 et

767 1522 389 62 successeur
1073 1522 167 62 de
1156 1522 305 62 Charles
1378 1522 222 62 VII,
1517 1522 167 62 m.
1600 1522 167 62 au
1683 1522 305 62 château
1905 1522 167 62 du
1988 1522 611 62 Plessis-lès-Tours,
2516 1522 167 62 30
2599 1522 222 62 août
2710 1522 194 62 1483.

822 1613 134 51 L.
889 1613 134 51 S.
955 1613 134 51 au
1022 1613 156 51 duc
1111 1613 134 51 de
1178 1613 201 51 Milan
1312 1613 423 51 (Galeazzo-Maria
1669 1613 245 51 Sforza,
1847 1613 134 51 n.
1914 1613 111 51 à
1958 1613 201 51 Fermo
2092 1613 134 51 en
2159 1613 201 51 1444,
2293 1613 156 51 duc
2382 1613 134 51 en
2449 1613 201 51 1466,
2582 1613 290 51 assassiné
2805 1613 134 51 le
2872 1613 134 51 26
2917 1613 111 51 dé-

772 1668 216 53 cembre
924 1668 216 53 1476);
1075 1668 302 53 Orléans,27
1312 1668 173 53 mars
1420 1668 237 53 (1467),
1593 1668 151 53 1/2
1679 1668 130 53 p.
1744 1668 173 53 in-4
1852 1668 237 53 oblong,
2024 1668 237 53 cachet.
2197 1668 108 53 —
2219 1668 86 53 P.

808 1746 199 42 Lettre
948 1746 120 42 de
1008 1746 219 42 créance
1167 1746 160 42 pour
1267 1746 199 42 Gaston
1406 1746 120 42 du
1466 1746 180 42 Lyon,
1586 1746 239 42 sénéchal
1765 1746 120 42 de
1825 1746 279 42 Saintonge,
2045 1746 120 42 et
2105 1746 160 42 Jean
2184 1746 120 42 Phi-

771 1788 207 42 lippe,
916 1788 270 42 président
1124 1788 145 42 des
1207 1788 228 42 Comptes
1373 1788 124 42 du
1435 1788 270 42 Dauphiné.
1642 1788 187 42 «Nous
1767 1788 249 42 envoyons
1953 1788 332 42 présentement
2202 1788 104 42 par

773 1830 196 34 devers
911 1830 157 34 vous
1009 1830 137 34 nos
1087 1830 157 34 amez
1185 1830 118 34 et
1244 1830 196 34 féaulx
1382 1830 314 34 conseilliers
1637 1830 196 34 Gaston
1774 1830 118 34 du
1833 1830 177 34 Léon,
1951 1830 196 34 nostre
2069 1830 235 34 chambellan

773 1869 115 43 et
830 1869 249 43 seneschal
1022 1869 115 43 de
1079 1869 268 43 Xaintonge,
1290 1869 115 43 et
1347 1869 211 43 maistre
1501 1869 172 43 Jehan
1616 1869 268 43 Phelippes,
1826 1869 249 43 présidant
2018 1869 115 43 de
2075 1869 134 43 noz
2133 1869 172 43 comptes

772 1911 119 42 du
832 1911 258 42 Dauphiné,
1031 1911 239 42 ausquelz
1210 1911 179 42 avons
1329 1911 219 42 chargié
1488 1911 159 42 vous
1587 1911 159 42 dire
1687 1911 119 42 de
1746 1911 139 42 par
1826 1911 159 42 nous
1925 1911 219 42 aucunes
2084 1911 219 42 choses.
2223 1911 80 42 Si

774 1950 142 46 vous
863 1950 142 46 prie
952 1950 125 46 que
1023 1950 125 46 les
1095 1950 214 46 veuillés
1255 1950 178 46 croire
1379 1950 107 46 et
1433 1950 231 46 adjouster
1611 1950 178 46 plaine
1735 1950 125 46 foy
1807 1950 107 46 et
1860 1950 196 46 créance
2002 1950 89 46 à
2038 1950 107 46 ce
2091 1950 178 46 qu'ilz
2198 1950 107 46 vous

772 1992 202 45 diront
913 1992 121 45 de
974 1992 202 45 nostre
1115 1992 242 45 part...»
1297 1992 101 45 —
1337 1992 222 45 (Gaston
1499 1992 121 45 du
1559 1992 161 45 Lyon
1660 1992 182 45 avait
1781 1992 141 45 été
1862 1992 121 45 un
1922 1992 141 45 des
2003 1992 222 45 fidèles
2145 1992 161 45 servi-

771 2033 179 45 teurs
891 2033 119 45 du
950 2033 219 45 dauphin
1110 2033 179 45 Louis
1229 2033 119 45 et
1289 2033 119 45 il
1348 2033 119 45 en
1408 2033 179 45 avait
1528 2033 139 45 été
1607 2033 299 45 récompensé,
1846 2033 159 45 lors
1946 2033 119 45 de
2005 2033 299 45 l’avènement
2224 2033 80 45 de

773 2075 174 46 Louis
889 2075 136 46 XI,
966 2075 136 46 par
1044 2075 116 46 la
1102 2075 194 46 charge
1237 2075 116 46 de
1295 2075 232 46 sénéchal
1470 2075 116 46 de
1528 2075 271 46 Saintonge.
1741 2075 116 46 Il
1799 2075 213 46 devint,
1954 2075 116 46 en
2012 2075 174 46 1469,
2108 2075 194 46 sénéchal

772 2125 116 39 de
830 2125 232 39 Toulouse
1004 2125 116 39 et
1062 2125 194 39 mourut
1197 2125 174 39 après
1294 2125 155 39 1490.)

758 2226 222 70 ★5★
885 2226 348 70 CHARLES
1138 2226 285 70 VIII,
1328 2226 190 70 n.
1424 2226 158 70 à
1487 2226 380 70 Amboise,
1772 2226 190 70 30
1867 2226 253 70 juin
2025 2226 285 70 1470,
2215 2226 253 70 fils
2374 2226 190 70 du
2469 2226 443 70 précédent,
2817 2226 222 70 roi
2912 2226 127 70 le

764 2303 165 64 30
847 2303 220 64 août
985 2303 248 64 1483,
1150 2303 165 64 m.
1232 2303 138 64 à
1287 2303 330 64 Amboise,
1535 2303 138 64 7
1590 2303 248 64 avril
1727 2303 193 64 1498.

813 2393 137 55 L.
882 2393 137 55 S.
951 2393 160 55 aux
1042 2393 344 55 conseillers
1317 2393 137 55 et
1386 2393 183 55 gens
1500 2393 137 55 de
1569 2393 160 55 ses
1661 2393 252 55 comptes
1844 2393 115 55 à
1867 2393 183 55 Paris;

764 2448 267 56 Amboise,
964 2448 111 56 4
1008 2448 244 56 octobre
1186 2448 244 56 (1483),
1363 2448 155 56 3/4
1452 2448 133 56 de
1519 2448 133 56 p.
1586 2448 200 56 in-4.
1719 2448 222 56 Jaunie
1874 2448 155 56 sur
1941 2448 111 56 les

764 2513 280 46 marges.
967 2513 127 46 —
992 2513 102 46 P.

805 2582 163 45 Pièce
913 2582 253 45 historique
1112 2582 109 45 où
1167 2582 109 45 il
1221 2582 145 45 leur
1311 2582 163 45 mande
1420 2582 163 45 qu’il
1528 2582 163 45 vient
1637 2582 109 45 de
1691 2582 181 45 donner
1818 2582 90 45 à
1854 2582 199 45 Jacques
1981 2582 72 45 de

769 2626 193 41 Coitier
910 2626 123 41 (le
980 2626 193 41 célèbre
1121 2626 193 41 médecin
1261 2626 105 41 et
1314 2626 246 41 conseiller
1507 2626 105 41 de
1560 2626 158 41 Louis
1665 2626 123 41 XI)
1736 2626 211 41 l’office
1894 2626 105 41 de
1929 2626 123 41 vice-

769 2667 249 45 président
961 2667 115 45 de
1018 2667 115 45 la
1076 2667 211 45 Chambre
1229 2667 134 45 des
1306 2667 230 45 Comptes.
1479 2667 134 45 «Et
1555 2667 153 45 pour
1651 2667 115 45 ce
1709 2667 134 45 que
1785 2667 173 45 ledit
1881 2667 173 45 maistre

767 2712 205 43 Jacques
917 2712 93 43 a
954 2712 149 43 bien
1047 2712 112 43 et
1103 2712 261 43 loyaulment
1308 2712 168 43 servy
1420 2712 131 43 feu
1495 2712 186 43 nostre
1625 2712 149 43 très
1718 2712 168 43 chier
1830 2712 224 43 seigneur
1979 2712 75 43 et

770 2757 153 39 père
866 2757 134 39 que
942 2757 153 39 Dieu
1038 2757 230 39 absoille
1210 2757 211 39 jusques
1364 2757 96 39 à
1402 2757 192 39 l’eure
1536 2757 115 39 de
1593 2757 134 39 son
1670 2757 211 39 trespas
1823 2757 115 39 et
1881 2757 134 39 que
1938 2757 115 39 nous

768 2794 221 43 désirons
933 2794 110 43 le
988 2794 239 43 pourveoir
1172 2794 202 43 d’estat
1319 2794 147 43 dont
1411 2794 110 43 il
1466 2794 184 43 puisse
1595 2794 349 43 honnourablement
1870 2794 184 43 emploier

768 2838 143 39 ses
849 2838 184 39 jours
972 2838 123 39 en
1033 2838 204 39 nostre
1176 2838 245 39 service,
1360 2838 163 39 nous
1462 2838 163 39 vous
1564 2838 225 39 mandons
1727 2838 123 39 et
1768 2838 286 39 expressément

770 2882 253 39 enjoignons
969 2882 144 39 que,
1059 2882 181 39 toutes
1185 2882 271 39 excusations
1402 2882 108 39 et
1456 2882 199 39 faveurs
1601 2882 217 39 cessans,
1763 2882 144 39 vous
1853 2882 108 39 le
1889 2882 163 39 recevez

769 2921 158 43 oudit
875 2921 246 43 office...»
1068 2921 88 43 —
1103 2921 211 43 (Coitier
1261 2921 176 43 devint
1384 2921 141 43 plus
1472 2921 141 43 tard
1560 2921 228 43 président
1736 2921 105 43 de
1788 2921 105 43 la
1841 2921 193 43 Chambre
1964 2921 88 43 des

769 2968 227 38 Comptes.
939 2968 114 38 Il
996 2968 189 38 mourut
1129 2968 95 38 à
1166 2968 170 38 Paris
1280 2968 151 38 vers
1356 2968 151 38 1505.)

755 3076 217 68 ★6★
879 3076 248 68 ANNE
1034 3076 186 68 DE
1127 3076 403 68 BRETAGNE,
1438 3076 186 68 n.
1531 3076 155 68 à
1593 3076 341 68 Nantes,
1841 3076 186 68 26
1934 3076 341 68 janvier
2182 3076 279 68 1477,
2368 3076 372 68 duchesse
2648 3076 186 68 de
2710 3076 310 68 Bretagne

760 3152 149 66 (9
835 3152 324 66 septembre
1084 3152 249 66 1488),
1258 3152 224 66 fille
1408 3152 149 66 du
1483 3152 174 66 duc
1582 3152 299 66 François
1781 3152 125 66 II,

758 3223 252 59 femme
926 3223 168 59 de
1010 3223 308 59 Charles
1234 3223 224 59 VIII
1373 3223 168 59 (6
1457 3223 336 59 décembre
1681 3223 224 59 1491),

760 3291 218 61 puis
896 3291 163 61 de
978 3291 245 61 Louis
1141 3291 191 61 XII
1250 3291 163 61 (7
1332 3291 300 61 janvier
1550 3291 272 61 1499),
1741 3291 163 61 m.
1795 3291 109 61 au

760 3357 287 61 château
969 3357 157 61 de
1047 3357 261 61 Blois,
1230 3357 131 61 9
1282 3357 287 61 janvier
1465 3357 183 61 1514.

815 3446 136 51 L.
883 3446 159 51 S.,
974 3446 159 51 sur
1065 3446 227 51 vélin,
1224 3446 113 51 à
1269 3446 204 51 Raoul
1405 3446 272 51 Hurault,
1609 3446 295 51 trésorier
1813 3446 91 51 et

766 3499 263 52 receveur
963 3499 241 52 général
1138 3499 131 52 de
1204 3499 153 52 ses
1292 3499 285 52 finances;
1511 3499 219 52 Blois,
1664 3499 131 52 14
1708 3499 197 52 juillet

776 3553 175 56 1508,
892 3553 136 56 1/2
970 3553 117 56 p.
1028 3553 214 56 in-fol.
1183 3553 214 56 oblong.
1339 3553 117 56 Un
1397 3553 136 56 peu
1475 3553 214 56 jaunie.
1611 3553 291 56 <i>(Coll.</i>

768 3608 254 56 <i>Fossé
958 3608 254 56 Darcosse
1148 3608 127 56 et
1212 3608 423 56 Dubrunfaut.)</i>
1571 3608 106 56 —
1592 3608 85 56 P.

806 3684 180 43 Ordre
926 3684 120 43 de
986 3684 180 43 payer
1105 3684 120 43 la
1165 3684 180 43 somme
1285 3684 120 43 de
1345 3684 199 43 10,000
1484 3684 199 43 livres
1624 3684 239 43 tournois
1803 3684 100 43 à
1823 3684 80 43 sa

768 3726 215 43 cousine
925 3726 274 43 Jacquemine
1140 3726 117 43 de
1199 3726 235 43 Lestrac,
1375 3726 176 43 fille
1492 3726 117 43 du
1551 3726 176 43 comte
1668 3726 117 43 de
1707 3726 196 43 Lestrac,

770 3768 131 45 «en
845 3768 187 45 faveur
976 3768 112 45 de
1032 3768 131 45 son
1107 3768 206 45 mariage
1256 3768 224 45 avecques
1424 3768 112 45 le
1480 3768 149 45 sire
1574 3768 112 45 de
1611 3768 187 45 Mailly.»
