15738.582677165354 7355.905511811024
10883.464566929133 992.1259842519685 907.0866141732283 88.18897637795276 S.1
11401.574803149606 992.1259842519685 1165.3543307086613 88.18897637795276 CHEFS
12177.952755905511 992.1259842519685 777.9527559055118 88.18897637795276 DE
12566.929133858268 992.1259842519685 2072.4409448818897 88.18897637795276 GOUVERNEMENT
14121.259842519685 992.1259842519685 388.9763779527559 88.18897637795276 5

10962.204724409448 1439.3700787401574 322.8346456692913 114.96062992125984 ★7★
11146.456692913385 1439.3700787401574 414.1732283464567 114.96062992125984 LOUIS
11422.047244094489 1439.3700787401574 368.503937007874 114.96062992125984 XII,
11653.543307086615 1439.3700787401574 277.1653543307087 114.96062992125984 n.
11790.551181102363 1439.3700787401574 229.92125984251967 114.96062992125984 à
11883.464566929133 1439.3700787401574 461.4173228346457 114.96062992125984 Blois,
12206.299212598426 1439.3700787401574 277.1653543307087 114.96062992125984 27
12344.88188976378 1439.3700787401574 368.503937007874 114.96062992125984 juin
12574.8031496063 1439.3700787401574 414.1732283464567 114.96062992125984 1462,
12851.968503937007 1439.3700787401574 322.8346456692913 114.96062992125984 duc
13036.220472440946 1439.3700787401574 645.6692913385826 114.96062992125984 d'Orléans,
13541.732283464567 1439.3700787401574 322.8346456692913 114.96062992125984 roi
13727.55905511811 1439.3700787401574 277.1653543307087 114.96062992125984 le
13864.566929133858 1439.3700787401574 229.92125984251967 114.96062992125984 7
13957.48031496063 1439.3700787401574 414.1732283464567 114.96062992125984 avril
14187.401574803149 1439.3700787401574 322.8346456692913 114.96062992125984 1498,

10968.503937007874 1552.755905511811 251.96850393700788 97.63779527559055 m.
11094.488188976378 1552.755905511811 211.0236220472441 97.63779527559055 à
11179.527559055117 1552.755905511811 420.4724409448819 97.63779527559055 Paris,
11474.015748031496 1552.755905511811 211.0236220472441 97.63779527559055 1
11557.48031496063 1552.755905511811 462.99212598425197 97.63779527559055 janvier
11851.968503937007 1552.755905511811 294.48818897637796 97.63779527559055 1515.

11055.11811023622 1686.6141732283465 211.0236220472441 86.61417322834646 L.
11160.629921259842 1686.6141732283465 247.24409448818898 86.61417322834646 S.,
11300.787401574804 1686.6141732283465 281.8897637795276 86.61417322834646 avec
11477.16535433071 1686.6141732283465 211.0236220472441 86.61417322834646 la
11582.677165354331 1686.6141732283465 563.7795275590552 86.61417322834646 souscription
12040.944881889764 1686.6141732283465 529.1338582677165 86.61417322834646 autographe,
12464.566929133858 1686.6141732283465 176.3779527559055 86.61417322834646 à
12499.212598425196 1686.6141732283465 141.73228346456693 86.61417322834646 sa

10974.8031496063 1773.2283464566929 305.51181102362204 88.18897637795276 fille
11179.527559055117 1773.2283464566929 373.2283464566929 88.18897637795276 (Claude
11450.393700787401 1773.2283464566929 203.1496062992126 88.18897637795276 de
11552.75590551181 1773.2283464566929 407.87401574803147 88.18897637795276 France);
11858.267716535433 1773.2283464566929 305.51181102362204 88.18897637795276 Madon
12061.417322834646 1773.2283464566929 305.51181102362204 88.18897637795276 (près
12264.566929133858 1773.2283464566929 203.1496062992126 88.18897637795276 de
12332.28346456693 1773.2283464566929 305.51181102362204 88.18897637795276 Blois),

10974.8031496063 1858.267716535433 231.49606299212599 89.76377952755905 16
11091.338582677165 1858.267716535433 541.7322834645669 89.76377952755905 septembre,
11516.535433070867 1858.267716535433 270.86614173228344 89.76377952755905 1/2
11672.44094488189 1858.267716535433 231.49606299212599 89.76377952755905 p.
11787.401574803149 1858.267716535433 310.23622047244095 89.76377952755905 in-4
11981.102362204725 1858.267716535433 425.1968503937008 89.76377952755905 oblong,
12291.338582677165 1858.267716535433 348.0314960629921 89.76377952755905 trace
12485.03937007874 1858.267716535433 154.33070866141733 89.76377952755905 de

10966.929133858268 1952.755905511811 414.1732283464567 58.267716535433074 cachet.
11267.71653543307 1952.755905511811 188.9763779527559 58.267716535433074 —
11305.511811023622 1952.755905511811 151.1811023622047 58.267716535433074 P.

11033.070866141732 2044.0944881889764 258.26771653543307 62.99212598425197 Belle
11204.72440944882 2044.0944881889764 286.61417322834643 62.99212598425197 lettre
11406.299212598426 2044.0944881889764 344.88188976377955 62.99212598425197 relative
11664.566929133858 2044.0944881889764 143.30708661417322 62.99212598425197 à
11721.259842519685 2044.0944881889764 344.88188976377955 62.99212598425197 l’évêché
11979.527559055117 2044.0944881889764 171.6535433070866 62.99212598425197 de
12066.141732283464 2044.0944881889764 401.5748031496063 62.99212598425197 Comminges.
12381.102362204725 2044.0944881889764 171.6535433070866 62.99212598425197 En
12437.795275590552 2044.0944881889764 201.5748031496063 62.99212598425197 voici

10979.527559055117 2121.259842519685 165.35433070866142 47.24409448818898 le
11036.220472440946 2121.259842519685 220.4724409448819 47.24409448818898 texte:

11036.220472440946 2176.3779527559054 193.70078740157481 74.01574803149606 «Ma
11148.031496062993 2176.3779527559054 275.59055118110234 74.01574803149606 fille,
11340.157480314962 2176.3779527559054 220.4724409448819 74.01574803149606 j’ay
11478.740157480315 2176.3779527559054 248.8188976377953 74.01574803149606 receu
11644.094488188977 2176.3779527559054 193.70078740157481 74.01574803149606 voz
11754.330708661417 2176.3779527559054 303.93700787401576 74.01574803149606 lectres
11974.8031496063 2176.3779527559054 193.70078740157481 74.01574803149606 par
12085.03937007874 2176.3779527559054 165.35433070866142 74.01574803149606 ce
12166.929133858268 2176.3779527559054 303.93700787401576 74.01574803149606 porteur
12360.629921259842 2176.3779527559054 275.59055118110234 74.01574803149606 touchant

10974.8031496063 2240.9448818897636 171.6535433070866 75.59055118110236 la
11059.842519685038 2240.9448818897636 258.26771653543307 75.59055118110236 grace
11233.070866141732 2240.9448818897636 171.6535433070866 75.59055118110236 de
11318.110236220473 2240.9448818897636 258.26771653543307 75.59055118110236 ceulx
11491.338582677165 2240.9448818897636 200.0 75.59055118110236 qui
11604.72440944882 2240.9448818897636 200.0 75.59055118110236 ont
11719.685039370079 2240.9448818897636 229.92125984251967 75.59055118110236 esté
11862.992125984252 2240.9448818897636 229.92125984251967 75.59055118110236 pour
12006.299212598426 2240.9448818897636 344.88188976377955 75.59055118110236 l’évêché
12264.566929133858 2240.9448818897636 171.6535433070866 75.59055118110236 de
12322.83464566929 2240.9448818897636 314.96062992125985 75.59055118110236 Comminges

10976.377952755905 2307.0866141732286 225.1968503937008 66.14173228346456 dont
11118.110236220473 2307.0866141732286 196.8503937007874 66.14173228346456 mon
11229.92125984252 2307.0866141732286 253.54330708661416 66.14173228346456 neveu
11398.425196850394 2307.0866141732286 168.50393700787401 66.14173228346456 de
11483.464566929133 2307.0866141732286 225.1968503937008 66.14173228346456 Foix
11623.622047244095 2307.0866141732286 422.0472440944882 66.14173228346456 (l’illustre
11962.204724409448 2307.0866141732286 310.23622047244095 66.14173228346456 Gaston,
12187.401574803149 2307.0866141732286 225.1968503937008 66.14173228346456 fils
12327.55905511811 2307.0866141732286 168.50393700787401 66.14173228346456 de
12412.598425196851 2307.0866141732286 168.50393700787401 66.14173228346456 la
12469.291338582678 2307.0866141732286 168.50393700787401 66.14173228346456 sœur

10973.228346456694 2371.6535433070867 192.1259842519685 72.44094488188976 de
11069.291338582678 2371.6535433070867 288.18897637795277 72.44094488188976 Louis
11261.417322834646 2371.6535433070867 256.6929133858268 72.44094488188976 XII,
11420.472440944883 2371.6535433070867 223.6220472440945 72.44094488188976 tué
11548.031496062993 2371.6535433070867 192.1259842519685 72.44094488188976 en
11644.094488188977 2371.6535433070867 256.6929133858268 72.44094488188976 1512
11804.72440944882 2371.6535433070867 160.62992125984252 72.44094488188976 à
11867.71653543307 2371.6535433070867 192.1259842519685 72.44094488188976 la
11963.779527559054 2371.6535433070867 384.251968503937 72.44094488188976 bataille
12251.968503937007 2371.6535433070867 192.1259842519685 72.44094488188976 de
12316.535433070867 2371.6535433070867 319.68503937007875 72.44094488188976 Ravenne)

10973.228346456694 2437.7952755905512 237.79527559055117 74.01574803149606 vous
11121.259842519685 2437.7952755905512 148.03149606299212 74.01574803149606 a
11181.102362204725 2437.7952755905512 355.90551181102364 74.01574803149606 escript.
11448.818897637795 2437.7952755905512 177.95275590551182 74.01574803149606 Je
11537.007874015748 2437.7952755905512 237.79527559055117 74.01574803149606 suis
11686.614173228347 2437.7952755905512 237.79527559055117 74.01574803149606 bien
11834.645669291338 2437.7952755905512 297.6377952755906 74.01574803149606 d’avys
12042.51968503937 2437.7952755905512 207.8740157480315 74.01574803149606 que
12160.629921259842 2437.7952755905512 177.95275590551182 74.01574803149606 la
12250.393700787401 2437.7952755905512 325.98425196850394 74.01574803149606 donnez.
12488.188976377953 2437.7952755905512 177.95275590551182 74.01574803149606 Et
12546.456692913385 2437.7952755905512 89.76377952755905 74.01574803149606 à

10976.377952755905 2505.511811023622 225.1968503937008 70.86614173228347 tant
11118.110236220473 2505.511811023622 281.8897637795276 70.86614173228347 Nostre
11314.96062992126 2505.511811023622 338.5826771653543 70.86614173228347 Seigneur
11568.503937007874 2505.511811023622 225.1968503937008 70.86614173228347 vous
11708.661417322835 2505.511811023622 196.8503937007874 70.86614173228347 ait
11822.047244094489 2505.511811023622 168.50393700787401 70.86614173228347 en
11907.086614173228 2505.511811023622 168.50393700787401 70.86614173228347 sa
11990.551181102363 2505.511811023622 310.23622047244095 70.86614173228347 saincte
12217.322834645669 2505.511811023622 281.8897637795276 70.86614173228347 garde.
12385.826771653543 2505.511811023622 253.54330708661416 70.86614173228347 Escript

10973.228346456694 2573.228346456693 151.1811023622047 64.56692913385827 à
11033.070866141732 2573.228346456693 272.4409448818898 64.56692913385827 Madon
11215.748031496063 2573.228346456693 182.6771653543307 64.56692913385827 le
11307.086614173228 2573.228346456693 242.51968503937007 64.56692913385827 XVIe
11458.267716535433 2573.228346456693 242.51968503937007 64.56692913385827 jour
11609.448818897637 2573.228346456693 182.6771653543307 64.56692913385827 de
11670.866141732284 2573.228346456693 363.7795275590551 64.56692913385827 septembre.

11751.181102362205 2640.9448818897636 355.90551181102364 61.41732283464567 «Vostre
12009.448818897637 2640.9448818897636 226.77165354330708 61.41732283464567 bon
12105.511811023622 2640.9448818897636 193.70078740157481 61.41732283464567 père

11889.763779527559 2711.8110236220473 335.43307086614175 56.69291338582677 «Loys.»

11028.346456692914 2792.1259842519685 229.92125984251967 69.29133858267717 (Le
11160.629921259842 2792.1259842519685 296.06299212598424 69.29133858267717 comté
11357.48031496063 2792.1259842519685 196.8503937007874 69.29133858267717 de
11456.692913385827 2792.1259842519685 426.7716535433071 69.29133858267717 Comminges
11784.251968503937 2792.1259842519685 296.06299212598424 69.29133858267717 était
11982.677165354331 2792.1259842519685 296.06299212598424 69.29133858267717 situé
12179.527559055117 2792.1259842519685 196.8503937007874 69.29133858267717 en
12277.16535433071 2792.1259842519685 362.20472440944883 69.29133858267717 Guyenne
12508.661417322835 2792.1259842519685 132.28346456692913 69.29133858267717 et

10974.8031496063 2858.267716535433 258.26771653543307 69.29133858267717 avait
11146.456692913385 2858.267716535433 229.92125984251967 69.29133858267717 pour
11291.338582677165 2858.267716535433 344.88188976377955 69.29133858267717 capitale
11549.606299212599 2858.267716535433 546.4566929133858 69.29133858267717 Saint-Bertrand,
12009.448818897637 2858.267716535433 258.26771653543307 69.29133858267717 siège
12182.677165354331 2858.267716535433 229.92125984251967 69.29133858267717 d’un
12325.984251968504 2858.267716535433 288.18897637795277 69.29133858267717 évêché
12499.212598425196 2858.267716535433 143.30708661417322 69.29133858267717 qui

10970.07874015748 2927.5590551181103 278.74015748031496 69.29133858267717 était
11155.905511811023 2927.5590551181103 494.48818897637796 69.29133858267717 généralement
11559.055118110236 2927.5590551181103 278.74015748031496 69.29133858267717 connu
11743.307086614173 2927.5590551181103 247.24409448818898 69.29133858267717 sous
11899.212598425196 2927.5590551181103 185.82677165354332 69.29133858267717 le
11992.125984251968 2927.5590551181103 215.748031496063 69.29133858267717 nom
12114.96062992126 2927.5590551181103 185.82677165354332 69.29133858267717 de
12207.874015748032 2927.5590551181103 433.07086614173227 69.29133858267717 Comminges.
12516.535433070867 2927.5590551181103 124.40944881889764 69.29133858267717 Il

10970.07874015748 2992.1259842519685 264.56692913385825 74.01574803149606 avait
11146.456692913385 2992.1259842519685 206.29921259842519 74.01574803149606 été
11264.566929133858 2992.1259842519685 264.56692913385825 74.01574803149606 réuni
11440.944881889764 2992.1259842519685 146.45669291338584 74.01574803149606 à
11499.212598425196 2992.1259842519685 176.3779527559055 74.01574803149606 la
11587.401574803149 2992.1259842519685 352.755905511811 74.01574803149606 couronne
11851.968503937007 2992.1259842519685 176.3779527559055 74.01574803149606 de
11940.157480314962 2992.1259842519685 292.9133858267717 74.01574803149606 France
12144.88188976378 2992.1259842519685 176.3779527559055 74.01574803149606 le
12233.070866141732 2992.1259842519685 176.3779527559055 74.01574803149606 25
12321.259842519685 2992.1259842519685 234.64566929133858 74.01574803149606 août
12439.370078740158 2992.1259842519685 206.29921259842519 74.01574803149606 1498.

10971.653543307086 3059.8425196850394 244.09448818897638 70.86614173228347 Deux
11122.83464566929 3059.8425196850394 335.43307086614175 70.86614173228347 membres
11366.929133858268 3059.8425196850394 182.6771653543307 70.86614173228347 de
11458.267716535433 3059.8425196850394 182.6771653543307 70.86614173228347 la
11549.606299212599 3059.8425196850394 335.43307086614175 70.86614173228347 famille
11793.700787401574 3059.8425196850394 182.6771653543307 70.86614173228347 de
11885.03937007874 3059.8425196850394 244.09448818897638 70.86614173228347 Foix
12036.220472440946 3059.8425196850394 335.43307086614175 70.86614173228347 avaient
12280.314960629921 3059.8425196850394 212.5984251968504 70.86614173228347 été
12371.653543307086 3059.8425196850394 274.01574803149606 70.86614173228347 évêques

10970.07874015748 3125.984251968504 179.5275590551181 72.44094488188976 de
11059.842519685038 3125.984251968504 418.8976377952756 72.44094488188976 Comminges,
11388.976377952757 3125.984251968504 329.13385826771656 72.44094488188976 Pierre,
11628.346456692914 3125.984251968504 179.5275590551181 72.44094488188976 de
11718.110236220473 3125.984251968504 239.37007874015748 72.44094488188976 1422
11866.141732283464 3125.984251968504 149.60629921259843 72.44094488188976 à
11925.984251968504 3125.984251968504 269.29133858267716 72.44094488188976 1440,
12105.511811023622 3125.984251968504 179.5275590551181 72.44094488188976 et
12165.354330708662 3125.984251968504 478.74015748031496 72.44094488188976 Jean

10970.07874015748 3193.700787401575 193.70078740157481 70.86614173228347 de
11066.141732283464 3193.700787401575 258.26771653543307 70.86614173228347 1471
11226.771653543306 3193.700787401575 160.62992125984252 70.86614173228347 à
11291.338582677165 3193.700787401575 289.76377952755905 70.86614173228347 1501.
11485.03937007874 3193.700787401575 193.70078740157481 70.86614173228347 De
11582.677165354331 3193.700787401575 258.26771653543307 70.86614173228347 plus
11743.307086614173 3193.700787401575 193.70078740157481 70.86614173228347 le
11840.944881889764 3193.700787401575 289.76377952755905 70.86614173228347 comté
12034.645669291338 3193.700787401575 193.70078740157481 70.86614173228347 de
12130.708661417322 3193.700787401575 418.8976377952756 70.86614173228347 Comminges
12422.047244094489 3193.700787401575 225.1968503937008 70.86614173228347 était

10974.8031496063 3259.8425196850394 390.5511811023622 70.86614173228347 limitrophe
11281.889763779527 3259.8425196850394 166.9291338582677 70.86614173228347 du
11365.354330708662 3259.8425196850394 223.6220472440945 70.86614173228347 pays
11505.511811023622 3259.8425196850394 166.9291338582677 70.86614173228347 de
11588.976377952757 3259.8425196850394 250.39370078740157 70.86614173228347 Foix.
11755.905511811023 3259.8425196850394 195.2755905511811 70.86614173228347 Ces
11867.71653543307 3259.8425196850394 223.6220472440945 70.86614173228347 deux
12007.874015748032 3259.8425196850394 250.39370078740157 70.86614173228347 faits
12174.8031496063 3259.8425196850394 390.5511811023622 70.86614173228347 expliquent
12453.543307086615 3259.8425196850394 195.2755905511811 70.86614173228347 l’in-

10973.228346456694 3329.1338582677167 404.7244094488189 56.69291338582677 tervention
11289.763779527559 3329.1338582677167 231.49606299212599 56.69291338582677 d’un
11434.645669291338 3329.1338582677167 288.18897637795277 56.69291338582677 membre
11636.220472440946 3329.1338582677167 173.22834645669292 56.69291338582677 de
11722.83464566929 3329.1338582677167 259.84251968503935 56.69291338582677 cette
11896.062992125984 3329.1338582677167 346.45669291338584 56.69291338582677 illustre
12155.905511811023 3329.1338582677167 318.1102362204724 56.69291338582677 famille
12387.401574803149 3329.1338582677167 173.22834645669292 56.69291338582677 en
12445.669291338583 3329.1338582677167 201.5748031496063 56.69291338582677 cette

10948.031496062993 3396.850393700787 329.13385826771656 59.84251968503937 occasion.)

10957.48031496063 3538.582677165354 229.92125984251967 113.38582677165354 ★
11048.818897637795 3538.582677165354 229.92125984251967 113.38582677165354 8
11141.732283464567 3538.582677165354 229.92125984251967 113.38582677165354 ★
11233.070866141732 3538.582677165354 551.1811023622047 113.38582677165354 FRANÇOIS
11647.24409448819 3538.582677165354 275.59055118110234 113.38582677165354 I,
11784.251968503937 3538.582677165354 275.59055118110234 113.38582677165354 n.
11922.83464566929 3538.582677165354 229.92125984251967 113.38582677165354 à
12014.173228346457 3538.582677165354 505.51181102362204 113.38582677165354 Cognac,
12382.677165354331 3538.582677165354 275.59055118110234 113.38582677165354 12
12519.685039370079 3538.582677165354 596.8503937007874 113.38582677165354 septembre
12979.527559055117 3538.582677165354 414.1732283464567 113.38582677165354 1494,
13255.11811023622 3538.582677165354 414.1732283464567 113.38582677165354 comte
13530.708661417322 3538.582677165354 735.4330708661417 113.38582677165354 d’Angoulême,
14129.133858267716 3538.582677165354 366.92913385826773 113.38582677165354 fils
14311.811023622047 3538.582677165354 184.251968503937 113.38582677165354 de

10963.779527559054 3640.9448818897636 429.9212598425197 111.81102362204724 Louise
11264.566929133858 3640.9448818897636 258.26771653543307 111.81102362204724 de
11393.700787401574 3640.9448818897636 474.01574803149606 111.81102362204724 Savoie,
11737.007874015748 3640.9448818897636 300.78740157480314 111.81102362204724 roi
11910.236220472441 3640.9448818897636 258.26771653543307 111.81102362204724 le
12039.370078740158 3640.9448818897636 215.748031496063 111.81102362204724 1
12124.409448818898 3640.9448818897636 474.01574803149606 111.81102362204724 janvier
12469.291338582678 3640.9448818897636 387.40157480314963 111.81102362204724 1515,
12727.55905511811 3640.9448818897636 258.26771653543307 111.81102362204724 m.
12856.692913385827 3640.9448818897636 215.748031496063 111.81102362204724 à
12941.732283464567 3640.9448818897636 688.1889763779527 111.81102362204724 Rambouillet,
13502.36220472441 3640.9448818897636 258.26771653543307 111.81102362204724 31
13629.92125984252 3640.9448818897636 344.88188976377955 111.81102362204724 mars
13803.149606299212 3640.9448818897636 300.78740157480314 111.81102362204724 1547.

11045.669291338583 3771.6535433070867 206.29921259842519 91.33858267716535 L.
11149.606299212599 3771.6535433070867 206.29921259842519 91.33858267716535 A.
11251.968503937007 3771.6535433070867 206.29921259842519 91.33858267716535 S.
11355.905511811023 3771.6535433070867 171.6535433070866 91.33858267716535 à
11425.1968503937 3771.6535433070867 481.8897637795276 91.33858267716535 l’empereur
11803.149606299212 3771.6535433070867 620.4724409448819 91.33858267716535 Charles-Quint;
12319.685039370079 3771.6535433070867 275.59055118110234 91.33858267716535 (fin
12491.338582677165 3771.6535433070867 275.59055118110234 91.33858267716535 mars
12664.566929133858 3771.6535433070867 344.88188976377955 91.33858267716535 1526),
12905.511811023622 3771.6535433070867 240.9448818897638 91.33858267716535 1/2
13042.51968503937 3771.6535433070867 206.29921259842519 91.33858267716535 p.
13146.456692913385 3771.6535433070867 310.23622047244095 91.33858267716535 in-4.
13352.75590551181 3771.6535433070867 447.244094488189 91.33858267716535 (Coll.
13697.63779527559 3771.6535433070867 585.8267716535433 91.33858267716535 Chambry.)
14179.527559055117 3771.6535433070867 171.6535433070866 91.33858267716535 —
14214.173228346457 3771.6535433070867 137.00787401574803 91.33858267716535 P.

11029.92125984252 3880.314960629921 385.8267716535433 77.16535433070867 Précieuse
11325.984251968504 3880.314960629921 296.06299212598424 77.16535433070867 lettre
11533.858267716536 3880.314960629921 296.06299212598424 77.16535433070867 écrite
11741.732283464567 3880.314960629921 266.1417322834646 77.16535433070867 après
11919.685039370079 3880.314960629921 177.95275590551182 77.16535433070867 sa
12007.874015748032 3880.314960629921 237.79527559055117 77.16535433070867 mise
12155.905511811023 3880.314960629921 177.95275590551182 77.16535433070867 en
12245.669291338583 3880.314960629921 355.90551181102364 77.16535433070867 liberté.
12511.811023622047 3880.314960629921 385.8267716535433 77.16535433070867 «Monsyeur
12807.874015748032 3880.314960629921 207.8740157480315 77.16535433070867 mon
12927.55905511811 3880.314960629921 207.8740157480315 77.16535433070867 bon
13045.669291338583 3880.314960629921 296.06299212598424 77.16535433070867 frère,
13253.543307086615 3880.314960629921 355.90551181102364 77.16535433070867 j'envoye
13519.685039370079 3880.314960629921 177.95275590551182 77.16535433070867 ce
13607.874015748032 3880.314960629921 325.98425196850394 77.16535433070867 porteur
13845.669291338583 3880.314960629921 207.8740157480315 77.16535433070867 mon
13963.779527559054 3880.314960629921 414.1732283464567 77.16535433070867 secretayre
14259.842519685038 3880.314960629921 237.79527559055117 77.16535433070867 devers

10970.07874015748 3944.8818897637793 239.37007874015748 78.74015748031496 vous
11119.685039370079 3944.8818897637793 239.37007874015748 78.74015748031496 pour
11269.291338582678 3944.8818897637793 239.37007874015748 78.74015748031496 vous
11418.897637795275 3944.8818897637793 269.29133858267716 78.74015748031496 fayre
11596.850393700788 3944.8818897637793 359.0551181102362 78.74015748031496 entendre
11866.141732283464 3944.8818897637793 209.4488188976378 78.74015748031496 mon
11985.826771653543 3944.8818897637793 329.13385826771656 78.74015748031496 arryvée
12225.1968503937 3944.8818897637793 179.5275590551181 78.74015748031496 et
12314.96062992126 3944.8818897637793 239.37007874015748 78.74015748031496 ausy
12464.566929133858 3944.8818897637793 179.5275590551181 78.74015748031496 de
12554.330708661417 3944.8818897637793 209.4488188976378 78.74015748031496 mes
12674.015748031496 3944.8818897637793 418.8976377952756 78.74015748031496 nouvelles,
13001.574803149606 3944.8818897637793 239.37007874015748 78.74015748031496 vous
13151.181102362205 3944.8818897637793 299.21259842519686 78.74015748031496 pryant
13360.629921259842 3944.8818897637793 179.5275590551181 78.74015748031496 le
13450.393700787401 3944.8818897637793 299.21259842519686 78.74015748031496 croyre
13659.842519685038 3944.8818897637793 179.5275590551181 78.74015748031496 de
13749.606299212599 3944.8818897637793 179.5275590551181 78.74015748031496 ce
13839.370078740158 3944.8818897637793 269.29133858267716 78.74015748031496 qu’il
14017.322834645669 3944.8818897637793 239.37007874015748 78.74015748031496 vous
14166.929133858268 3944.8818897637793 239.37007874015748 78.74015748031496 dyra
14316.535433070867 3944.8818897637793 179.5275590551181 78.74015748031496 de
14376.377952755905 3944.8818897637793 119.68503937007874 78.74015748031496 ma

10971.653543307086 4009.448818897638 256.6929133858268 70.86614173228347 part,
11143.307086614173 4009.448818897638 171.6535433070866 70.86614173228347 et
11228.346456692914 4009.448818897638 228.3464566929134 70.86614173228347 vous
11370.07874015748 4009.448818897638 256.6929133858268 70.86614173228347 ferez
11541.732283464567 4009.448818897638 313.38582677165357 70.86614173228347 playsir
11770.07874015748 4009.448818897638 171.6535433070866 70.86614173228347 à,
11855.11811023622 4009.448818897638 285.03937007874015 70.86614173228347 vostre
12055.11811023622 4009.448818897638 200.0 70.86614173228347 bon
12168.503937007874 4009.448818897638 285.03937007874015 70.86614173228347 frère,
12368.503937007874 4009.448818897638 200.0 70.86614173228347 amy
12483.464566929133 4009.448818897638 171.6535433070866 70.86614173228347 et
12568.503937007874 4009.448818897638 313.38582677165357 70.86614173228347 oblygé,
12768.503937007874 4009.448818897638 341.73228346456693 70.86614173228347 Françoys.»

11029.92125984252 4075.5905511811025 346.45669291338584 72.44094488188976 Derrière
11289.763779527559 4075.5905511811025 259.84251968503935 72.44094488188976 cette
11462.992125984252 4075.5905511811025 288.18897637795277 72.44094488188976 lettre
11664.566929133858 4075.5905511811025 173.22834645669292 72.44094488188976 se
11751.181102362205 4075.5905511811025 288.18897637795277 72.44094488188976 trouve
11952.75590551181 4075.5905511811025 259.84251968503935 72.44094488188976 cette
12125.984251968504 4075.5905511811025 259.84251968503935 72.44094488188976 note:
12299.212598425196 4075.5905511811025 318.1102362204724 72.44094488188976 «Lettre
12530.708661417322 4075.5905511811025 173.22834645669292 72.44094488188976 du
12617.322834645669 4075.5905511811025 201.5748031496063 72.44094488188976 roy
12732.28346456693 4075.5905511811025 173.22834645669292 72.44094488188976 de
12818.897637795275 4075.5905511811025 288.18897637795277 72.44094488188976 France
13020.472440944883 4075.5905511811025 144.88188976377953 72.44094488188976 à
13078.740157480315 4075.5905511811025 433.07086614173227 72.44094488188976 l’Empereur,
13425.1968503937 4075.5905511811025 288.18897637795277 72.44094488188976 receue
13626.771653543306 4075.5905511811025 173.22834645669292 72.44094488188976 le
13713.385826771653 4075.5905511811025 231.49606299212599 72.44094488188976 IIII
13858.267716535433 4075.5905511811025 318.1102362204724 72.44094488188976 d’avril
14088.188976377953 4075.5905511811025 259.84251968503935 72.44094488188976 1526.
14233.070866141732 4075.5905511811025 86.61417322834646 72.44094488188976 »

11028.346456692914 4138.582677165355 360.62992125984255 81.88976377952756 (François
11305.511811023622 4138.582677165355 166.9291338582677 81.88976377952756 I,
11388.976377952757 4138.582677165355 222.04724409448818 81.88976377952756 fait
11527.55905511811 4138.582677165355 387.40157480314963 81.88976377952756 prisonnier
11833.070866141732 4138.582677165355 138.58267716535434 81.88976377952756 à
11888.188976377953 4138.582677165355 166.9291338582677 81.88976377952756 la
11971.653543307086 4138.582677165355 332.2834645669291 81.88976377952756 bataille
12220.472440944883 4138.582677165355 166.9291338582677 81.88976377952756 de
12303.937007874016 4138.582677165355 248.8188976377953 81.88976377952756 Pavie
12469.291338582678 4138.582677165355 166.9291338582677 81.88976377952756 le
12552.75590551181 4138.582677165355 166.9291338582677 81.88976377952756 24
12636.220472440946 4138.582677165355 305.51181102362204 81.88976377952756 février
12858.267716535433 4138.582677165355 248.8188976377953 81.88976377952756 1525,
13023.622047244095 4138.582677165355 248.8188976377953 81.88976377952756 avait
13190.551181102363 4138.582677165355 193.70078740157481 81.88976377952756 été
13300.787401574804 4138.582677165355 248.8188976377953 81.88976377952756 remis
13467.71653543307 4138.582677165355 166.9291338582677 81.88976377952756 en
13551.181102362205 4138.582677165355 305.51181102362204 81.88976377952756 liberté
13771.653543307086 4138.582677165355 166.9291338582677 81.88976377952756 le
13855.11811023622 4138.582677165355 166.9291338582677 81.88976377952756 18
13938.582677165354 4138.582677165355 222.04724409448818 81.88976377952756 mars
14048.818897637795 4138.582677165355 222.04724409448818 81.88976377952756 1526.)

10955.905511811023 4280.314960629921 321.25984251968504 125.98425196850394 ★9★
11140.157480314962 4280.314960629921 414.1732283464567 125.98425196850394 HENRI
11415.748031496063 4280.314960629921 321.25984251968504 125.98425196850394 II,
11598.425196850394 4280.314960629921 275.59055118110234 125.98425196850394 n.
11737.007874015748 4280.314960629921 229.92125984251967 125.98425196850394 à
11828.346456692914 4280.314960629921 1195.275590551181 125.98425196850394 Saint-Germain-en-Laye,
12886.614173228347 4280.314960629921 275.59055118110234 125.98425196850394 31
13023.622047244095 4280.314960629921 366.92913385826773 125.98425196850394 mars
13253.543307086615 4280.314960629921 414.1732283464567 125.98425196850394 1519,
13529.133858267716 4280.314960629921 321.25984251968504 125.98425196850394 roi
13713.385826771653 4280.314960629921 275.59055118110234 125.98425196850394 le
13850.393700787401 4280.314960629921 275.59055118110234 125.98425196850394 31
13988.976377952757 4280.314960629921 366.92913385826773 125.98425196850394 mars
14173.228346456694 4280.314960629921 321.25984251968504 125.98425196850394 1547,

10965.354330708662 4387.40157480315 240.9448818897638 116.53543307086615 m.
11086.614173228347 4387.40157480315 201.5748031496063 116.53543307086615 à
11166.929133858268 4387.40157480315 401.5748031496063 116.53543307086615 Paris,
11448.818897637795 4387.40157480315 240.9448818897638 116.53543307086615 le
11568.503937007874 4387.40157480315 240.9448818897638 116.53543307086615 10
11689.763779527559 4387.40157480315 442.5196850393701 116.53543307086615 juillet
12011.023622047243 4387.40157480315 362.20472440944883 116.53543307086615 1559,
12251.968503937007 4387.40157480315 362.20472440944883 116.53543307086615 d’une
12492.913385826772 4387.40157480315 481.8897637795276 116.53543307086615 blessure
12855.11811023622 4387.40157480315 401.5748031496063 116.53543307086615 reçue,
13137.007874015748 4387.40157480315 240.9448818897638 116.53543307086615 le
13256.692913385827 4387.40157480315 240.9448818897638 116.53543307086615 29
13377.952755905511 4387.40157480315 362.20472440944883 116.53543307086615 juin,
13618.897637795275 4387.40157480315 321.25984251968504 116.53543307086615 dans
13820.472440944883 4387.40157480315 240.9448818897638 116.53543307086615 un
13900.787401574804 4387.40157480315 401.5748031496063 116.53543307086615 tournoi.

11053.543307086615 4516.535433070866 196.8503937007874 91.33858267716535 L.
11152.75590551181 4516.535433070866 229.92125984251967 91.33858267716535 S.,
11283.464566929133 4516.535433070866 262.99212598425197 91.33858267716535 avec
11448.818897637795 4516.535433070866 196.8503937007874 91.33858267716535 la
11546.456692913385 4516.535433070866 525.9842519685039 91.33858267716535 souscription
11974.8031496063 4516.535433070866 196.8503937007874 91.33858267716535 et
12074.015748031496 4516.535433070866 296.06299212598424 91.33858267716535 trois
12270.866141732284 4516.535433070866 329.13385826771656 91.33858267716535 lignes
12469.291338582678 4516.535433070866 461.4173228346457 91.33858267716535 autographes,

10970.07874015748 4603.149606299213 177.95275590551182 89.76377952755905 à
11042.51968503937 4603.149606299213 250.39370078740157 89.76377952755905 son
11184.251968503937 4603.149606299213 321.25984251968504 89.76377952755905 oncle
11398.425196850394 4603.149606299213 214.17322834645668 89.76377952755905 le
11505.511811023622 4603.149606299213 250.39370078740157 89.76377952755905 duc
11648.818897637795 4603.149606299213 214.17322834645668 89.76377952755905 de
11755.905511811023 4603.149606299213 392.12598425196853 89.76377952755905 Ferrare
12040.944881889764 4603.149606299213 428.34645669291336 89.76377952755905 (Hercule
12362.204724409448 4603.149606299213 214.17322834645668 89.76377952755905 II
12469.291338582678 4603.149606299213 392.12598425196853 89.76377952755905 d’Este,
12718.110236220473 4603.149606299213 214.17322834645668 89.76377952755905 gen-

10965.354330708662 4686.614173228347 264.56692913385825 89.76377952755905 dre
11116.535433070867 4686.614173228347 226.77165354330708 89.76377952755905 de
11229.92125984252 4686.614173228347 338.5826771653543 89.76377952755905 Louis
11455.11811023622 4686.614173228347 338.5826771653543 89.76377952755905 XII);
11681.889763779527 4686.614173228347 489.76377952755905 89.76377952755905 Offemont,
12058.267716535433 4686.614173228347 188.9763779527559 89.76377952755905 2
12133.858267716536 4686.614173228347 302.3622047244094 89.76377952755905 août
12322.83464566929 4686.614173228347 338.5826771653543 89.76377952755905 1553,
12549.606299212599 4686.614173228347 264.56692913385825 89.76377952755905 3/4
12699.212598425196 4686.614173228347 226.77165354330708 89.76377952755905 de
12774.8031496063 4686.614173228347 151.1811023622047 89.76377952755905 p.

10970.07874015748 4774.8031496062995 433.07086614173227 86.61417322834646 in-fol.,
11296.062992125984 4774.8031496062995 396.8503937007874 86.61417322834646 cachet.
11584.251968503937 4774.8031496062995 181.10236220472441 86.61417322834646 —
11656.692913385827 4774.8031496062995 217.3228346456693 86.61417322834646 P.
11765.354330708662 4774.8031496062995 217.3228346456693 86.61417322834646 de
11837.795275590552 4774.8031496062995 433.07086614173227 86.61417322834646 Moncornet.

11026.771653543306 4881.889763779527 497.6377952755906 66.14173228346456 Remerciements
11436.220472440946 4881.889763779527 204.7244094488189 66.14173228346456 des
11554.330708661417 4881.889763779527 234.64566929133858 66.14173228346456 bons
11699.212598425196 4881.889763779527 321.25984251968504 66.14173228346456 offices
11933.858267716536 4881.889763779527 262.99212598425197 66.14173228346456 qu’il
12108.661417322835 4881.889763779527 204.7244094488189 66.14173228346456 lui
12226.771653543306 4881.889763779527 146.45669291338584 66.14173228346456 a
12285.03937007874 4881.889763779527 292.9133858267717 66.14173228346456 rendus
12489.763779527559 4881.889763779527 204.7244094488189 66.14173228346456 sur
12606.299212598426 4881.889763779527 174.8031496062992 66.14173228346456 la
12664.566929133858 4881.889763779527 262.99212598425197 66.14173228346456 demande

10970.07874015748 4949.606299212598 195.2755905511811 72.44094488188976 de
11067.71653543307 4949.606299212598 390.5511811023622 72.44094488188976 l’évêque
11362.204724409448 4949.606299212598 195.2755905511811 72.44094488188976 de
11459.842519685038 4949.606299212598 325.98425196850394 72.44094488188976 Lodève
11688.188976377953 4949.606299212598 456.6929133858268 72.44094488188976 (Dominique
12045.669291338583 4949.606299212598 195.2755905511811 72.44094488188976 de
12143.307086614173 4949.606299212598 325.98425196850394 72.44094488188976 Gabre,
12371.653543307086 4949.606299212598 325.98425196850394 72.44094488188976 évêque
12600.0 4949.606299212598 195.2755905511811 72.44094488188976 de
12697.63779527559 4949.606299212598 261.4173228346457 72.44094488188976 1547
12828.346456692914 4949.606299212598 97.63779527559055 72.44094488188976 à

10981.102362204725 5015.748031496063 303.93700787401576 74.01574803149606 1557).
11193.700787401574 5015.748031496063 274.01574803149606 74.01574803149606 Henri
11376.377952755905 5015.748031496063 182.6771653543307 74.01574803149606 II
11467.71653543307 5015.748031496063 152.75590551181102 74.01574803149606 a
11527.55905511811 5015.748031496063 303.93700787401576 74.01574803149606 ajouté
11740.157480314962 5015.748031496063 212.5984251968504 74.01574803149606 ces
11861.417322834646 5015.748031496063 242.51968503937007 74.01574803149606 mots
12014.173228346457 5015.748031496063 182.6771653543307 74.01574803149606 de
12105.511811023622 5015.748031496063 182.6771653543307 74.01574803149606 sa
12196.850393700788 5015.748031496063 274.01574803149606 74.01574803149606 main:
12379.527559055117 5015.748031496063 212.5984251968504 74.01574803149606 «Je
12500.787401574804 5015.748031496063 182.6771653543307 74.01574803149606 ne
12592.125984251968 5015.748031496063 242.51968503937007 74.01574803149606 puys
12713.385826771653 5015.748031496063 212.5984251968504 74.01574803149606 tenyr

10970.07874015748 5083.464566929134 188.9763779527559 70.86614173228347 de
11064.566929133858 5083.464566929134 251.96850393700788 70.86614173228347 vous
11222.047244094489 5083.464566929134 283.46456692913387 70.86614173228347 dyre,
11411.023622047243 5083.464566929134 220.4724409448819 70.86614173228347 mon
11538.582677165354 5083.464566929134 314.96062992125985 70.86614173228347 oncle,
11759.055118110236 5083.464566929134 220.4724409448819 70.86614173228347 que
11885.03937007874 5083.464566929134 188.9763779527559 70.86614173228347 je
11979.527559055117 5083.464566929134 188.9763779527559 70.86614173228347 me
12074.015748031496 5083.464566929134 251.96850393700788 70.86614173228347 sens
12231.496062992126 5083.464566929134 251.96850393700788 70.86614173228347 tant
12388.976377952757 5083.464566929134 251.96850393700788 70.86614173228347 tenu
12548.031496062993 5083.464566929134 188.9763779527559 70.86614173228347 et
12642.51968503937 5083.464566929134 314.96062992125985 70.86614173228347 obligé
12831.496062992126 5083.464566929134 94.48818897637796 70.86614173228347 à

10970.07874015748 5146.456692913386 237.79527559055117 77.16535433070867 vous
11118.110236220473 5146.456692913386 207.8740157480315 77.16535433070867 des
11237.795275590552 5146.456692913386 414.1732283464567 77.16535433070867 continuelz
11562.204724409448 5146.456692913386 355.90551181102364 77.16535433070867 plaisirs
11829.92125984252 5146.456692913386 207.8740157480315 77.16535433070867 que
11948.031496062993 5146.456692913386 237.79527559055117 77.16535433070867 vous
12096.062992125984 5146.456692913386 177.95275590551182 77.16535433070867 me
12185.826771653543 5146.456692913386 296.06299212598424 77.16535433070867 faites
12392.125984251968 5146.456692913386 207.8740157480315 77.16535433070867 que
12511.811023622047 5146.456692913386 177.95275590551182 77.16535433070867 je
12600.0 5146.456692913386 237.79527559055117 77.16535433070867 n’en
12718.110236220473 5146.456692913386 207.8740157480315 77.16535433070867 seray

10976.377952755905 5214.173228346457 275.59055118110234 74.01574803149606 jameis
11168.503937007874 5214.173228346457 384.251968503937 74.01574803149606 inguerat.»
11470.866141732284 5214.173228346457 137.00787401574803 74.01574803149606 —
11525.984251968504 5214.173228346457 192.1259842519685 74.01574803149606 (Le
11636.220472440946 5214.173228346457 192.1259842519685 74.01574803149606 duc
11744.88188976378 5214.173228346457 165.35433070866142 74.01574803149606 de
11828.346456692914 5214.173228346457 302.3622047244094 74.01574803149606 Ferrare
12047.24409448819 5214.173228346457 329.13385826771656 74.01574803149606 s’allia,
12294.488188976378 5214.173228346457 165.35433070866142 74.01574803149606 en
12377.952755905511 5214.173228346457 247.24409448818898 74.01574803149606 1556,
12543.307086614173 5214.173228346457 220.4724409448819 74.01574803149606 avec
12680.314960629921 5214.173228346457 247.24409448818898 74.01574803149606 Henri
12817.322834645669 5214.173228346457 110.23622047244095 74.01574803149606 II

10971.653543307086 5283.464566929134 177.95275590551182 72.44094488188976 et
11061.417322834646 5283.464566929134 236.2204724409449 72.44094488188976 Paul
11207.874015748032 5283.464566929134 177.95275590551182 72.44094488188976 IV
11297.63779527559 5283.464566929134 296.06299212598424 72.44094488188976 contre
11503.937007874016 5283.464566929134 206.29921259842519 72.44094488188976 les
11622.047244094489 5283.464566929134 414.1732283464567 72.44094488188976 Espagnols;
11948.031496062993 5283.464566929134 177.95275590551182 72.44094488188976 il
12036.220472440946 5283.464566929134 206.29921259842519 72.44094488188976 fut
12154.330708661417 5283.464566929134 266.1417322834646 72.44094488188976 nommé
12332.28346456693 5283.464566929134 206.29921259842519 72.44094488188976 par
12450.393700787401 5283.464566929134 177.95275590551182 72.44094488188976 le
12538.582677165354 5283.464566929134 236.2204724409449 72.44094488188976 Pape
12656.692913385827 5283.464566929134 266.1417322834646 72.44094488188976 général

10971.653543307086 5351.181102362205 166.9291338582677 70.86614173228347 de
11055.11811023622 5351.181102362205 307.0866141732283 70.86614173228347 l’armée
11278.740157480315 5351.181102362205 166.9291338582677 70.86614173228347 de
11362.204724409448 5351.181102362205 335.43307086614175 70.86614173228347 l’Eglise
11614.173228346457 5351.181102362205 166.9291338582677 70.86614173228347 et
11697.63779527559 5351.181102362205 195.2755905511811 70.86614173228347 par
11809.448818897637 5351.181102362205 166.9291338582677 70.86614173228347 le
11892.913385826772 5351.181102362205 195.2755905511811 70.86614173228347 roi
12004.72440944882 5351.181102362205 166.9291338582677 70.86614173228347 de
12088.188976377953 5351.181102362205 278.74015748031496 70.86614173228347 France
12283.464566929133 5351.181102362205 195.2755905511811 70.86614173228347 son
12366.929133858268 5351.181102362205 557.4803149606299 70.86614173228347 lieutenant

10970.07874015748 5423.622047244095 157.48031496062993 58.267716535433074 en
11023.622047244095 5423.622047244095 262.99212598425197 58.267716535433074 Italie.)

10946.456692913385 5543.307086614173 429.9212598425197 137.00787401574803 ★10★
11215.748031496063 5543.307086614173 699.2125984251968 137.00787401574803 CATHERINE
11752.75590551181 5543.307086614173 322.8346456692913 137.00787401574803 DE
11914.96062992126 5543.307086614173 645.6692913385826 137.00787401574803 MÉDICIS,
12398.425196850394 5543.307086614173 322.8346456692913 137.00787401574803 n.
12560.629921259842 5543.307086614173 269.29133858267716 137.00787401574803 à
12667.71653543307 5543.307086614173 699.2125984251968 137.00787401574803 Florence,
13206.299212598426 5543.307086614173 322.8346456692913 137.00787401574803 13
13366.929133858268 5543.307086614173 485.03937007874015 137.00787401574803 avril
13689.763779527559 5543.307086614173 485.03937007874015 137.00787401574803 1519,
14012.598425196851 5543.307086614173 485.03937007874015 137.00787401574803 femme
14281.889763779527 5543.307086614173 215.748031496063 137.00787401574803 de

10963.779527559054 5670.866141732284 377.9527559055118 121.25984251968504 Henri
11215.748031496063 5670.866141732284 251.96850393700788 121.25984251968504 II
11341.732283464567 5670.866141732284 294.48818897637796 121.25984251968504 (27
11510.236220472441 5670.866141732284 462.99212598425197 121.25984251968504 octobre
11847.24409448819 5670.866141732284 420.4724409448819 121.25984251968504 1533),
12141.732283464567 5670.866141732284 462.99212598425197 121.25984251968504 régente
12477.16535433071 5670.866141732284 462.99212598425197 121.25984251968504 (1560),
12814.173228346457 5670.866141732284 251.96850393700788 121.25984251968504 m.
12940.157480314962 5670.866141732284 251.96850393700788 121.25984251968504 au
13066.141732283464 5670.866141732284 462.99212598425197 121.25984251968504 château
13401.574803149606 5670.866141732284 251.96850393700788 121.25984251968504 de
13527.55905511811 5670.866141732284 420.4724409448819 121.25984251968504 Blois,
13822.047244094489 5670.866141732284 209.4488188976378 121.25984251968504 5
13905.511811023622 5670.866141732284 462.99212598425197 121.25984251968504 janvier
14200.0 5670.866141732284 294.48818897637796 121.25984251968504 1589.

11042.51968503937 5803.149606299213 223.6220472440945 89.76377952755905 L.
11154.330708661417 5803.149606299213 223.6220472440945 89.76377952755905 A.
11266.141732283464 5803.149606299213 223.6220472440945 89.76377952755905 S.
11377.952755905511 5803.149606299213 223.6220472440945 89.76377952755905 «à
11488.188976377953 5803.149606299213 223.6220472440945 89.76377952755905 la
11600.0 5803.149606299213 333.8582677165354 89.76377952755905 royne
11823.622047244095 5803.149606299213 483.46456692913387 89.76377952755905 d’Écosse,
12195.27559055118 5803.149606299213 483.46456692913387 89.76377952755905 douyrière
12565.354330708662 5803.149606299213 223.6220472440945 89.76377952755905 de
12677.16535433071 5803.149606299213 407.87401574803147 89.76377952755905 France,
12974.8031496063 5803.149606299213 371.65354330708664 89.76377952755905 madame
13234.645669291338 5803.149606299213 223.6220472440945 89.76377952755905 ma
13346.456692913385 5803.149606299213 407.87401574803147 89.76377952755905 fille»;
13606.299212598426 5803.149606299213 891.3385826771654 89.76377952755905 Saint

10971.653543307086 5888.188976377953 200.0 88.18897637795276 20
11070.866141732284 5888.188976377953 400.0 88.18897637795276 décembre
11371.653543307086 5888.188976377953 300.78740157480314 88.18897637795276 1583,
11571.653543307086 5888.188976377953 233.0708661417323 88.18897637795276 3/4
11705.511811023622 5888.188976377953 200.0 88.18897637795276 de
11804.72440944882 5888.188976377953 200.0 88.18897637795276 p.
11905.511811023622 5888.188976377953 366.92913385826773 88.18897637795276 in-fol.
12171.653543307086 5888.188976377953 433.07086614173227 88.18897637795276 (Coll.
12505.511811023622 5888.188976377953 667.7165354330708 88.18897637795276 d'Hervilly.)
13072.44094488189 5888.188976377953 166.9291338582677 88.18897637795276 —
13138.582677165354 5888.188976377953 200.0 88.18897637795276 P.
13239.370078740158 5888.188976377953 200.0 88.18897637795276 de
13338.582677165354 5888.188976377953 333.8582677165354 88.18897637795276 Thomas
13573.228346456694 5888.188976377953 200.0 88.18897637795276 de
13639.370078740158 5888.188976377953 200.0 88.18897637795276 Leu.
