9994 4671
6911 630 576 56 S.1
7240 630 740 56 CHEFS
7733 630 494 56 DE
7980 630 1316 56 GOUVERNEMENT
8967 630 247 56 5

6961 914 205 73 ★7★
7078 914 263 73 LOUIS
7253 914 234 73 XII,
7400 914 176 73 n.
7487 914 146 73 à
7546 914 293 73 Blois,
7751 914 176 73 27
7839 914 234 73 juin
7985 914 263 73 1462,
8161 914 205 73 duc
8278 914 410 73 d'Orléans,
8599 914 205 73 roi
8717 914 176 73 le
8804 914 146 73 7
8863 914 263 73 avril
9009 914 205 73 1498,

6965 986 160 62 m.
7045 986 134 62 à
7099 986 267 62 Paris,
7286 986 134 62 1
7339 986 294 62 janvier
7526 986 187 62 1515.

7020 1071 134 55 L.
7087 1071 157 55 S.,
7176 1071 179 55 avec
7288 1071 134 55 la
7355 1071 358 55 souscription
7646 1071 336 55 autographe,
7915 1071 112 55 à
7937 1071 90 55 sa

6969 1126 194 56 fille
7099 1126 237 56 (Claude
7271 1126 129 56 de
7336 1126 259 56 France);
7530 1126 194 56 Madon
7659 1126 194 56 (près
7788 1126 129 56 de
7831 1126 194 56 Blois),

6969 1180 147 57 16
7043 1180 344 57 septembre,
7313 1180 172 57 1/2
7412 1180 147 57 p.
7485 1180 197 57 in-4
7608 1180 270 57 oblong,
7805 1180 221 57 trace
7928 1180 98 57 de

6964 1240 263 37 cachet.
7155 1240 120 37 —
7179 1240 96 37 P.

7006 1298 164 40 Belle
7115 1298 182 40 lettre
7243 1298 219 40 relative
7407 1298 91 40 à
7443 1298 219 40 l’évêché
7607 1298 109 40 de
7662 1298 255 40 Comminges.
7862 1298 109 40 En
7898 1298 128 40 voici

6972 1347 105 30 le
7008 1347 140 30 texte:

7008 1382 123 47 «Ma
7079 1382 175 47 fille,
7201 1382 140 47 j’ay
7289 1382 158 47 receu
7394 1382 123 47 voz
7464 1382 193 47 lectres
7604 1382 123 47 par
7674 1382 105 47 ce
7726 1382 193 47 porteur
7849 1382 175 47 touchant

6969 1423 109 48 la
7023 1423 164 48 grace
7133 1423 109 48 de
7187 1423 164 48 ceulx
7297 1423 127 48 qui
7369 1423 127 48 ont
7442 1423 146 48 esté
7533 1423 146 48 pour
7624 1423 219 48 l’évêché
7788 1423 109 48 de
7825 1423 200 48 Comminges

6970 1465 143 42 dont
7060 1465 125 42 mon
7131 1465 161 42 neveu
7238 1465 107 42 de
7292 1465 143 42 Foix
7381 1465 268 42 (l’illustre
7596 1465 197 42 Gaston,
7739 1465 143 42 fils
7828 1465 107 42 de
7882 1465 107 42 la
7918 1465 107 42 sœur

6968 1506 122 46 de
7029 1506 183 46 Louis
7151 1506 163 46 XII,
7252 1506 142 46 tué
7333 1506 122 46 en
7394 1506 163 46 1512
7496 1506 102 46 à
7536 1506 122 46 la
7597 1506 244 46 bataille
7780 1506 122 46 de
7821 1506 203 46 Ravenne)

6968 1548 151 47 vous
7062 1548 94 47 a
7100 1548 226 47 escript.
7270 1548 113 47 Je
7326 1548 151 47 suis
7421 1548 151 47 bien
7515 1548 189 47 d’avys
7647 1548 132 47 que
7722 1548 113 47 la
7779 1548 207 47 donnez.
7930 1548 113 47 Et
7967 1548 57 47 à

6970 1591 143 45 tant
7060 1591 179 45 Nostre
7185 1591 215 45 Seigneur
7346 1591 143 45 vous
7435 1591 125 45 ait
7507 1591 107 45 en
7561 1591 107 45 sa
7614 1591 197 45 saincte
7758 1591 179 45 garde.
7865 1591 161 45 Escript

6968 1634 96 41 à
7006 1634 173 41 Madon
7122 1634 116 41 le
7180 1634 154 41 XVIe
7276 1634 154 41 jour
7372 1634 116 41 de
7411 1634 231 41 septembre.

7462 1677 226 39 «Vostre
7626 1677 144 39 bon
7687 1677 123 39 père

7550 1722 213 36 «Loys.»

7003 1773 146 44 (Le
7087 1773 188 44 comté
7212 1773 125 44 de
7275 1773 271 44 Comminges
7483 1773 188 44 était
7609 1773 188 44 situé
7734 1773 125 44 en
7796 1773 230 44 Guyenne
7943 1773 84 44 et

6969 1815 164 44 avait
7078 1815 146 44 pour
7170 1815 219 44 capitale
7334 1815 347 44 Saint-Bertrand,
7626 1815 164 44 siège
7736 1815 146 44 d’un
7827 1815 183 44 évêché
7937 1815 91 44 qui

6966 1859 177 44 était
7084 1859 314 44 généralement
7340 1859 177 44 connu
7457 1859 157 44 sous
7556 1859 118 44 le
7615 1859 137 44 nom
7693 1859 118 44 de
7752 1859 275 44 Comminges.
7948 1859 79 44 Il

6966 1900 168 47 avait
7078 1900 131 47 été
7153 1900 168 47 réuni
7265 1900 93 47 à
7302 1900 112 47 la
7358 1900 224 47 couronne
7526 1900 112 47 de
7582 1900 186 47 France
7712 1900 112 47 le
7768 1900 112 47 25
7824 1900 149 47 août
7899 1900 131 47 1498.

6967 1943 155 45 Deux
7063 1943 213 45 membres
7218 1943 116 45 de
7276 1943 116 45 la
7334 1943 213 45 famille
7489 1943 116 45 de
7547 1943 155 45 Foix
7643 1943 213 45 avaient
7798 1943 135 45 été
7856 1943 174 45 évêques

6966 1985 114 46 de
7023 1985 266 46 Comminges,
7232 1985 209 46 Pierre,
7384 1985 114 46 de
7441 1985 152 46 1422
7535 1985 95 46 à
7573 1985 171 46 1440,
7687 1985 114 46 et
7725 1985 304 46 Jean

6966 2028 123 45 de
7027 2028 164 45 1471
7129 2028 102 45 à
7170 2028 184 45 1501.
7293 2028 123 45 De
7355 2028 164 45 plus
7457 2028 123 45 le
7519 2028 184 45 comté
7642 2028 123 45 de
7703 2028 266 45 Comminges
7888 2028 143 45 était

6969 2070 248 45 limitrophe
7164 2070 106 45 du
7217 2070 142 45 pays
7306 2070 106 45 de
7359 2070 159 45 Foix.
7465 2070 124 45 Ces
7536 2070 142 45 deux
7625 2070 159 45 faits
7731 2070 248 45 expliquent
7908 2070 124 45 l’in-

6968 2114 257 36 tervention
7169 2114 147 36 d’un
7261 2114 183 36 membre
7389 2114 110 36 de
7444 2114 165 36 cette
7554 2114 220 36 illustre
7719 2114 202 36 famille
7866 2114 110 36 en
7903 2114 128 36 cette

6952 2157 209 38 occasion.)

6958 2247 146 72 ★
7016 2247 146 72 8
7075 2247 146 72 ★
7133 2247 350 72 FRANÇOIS
7396 2247 175 72 I,
7483 2247 175 72 n.
7571 2247 146 72 à
7629 2247 321 72 Cognac,
7863 2247 175 72 12
7950 2247 379 72 septembre
8242 2247 263 72 1494,
8417 2247 263 72 comte
8592 2247 467 72 d’Angoulême,
8972 2247 233 72 fils
9088 2247 117 72 de

6962 2312 273 71 Louise
7153 2312 164 71 de
7235 2312 301 71 Savoie,
7453 2312 191 71 roi
7563 2312 164 71 le
7645 2312 137 71 1
7699 2312 301 71 janvier
7918 2312 246 71 1515,
8082 2312 164 71 m.
8164 2312 137 71 à
8218 2312 437 71 Rambouillet,
8574 2312 164 71 31
8655 2312 219 71 mars
8765 2312 191 71 1547.

7014 2395 131 58 L.
7080 2395 131 58 A.
7145 2395 131 58 S.
7211 2395 109 58 à
7255 2395 306 58 l’empereur
7495 2395 394 58 Charles-Quint;
7823 2395 175 58 (fin
7932 2395 175 58 mars
8042 2395 219 58 1526),
8195 2395 153 58 1/2
8282 2395 131 58 p.
8348 2395 197 58 in-4.
8479 2395 284 58 <i>(Coll.
8698 2395 372 58 Chambry.)</i>
9004 2395 109 58 —
9026 2395 87 58 P.

7004 2464 245 49 Précieuse
7192 2464 188 49 lettre
7324 2464 188 49 écrite
7456 2464 169 49 après
7569 2464 113 49 sa
7625 2464 151 49 mise
7719 2464 113 49 en
7776 2464 226 49 liberté.
7945 2464 245 49 «Monsyeur
8133 2464 132 49 mon
8209 2464 132 49 bon
8284 2464 188 49 frère,
8416 2464 226 49 j'envoye
8585 2464 113 49 ce
8641 2464 207 49 porteur
8792 2464 132 49 mon
8867 2464 263 49 secretayre
9055 2464 151 49 devers

6966 2505 152 50 vous
7061 2505 152 50 pour
7156 2505 152 50 vous
7251 2505 171 50 fayre
7364 2505 228 50 entendre
7535 2505 133 50 mon
7611 2505 209 50 arryvée
7763 2505 114 50 et
7820 2505 152 50 ausy
7915 2505 114 50 de
7972 2505 133 50 mes
8048 2505 266 50 nouvelles,
8256 2505 152 50 vous
8351 2505 190 50 pryant
8484 2505 114 50 le
8541 2505 190 50 croyre
8674 2505 114 50 de
8731 2505 114 50 ce
8788 2505 171 50 qu’il
8901 2505 152 50 vous
8996 2505 152 50 dyra
9091 2505 114 50 de
9129 2505 76 50 ma

6967 2546 163 45 part,
7076 2546 109 45 et
7130 2546 145 45 vous
7220 2546 163 45 ferez
7329 2546 199 45 playsir
7474 2546 109 45 à,
7528 2546 181 45 vostre
7655 2546 127 45 bon
7727 2546 181 45 frère,
7854 2546 127 45 amy
7927 2546 109 45 et
7981 2546 199 45 oblygé,
8108 2546 217 45 Françoys.»

7004 2588 220 46 Derrière
7169 2588 165 46 cette
7279 2588 183 46 lettre
7407 2588 110 46 se
7462 2588 183 46 trouve
7590 2588 165 46 cette
7700 2588 165 46 note:
7810 2588 202 46 «Lettre
7957 2588 110 46 du
8012 2588 128 46 roy
8085 2588 110 46 de
8140 2588 183 46 France
8268 2588 92 46 à
8305 2588 275 46 l’Empereur,
8525 2588 183 46 receue
8653 2588 110 46 le
8708 2588 147 46 IIII
8800 2588 202 46 d’avril
8946 2588 165 46 1526.
9038 2588 55 46 »

7003 2628 229 52 (François
7179 2628 106 52 I,
7232 2628 141 52 fait
7320 2628 246 52 prisonnier
7514 2628 88 52 à
7549 2628 106 52 la
7602 2628 211 52 bataille
7760 2628 106 52 de
7813 2628 158 52 Pavie
7918 2628 106 52 le
7971 2628 106 52 24
8024 2628 194 52 février
8165 2628 158 52 1525,
8270 2628 158 52 avait
8376 2628 123 52 été
8446 2628 158 52 remis
8552 2628 106 52 en
8605 2628 194 52 liberté
8745 2628 106 52 le
8798 2628 106 52 18
8851 2628 141 52 mars
8921 2628 141 52 1526.)

6957 2718 204 80 ★9★
7074 2718 263 80 HENRI
7249 2718 204 80 II,
7365 2718 175 80 n.
7453 2718 146 80 à
7511 2718 759 80 Saint-Germain-en-Laye,
8183 2718 175 80 31
8270 2718 233 80 mars
8416 2718 263 80 1519,
8591 2718 204 80 roi
8708 2718 175 80 le
8795 2718 175 80 31
8883 2718 233 80 mars
9000 2718 204 80 1547,

6963 2786 153 74 m.
7040 2786 128 74 à
7091 2786 255 74 Paris,
7270 2786 153 74 le
7346 2786 153 74 10
7423 2786 281 74 juillet
7627 2786 230 74 1559,
7780 2786 230 74 d’une
7933 2786 306 74 blessure
8163 2786 255 74 reçue,
8342 2786 153 74 le
8418 2786 153 74 29
8495 2786 230 74 juin,
8648 2786 204 74 dans
8776 2786 153 74 un
8827 2786 255 74 tournoi.

7019 2868 125 58 L.
7082 2868 146 58 S.,
7165 2868 167 58 avec
7270 2868 125 58 la
7332 2868 334 58 souscription
7604 2868 125 58 et
7667 2868 188 58 trois
7792 2868 209 58 lignes
7918 2868 293 58 autographes,

6966 2923 113 57 à
7012 2923 159 57 son
7102 2923 204 57 oncle
7238 2923 136 57 le
7306 2923 159 57 duc
7397 2923 136 57 de
7465 2923 249 57 Ferrare
7646 2923 272 57 (Hercule
7850 2923 136 57 II
7918 2923 249 57 d’Este,
8076 2923 136 57 gen-

6963 2976 168 57 dre
7059 2976 144 57 de
7131 2976 215 57 Louis
7274 2976 215 57 XII);
7418 2976 311 57 Offemont,
7657 2976 120 57 2
7705 2976 192 57 août
7825 2976 215 57 1553,
7969 2976 168 57 3/4
8064 2976 144 57 de
8112 2976 96 57 p.

6966 3032 275 55 in-fol.,
7173 3032 252 55 cachet.
7356 3032 115 55 —
7402 3032 138 55 P.
7471 3032 138 55 de
7517 3032 275 55 Moncornet.

7002 3100 316 42 Remerciements
7262 3100 130 42 des
7337 3100 149 42 bons
7429 3100 204 42 offices
7578 3100 167 42 qu’il
7689 3100 130 42 lui
7764 3100 93 42 a
7801 3100 186 42 rendus
7931 3100 130 42 sur
8005 3100 111 42 la
8042 3100 167 42 demande

6966 3143 124 46 de
7028 3143 248 46 l’évêque
7215 3143 124 46 de
7277 3143 207 46 Lodève
7422 3143 290 46 (Dominique
7649 3143 124 46 de
7711 3143 207 46 Gabre,
7856 3143 207 46 évêque
8001 3143 124 46 de
8063 3143 166 46 1547
8146 3143 62 46 à

6973 3185 193 47 1557).
7108 3185 174 47 Henri
7224 3185 116 47 II
7282 3185 97 47 a
7320 3185 193 47 ajouté
7455 3185 135 47 ces
7532 3185 154 47 mots
7629 3185 116 47 de
7687 3185 116 47 sa
7745 3185 174 47 main:
7861 3185 135 47 «Je
7938 3185 116 47 ne
7996 3185 154 47 puys
8073 3185 135 47 tenyr

6966 3228 120 45 de
7026 3228 160 45 vous
7126 3228 180 45 dyre,
7246 3228 140 45 mon
7327 3228 200 45 oncle,
7467 3228 140 45 que
7547 3228 120 45 je
7607 3228 120 45 me
7667 3228 160 45 sens
7767 3228 160 45 tant
7867 3228 160 45 tenu
7968 3228 120 45 et
8028 3228 200 45 obligé
8148 3228 60 45 à

6966 3268 151 49 vous
7060 3268 132 49 des
7136 3268 263 49 continuelz
7342 3268 226 49 plaisirs
7512 3268 132 49 que
7587 3268 151 49 vous
7681 3268 113 49 me
7738 3268 188 49 faites
7869 3268 132 49 que
7945 3268 113 49 je
8001 3268 151 49 n’en
8076 3268 132 49 seray

6970 3311 175 47 jameis
7092 3311 244 47 inguerat.»
7284 3311 87 47 —
7319 3311 122 47 (Le
7389 3311 122 47 duc
7458 3311 105 47 de
7511 3311 192 47 Ferrare
7650 3311 209 47 s’allia,
7807 3311 105 47 en
7860 3311 157 47 1556,
7965 3311 140 47 avec
8052 3311 157 47 Henri
8139 3311 70 47 II

6967 3355 113 46 et
7024 3355 150 46 Paul
7117 3355 113 46 IV
7174 3355 188 46 contre
7305 3355 131 46 les
7380 3355 263 46 Espagnols;
7587 3355 113 46 il
7643 3355 131 46 fut
7718 3355 169 46 nommé
7831 3355 131 46 par
7906 3355 113 46 le
7962 3355 150 46 Pape
8037 3355 169 46 général

6967 3398 106 45 de
7020 3398 195 45 l’armée
7162 3398 106 45 de
7215 3398 213 45 l’Eglise
7375 3398 106 45 et
7428 3398 124 45 par
7499 3398 106 45 le
7552 3398 124 45 roi
7623 3398 106 45 de
7676 3398 177 45 France
7800 3398 124 45 son
7853 3398 354 45 lieutenant

6966 3444 100 37 en
7000 3444 167 37 Italie.)

6951 3520 273 87 ★10★
7122 3520 444 87 CATHERINE
7463 3520 205 87 DE
7566 3520 410 87 MÉDICIS,
7873 3520 205 87 n.
7976 3520 171 87 à
8044 3520 444 87 Florence,
8386 3520 205 87 13
8488 3520 308 87 avril
8693 3520 308 87 1519,
8898 3520 308 87 femme
9069 3520 137 87 de

6962 3601 240 77 Henri
7122 3601 160 77 II
7202 3601 187 77 (27
7309 3601 294 77 octobre
7523 3601 267 77 1533),
7710 3601 294 77 régente
7923 3601 294 77 (1560),
8137 3601 160 77 m.
8217 3601 160 77 au
8297 3601 294 77 château
8510 3601 160 77 de
8590 3601 267 77 Blois,
8777 3601 133 77 5
8830 3601 294 77 janvier
9017 3601 187 77 1589.

7012 3685 142 57 L.
7083 3685 142 57 A.
7154 3685 142 57 S.
7225 3685 142 57 «à
7295 3685 142 57 la
7366 3685 212 57 royne
7508 3685 307 57 d’Écosse,
7744 3685 307 57 douyrière
7979 3685 142 57 de
8050 3685 259 57 France,
8239 3685 236 57 madame
8404 3685 142 57 ma
8475 3685 259 57 fille»;
8640 3685 566 57 Saint

6967 3739 127 56 20
7030 3739 254 56 décembre
7221 3739 191 56 1583,
7348 3739 148 56 3/4
7433 3739 127 56 de
7496 3739 127 56 p.
7560 3739 233 56 in-fol.
7729 3739 275 56 <i>(Coll.
7941 3739 424 56 d'Hervilly.)</i>
8301 3739 106 56 —
8343 3739 127 56 P.
8407 3739 127 56 de
8470 3739 212 56 Thomas
8619 3739 127 56 de
8661 3739 127 56 Leu.
