3711 4710
592 616 582 78 S.1
924 616 748 78 CHEFS
1423 616 499 78 DE
1672 616 1330 78 GOUVERNEMENT
2670 616 249 78 7

691 903 231 58 Précieuse
869 903 178 58 lettre
994 903 178 58 écrite
1118 903 89 58 à
1154 903 160 58 Marie
1260 903 196 58 Stuart,
1403 903 160 58 alors
1509 903 285 58 prisonnière.
1741 903 196 58 «Madame
1883 903 107 58 ma
1936 903 178 58 fille,
2061 903 107 58 je
2114 903 107 58 né
2168 903 160 58 voleu
2274 903 178 58 perdre
2399 903 142 58 cete
2488 903 213 58 aucasion
2648 903 107 58 de
2701 903 142 58 vous
2772 903 125 58 fayre

654 945 109 57 la
708 945 219 57 présante
873 945 109 57 et
927 945 146 57 vous
1019 945 146 57 dyre
1110 945 109 57 le
1164 945 182 57 plesir
1292 945 128 57 que
1365 945 109 57 je
1420 945 182 57 resoys
1547 945 164 57 quant
1657 945 109 57 jé
1712 945 109 57 le
1766 945 146 57 bien
1857 945 201 57 d’avoyr
2003 945 109 57 de
2058 945 128 57 vos
2131 945 219 57 novelles
2295 945 109 57 et
2350 945 182 57 savoyr
2478 945 128 57 que
2550 945 182 57 vostre
2678 945 164 57 santé
2769 945 128 57 souyt

654 987 184 56 bonne.
782 987 110 56 Je
838 987 110 56 ne
893 987 147 56 vous
985 987 202 56 parleré
1132 987 110 56 de
1187 987 129 56 vos
1261 987 202 56 afayres
1408 987 110 56 et
1463 987 184 56 coment
1592 987 110 56 le
1647 987 129 56 roy
1721 987 129 56 mon
1795 987 147 56 fils
1887 987 184 56 désire
2016 987 110 56 de
2071 987 147 56 vous
2163 987 147 56 fayr
2255 987 221 56 conestre
2420 987 221 56 l’amytyé
2586 987 166 56 qu’il
2697 987 147 56 vous
2770 987 129 56 porte

652 1027 107 58 et
706 1027 107 58 le
759 1027 178 58 plesir
884 1027 160 58 qu’il
991 1027 160 58 laura
1098 1027 125 58 cet
1169 1027 107 58 la
1223 1027 250 58 vysitatyon
1419 1027 160 58 qu’il
1526 1027 143 58 vous
1615 1027 160 58 fayst
1722 1027 160 58 fayre
1829 1027 125 58 par
1900 1027 125 58 son
1971 1027 250 58 embasadeur
2167 1027 196 58 présant
2310 1027 196 58 porteur
2452 1027 143 58 vous
2542 1027 160 58 peult
2648 1027 178 58 servyr
2773 1027 89 58 à
2791 1027 107 58 vous

652 1069 185 56 mestre
782 1069 111 56 si
838 1069 148 56 bien
931 1069 204 56 aveques
1079 1069 111 56 la
1135 1069 167 56 royne
1246 1069 278 56 d’Engletere
1468 1069 130 56 que
1542 1069 111 56 en
1598 1069 204 56 puysiés
1746 1069 223 56 resantyr
1913 1069 111 56 le
1969 1069 297 56 contentement
2210 1069 167 56 qu’il
2321 1069 148 56 vous
2414 1069 223 56 saheyste
2581 1069 111 56 et
2636 1069 111 56 de
2692 1069 111 56 ma
2748 1069 148 56 part
2822 1069 74 56 je

652 1108 179 48 voldré
777 1108 161 48 avoyr
884 1108 107 48 le
938 1108 161 48 moyen
1045 1108 125 48 tel
1116 1108 125 48 que
1188 1108 107 48 je
1242 1108 143 48 vous
1331 1108 89 48 y
1367 1108 161 48 puyse
1474 1108 179 48 servyr
1581 1108 107 48 come

651 1153 108 44 je
705 1153 108 44 an
759 1153 108 44 né
814 1153 108 44 la
868 1153 217 44 volanté,
1030 1153 127 44 car
1103 1153 108 44 je
1157 1153 217 44 n'oblyré
1320 1153 181 44 jeamès
1446 1153 217 44 l’amytyé
1591 1153 90 44 que

653 1199 157 41 m'avé
757 1199 122 41 par
827 1199 174 41 ayfest
949 1199 174 41 portée
1071 1199 104 41 et
1123 1199 192 41 montrée
1262 1199 192 41 aystent
1401 1199 104 41 en
1454 1199 122 41 cet
1506 1199 174 41 royaume,

650 1238 134 43 qui
726 1238 115 43 me
784 1238 153 43 fest
879 1238 210 43 désirer
1032 1238 134 43 que
1108 1238 153 43 Dyeu
1204 1238 115 43 me
1261 1238 153 43 fase
1356 1238 115 43 la
1414 1238 172 43 grase
1509 1238 172 43 d’avoyr

651 1279 166 45 moyen
761 1279 129 45 par
835 1279 184 45 ayfest
964 1279 147 45 vous
1056 1279 184 45 povoyr
1185 1279 221 45 monstrer
1350 1279 129 45 que
1424 1279 147 45 n’an
1516 1279 147 45 suys
1590 1279 92 45 yn-

651 1321 160 46 grate
758 1321 107 46 et
811 1321 142 46 l’en
900 1321 178 46 suplye
1024 1321 107 46 de
1077 1321 124 46 bon
1148 1321 160 46 ceour
1255 1321 107 46 et
1308 1321 107 46 de
1361 1321 142 46 vous
1450 1321 178 46 donner
1557 1321 124 46 bonne

648 1363 199 45 santé.
787 1363 119 45 De
847 1363 179 45 Saint
966 1363 218 45 Germeyn
1125 1363 119 45 en
1184 1363 139 45 Lay
1264 1363 139 45 cet
1343 1363 159 45 XXme
1443 1363 119 45 de
1482 1363 199 45 décembre

653 1404 171 45 1583.
767 1404 190 45 Vostre
900 1404 171 45 bonne
1014 1404 114 45 et
1071 1404 247 45 afactyoné
1261 1404 171 45 mère,
1356 1404 228 45 Caterine.»

687 1446 175 47 (Henri
809 1446 122 47 III
879 1446 157 47 avait
983 1446 175 47 chargé
1106 1446 245 47 Castelnau,
1298 1446 157 47 sieur
1403 1446 105 47 de
1438 1446 245 47 Mauvissière,

651 1488 263 47 ambassadeur
861 1488 105 47 en
913 1488 263 47 Angleterre,
1123 1488 280 47 d'intervenir
1351 1488 175 47 auprès
1473 1488 105 47 de
1526 1488 105 47 la
1561 1488 123 47 reine

652 1531 227 46 Elisabeth
826 1531 140 46 pour
913 1531 157 46 faire
1018 1531 174 46 cesser
1140 1531 105 46 la
1192 1531 227 46 captivité
1367 1531 105 46 de
1419 1531 157 46 Marie
1507 1531 174 46 Stuart.)

638 1625 237 68 ★11★
787 1625 356 68 FRANÇOIS
1054 1625 208 68 II,
1172 1625 178 68 n.
1261 1625 148 68 à
1321 1625 534 68 Fontainebleau,
1766 1625 178 68 19
1855 1625 326 68 janvier
2092 1625 267 68 1544,
2270 1625 237 68 fils
2418 1625 208 68 des
2507 1625 386 68 précédents,

642 1694 181 65 roi
746 1694 156 65 le
824 1694 156 65 10
901 1694 285 65 juillet
1109 1694 233 65 1559,
1264 1694 156 65 m.
1342 1694 130 65 à
1394 1694 311 65 Amboise,
1627 1694 130 65 5
1679 1694 311 65 décembre
1887 1694 181 65 1560.

694 1786 129 53 L.
759 1786 151 53 S.,
845 1786 151 53 sur
931 1786 215 53 vélin,
1082 1786 108 53 à
1125 1786 258 53 François
1319 1786 129 53 de
1384 1786 258 53 Raconys,
1578 1786 280 53 trésorier
1793 1786 151 53 des
1858 1786 215 53 guerres;

645 1841 491 53 Montiers-sur-Saulx
1069 1841 201 53 (près
1203 1841 134 53 de
1270 1841 357 53 Bar-le-Duc),
1560 1841 112 53 5
1604 1841 245 53 octobre
1783 1841 201 53 1559,
1917 1841 156 53 1/2
1984 1841 89 53 p.

644 1897 227 53 in-fol.
810 1897 227 53 oblong.
975 1897 268 53 <i>(Coll.
1181 1897 227 53 Charles
1347 1897 124 53 de
1408 1897 289 53 Halm.)</i>
1636 1897 103 53 —
1677 1897 124 53 P.
1739 1897 124 53 de
1780 1897 248 53 Moncornet.

681 1974 172 44 Ordre
796 1974 115 44 de
853 1974 172 44 payer
968 1974 153 44 sept
1063 1974 153 44 cent
1159 1974 344 44 soixante-trois
1445 1974 191 44 livres
1579 1974 96 44 à
1617 1974 134 44 des
1694 1974 191 44 hommes
1828 1974 210 44 d’armes
1980 1974 115 44 et
2019 1974 57 44 à

645 2021 129 39 des
718 2021 203 39 archers
866 2021 148 39 pour
959 2021 166 39 leurs
1051 2021 148 39 gages.

635 2094 241 77 ★12★
785 2094 271 77 MARIE
966 2094 331 77 STUART,
1206 2094 180 77 n.
1297 2094 150 77 à
1357 2094 421 77 Linlithgow
1688 2094 391 77 (Écosse),
1989 2094 150 77 5
2049 2094 361 77 décembre
2319 2094 271 77 1542,
2500 2094 271 77 fille
2680 2094 180 77 du
2741 2094 150 77 roi

637 2171 341 70 d’Écosse
892 2171 313 70 Jacques
1120 2171 171 70 V,
1205 2171 256 70 femme
1376 2171 171 70 de
1461 2171 341 70 François
1717 2171 171 70 II
1802 2171 199 70 (24
1887 2171 199 70 avril

643 2240 266 67 1558),
829 2240 345 67 décapitée
1095 2240 133 67 à
1148 2240 398 67 Fotheringay
1467 2240 159 67 le
1546 2240 159 67 18
1626 2240 292 67 février
1812 2240 186 67 1587.

690 2322 138 58 P.
759 2322 161 58 S.,
851 2322 161 58 sur
943 2322 230 58 vélin;
1105 2322 253 58 château
1289 2322 138 58 de
1358 2322 322 58 Sheffield,
1611 2322 253 58 février
1796 2322 207 58 1582,
1934 2322 161 58 1/2
2003 2322 92 58 p.

644 2377 234 56 in-fol.
814 2377 234 56 oblong.
984 2377 277 56 <i>(Coll.
1197 2377 426 56 Dubrunfaut.)</i>
1559 2377 106 56 —
1601 2377 128 56 P.
1665 2377 128 56 de
1729 2377 213 56 Thomas
1878 2377 128 56 de
1920 2377 128 56 Leu.

680 2447 162 44 Pièce
788 2447 108 44 où
842 2447 144 44 elle
931 2447 162 44 prend
1039 2447 108 44 le
1093 2447 162 44 titre
1201 2447 108 44 de
1254 2447 251 44 douairière
1452 2447 108 44 de
1506 2447 197 44 France.
1649 2447 144 44 Elle
1739 2447 197 44 octroie
1883 2447 90 44 à
1919 2447 144 44 Jean
1990 2447 108 44 Botz

644 2492 114 42 la
701 2492 227 42 première
871 2492 227 42 prébende
1042 2492 133 42 qui
1118 2492 208 42 viendra
1269 2492 95 42 à
1288 2492 171 42 vaquer.

632 2577 246 67 ★13★
786 2577 338 67 CHARLES
1032 2577 215 67 IX,
1155 2577 185 67 n.
1248 2577 154 67 à
1309 2577 800 67 Saint-Germain-en-Laye,
2017 2577 185 67 27
2109 2577 246 67 juin
2263 2577 277 67 1550,
2447 2577 277 67 frère
2632 2577 185 67 et
2693 2577 185 67 suc-

635 2646 302 71 cesseur
854 2646 165 71 de
936 2646 329 71 François
1184 2646 192 71 II,
1293 2646 192 71 roi
1403 2646 165 71 le
1485 2646 137 71 5
1540 2646 329 71 décembre
1787 2646 247 71 1560,
1952 2646 165 71 m.
2034 2646 137 71 à
2089 2646 384 71 Vincennes,
2391 2646 165 71 30
2474 2646 192 71 mai
2556 2646 192 71 1574.

689 2728 130 63 L.
754 2728 152 63 S.,
841 2728 173 63 avec
949 2728 130 63 la
1015 2728 347 63 souscription
1296 2728 325 63 autographe,
1557 2728 108 63 à
1600 2728 152 63 son
1687 2728 195 63 frère
1817 2728 130 63 le
1882 2728 152 63 duc
1968 2728 238 63 d’Anjou
2142 2728 238 63 (depuis
2315 2728 195 63 Henri
2445 2728 195 63 III);
2575 2728 217 63 Paris,
2727 2728 130 63 11
2771 2728 108 63 fé-

640 2783 187 59 vrier
765 2783 187 59 1573,
890 2783 104 59 2
931 2783 125 59 p.
993 2783 249 59 in-fol.,
1180 2783 187 59 trace
1305 2783 125 59 de
1367 2783 229 59 cachet.
1534 2783 270 59 <i>(Coll.
1741 2783 270 59 Esterhazy
1949 2783 125 59 et
2011 2783 353 59 Rathery.)</i>
2302 2783 104 59 —
2344 2783 125 59 P.
2406 2783 125 59 de
2448 2783 249 59 Moncornet.

678 2844 244 61 Importante
869 2844 192 61 lettre,
1009 2844 174 61 écrite
1131 2844 122 61 par
1201 2844 105 61 le
1253 2844 244 61 secrétaire
1445 2844 174 61 d’État
1549 2844 157 61 Nicolas

641 2898 114 46 de
698 2898 266 46 Neufville,
907 2898 171 46 sieur
1021 2898 114 46 de
1078 2898 247 46 Villeroy,
1269 2898 114 46 au
1326 2898 133 46 duc
1402 2898 209 46 d’Anjou
1554 2898 152 46 qui,
1630 2898 76 46 ce

643 2940 141 49 même
732 2940 159 49 jour,
838 2940 159 49 était
944 2940 177 49 arrivé
1068 2940 177 49 devant
1191 2940 106 49 La
1244 2940 212 49 Rochelle
1403 2940 106 49 et
1457 2940 159 49 avait
1563 2940 141 49 pris
1633 2940 71 49 le

641 2981 298 43 commandement
883 2981 112 43 de
939 2981 205 43 l’armée
1088 2981 130 43 qui
1162 2981 261 43 assiégeait
1367 2981 167 43 cette
1479 2981 186 43 ville.
1609 2981 93 43 —
1628 2981 74 43 Il

643 3024 95 51 a
681 3024 189 51 appris
813 3024 132 51 que
889 3024 114 51 le
946 3024 132 51 duc
1022 3024 246 51 préparait
1211 3024 132 51 une
1287 3024 189 51 grande
1419 3024 114 51 et
1476 3024 170 51 forte
1571 3024 132 51 armée

641 3065 116 51 de
699 3065 135 51 mer
776 3065 155 51 pour
872 3065 251 51 combattre
1066 3065 155 51 ceux
1162 3065 135 51 qui
1239 3065 270 51 voudraient
1452 3065 232 51 secourir
1606 3065 97 51 les

642 3108 265 49 Rochelais,
850 3108 114 49 et
907 3108 171 49 qu’on
1021 3108 246 49 proposait
1210 3108 114 49 de
1267 3108 189 49 donner
1400 3108 114 49 le
1438 3108 265 49 commandement

640 3150 112 41 de
696 3150 168 41 cette
808 3150 168 41 armée
920 3150 93 41 à
957 3150 130 41 son
1032 3150 168 41 frère
1143 3150 112 41 le
1199 3150 130 41 duc
1274 3150 242 41 d’Alençon
1460 3150 112 41 et
1516 3150 112 41 au
1572 3150 130 41 roi
1628 3150 75 41 de

640 3192 209 49 Navarre
792 3192 190 49 (Henri
925 3192 152 49 IV).
1020 3192 114 49 Il
1077 3192 228 49 s’oppose
1248 3192 266 49 absolument
1457 3192 95 49 à
1495 3192 114 49 ce
1533 3192 171 49 projet,

642 3236 149 48 «car
736 3236 149 48 vous
829 3236 186 48 sçavez
959 3236 149 48 bien
1052 3236 130 48 que
1127 3236 149 48 leur
1220 3236 261 48 permettant
1425 3236 168 48 aller
1518 3236 186 48 avecques

641 3279 162 49 vous,
749 3279 126 49 c’a
821 3279 144 49 esté
911 3279 90 49 à
947 3279 108 49 la
1001 3279 180 49 charge
1127 3279 180 49 qu’ils
1253 3279 108 49 ne
1307 3279 144 49 vous
1379 3279 324 49 habandonneroyent

640 3320 295 48 aucunement,
876 3320 157 48 ains
975 3320 118 48 se
1034 3320 295 48 tiendroyent
1270 3320 335 48 ordinairement
1546 3320 157 48 prez
1624 3320 79 48 de

640 3364 152 50 vous
735 3364 114 50 et
792 3364 247 50 n’iroyent
982 3364 114 50 en
1039 3364 190 50 aucune
1172 3364 209 50 faction
1323 3364 152 50 sans
1418 3364 171 50 vous.
1532 3364 114 50 Au
1570 3364 133 50 moyen

640 3406 116 52 de
698 3406 174 52 quoy,
814 3406 135 52 mon
891 3406 194 52 frère,
1027 3406 116 52 je
1085 3406 155 52 vous
1182 3406 155 52 prie
1278 3406 174 52 faire
1394 3406 232 52 entendre
1569 3406 97 52 à
1588 3406 116 52 tous

641 3449 162 51 ceulx
749 3449 126 51 qui
821 3449 234 51 donneront
1001 3449 108 51 ce
1055 3449 198 51 conseil
1198 3449 108 51 et
1252 3449 180 51 feront
1378 3449 162 51 ceste
1468 3449 234 51 proposition

640 3493 128 49 que
713 3493 128 49 non
786 3493 257 49 seullement
988 3493 110 49 je
1043 3493 110 49 ne
1098 3493 147 49 l’ay
1190 3493 239 49 agréable,
1374 3493 147 49 mais
1465 3493 110 49 je
1520 3493 110 49 la
1557 3493 147 49 trouve

639 3537 149 46 très
733 3537 298 46 mauvaise...»
975 3537 93 46 —
1012 3537 224 46 (Charles
1180 3537 112 46 IX
1236 3537 112 46 se
1292 3537 205 46 méfiait
1441 3537 112 46 de
1497 3537 131 46 son
1553 3537 149 46 frère,

640 3580 112 48 le
696 3580 131 48 duc
771 3580 224 48 d’Anjou,
939 3580 242 48 ambitieux
1125 3580 112 48 et
1181 3580 205 48 jaloux,
1330 3580 112 48 et
1386 3580 112 48 de
1442 3580 131 48 son
1517 3580 186 48 cousin
1628 3580 75 48 le

640 3624 131 45 roi
715 3624 112 45 de
771 3624 224 45 Navarre,
939 3624 224 45 converti
1107 3624 131 45 par
1182 3624 168 45 force
1294 3624 149 45 lors
1387 3624 112 45 de
1444 3624 112 45 la
1481 3624 224 45 Saint-

640 3670 206 46 thélemy,
794 3670 103 46 et
846 3670 103 46 il
897 3670 223 46 craignait
1069 3670 172 46 qu'ils
1189 3670 103 46 ne
1241 3670 189 46 fissent
1378 3670 154 46 cause
1481 3670 189 46 commune
1601 3670 103 46 avec

641 3711 128 45 les
714 3711 274 45 protestants
933 3711 110 45 de
988 3711 110 45 La
1043 3711 238 45 Rochelle.
1226 3711 201 45 Ceux-ci
1373 3711 110 45 se
1428 3711 274 45 défendirent
1629 3711 73 45 si

642 3754 135 46 bien
726 3754 118 46 que
794 3754 101 46 le
844 3754 118 46 roi
912 3754 118 46 dut
979 3754 152 46 faire
1080 3754 101 46 la
1131 3754 135 46 paix
1215 3754 101 46 le
1265 3754 84 46 6
1299 3754 185 46 juillet
1417 3754 185 46 suivant.)
