5844.094488188976 7417.322834645669
932.2834645669292 970.0787401574803 916.5354330708661 122.83464566929133 S.1
1455.1181102362204 970.0787401574803 1177.9527559055118 122.83464566929133 CHEFS
2240.9448818897636 970.0787401574803 785.8267716535433 122.83464566929133 DE
2633.0708661417325 970.0787401574803 2094.488188976378 122.83464566929133 GOUVERNEMENT
4204.724409448819 970.0787401574803 392.12598425196853 122.83464566929133 7

1088.1889763779527 1422.0472440944882 363.7795275590551 91.33858267716535 Précieuse
1368.5039370078741 1422.0472440944882 280.31496062992125 91.33858267716535 lettre
1565.3543307086613 1422.0472440944882 280.31496062992125 91.33858267716535 écrite
1760.6299212598426 1422.0472440944882 140.15748031496062 91.33858267716535 à
1817.3228346456692 1422.0472440944882 251.96850393700788 91.33858267716535 Marie
1984.251968503937 1422.0472440944882 308.66141732283467 91.33858267716535 Stuart,
2209.448818897638 1422.0472440944882 251.96850393700788 91.33858267716535 alors
2376.3779527559054 1422.0472440944882 448.81889763779526 91.33858267716535 prisonnière.
2741.732283464567 1422.0472440944882 308.66141732283467 91.33858267716535 «Madame
2965.3543307086616 1422.0472440944882 168.50393700787401 91.33858267716535 ma
3048.818897637795 1422.0472440944882 280.31496062992125 91.33858267716535 fille,
3245.6692913385828 1422.0472440944882 168.50393700787401 91.33858267716535 je
3329.1338582677167 1422.0472440944882 168.50393700787401 91.33858267716535 né
3414.1732283464567 1422.0472440944882 251.96850393700788 91.33858267716535 voleu
3581.1023622047246 1422.0472440944882 280.31496062992125 91.33858267716535 perdre
3777.952755905512 1422.0472440944882 223.6220472440945 91.33858267716535 cete
3918.1102362204724 1422.0472440944882 335.43307086614175 91.33858267716535 aucasion
4170.078740157481 1422.0472440944882 168.50393700787401 91.33858267716535 de
4253.543307086614 1422.0472440944882 223.6220472440945 91.33858267716535 vous
4365.354330708661 1422.0472440944882 196.8503937007874 91.33858267716535 fayre

1029.9212598425197 1488.1889763779527 171.6535433070866 89.76377952755905 la
1114.9606299212599 1488.1889763779527 344.88188976377955 89.76377952755905 présante
1374.8031496062993 1488.1889763779527 171.6535433070866 89.76377952755905 et
1459.8425196850394 1488.1889763779527 229.92125984251967 89.76377952755905 vous
1604.724409448819 1488.1889763779527 229.92125984251967 89.76377952755905 dyre
1748.0314960629921 1488.1889763779527 171.6535433070866 89.76377952755905 le
1833.0708661417323 1488.1889763779527 286.61417322834643 89.76377952755905 plesir
2034.6456692913387 1488.1889763779527 201.5748031496063 89.76377952755905 que
2149.6062992125985 1488.1889763779527 171.6535433070866 89.76377952755905 je
2236.220472440945 1488.1889763779527 286.61417322834643 89.76377952755905 resoys
2436.220472440945 1488.1889763779527 258.26771653543307 89.76377952755905 quant
2609.448818897638 1488.1889763779527 171.6535433070866 89.76377952755905 jé
2696.0629921259842 1488.1889763779527 171.6535433070866 89.76377952755905 le
2781.1023622047246 1488.1889763779527 229.92125984251967 89.76377952755905 bien
2924.4094488188975 1488.1889763779527 316.53543307086613 89.76377952755905 d’avoyr
3154.3307086614172 1488.1889763779527 171.6535433070866 89.76377952755905 de
3240.9448818897636 1488.1889763779527 201.5748031496063 89.76377952755905 vos
3355.9055118110236 1488.1889763779527 344.88188976377955 89.76377952755905 novelles
3614.1732283464567 1488.1889763779527 171.6535433070866 89.76377952755905 et
3700.787401574803 1488.1889763779527 286.61417322834643 89.76377952755905 savoyr
3902.3622047244094 1488.1889763779527 201.5748031496063 89.76377952755905 que
4015.748031496063 1488.1889763779527 286.61417322834643 89.76377952755905 vostre
4217.322834645669 1488.1889763779527 258.26771653543307 89.76377952755905 santé
4360.629921259842 1488.1889763779527 201.5748031496063 89.76377952755905 souyt

1029.9212598425197 1554.3307086614172 289.76377952755905 88.18897637795276 bonne.
1231.4960629921259 1554.3307086614172 173.22834645669292 88.18897637795276 Je
1319.6850393700788 1554.3307086614172 173.22834645669292 88.18897637795276 ne
1406.2992125984251 1554.3307086614172 231.49606299212599 88.18897637795276 vous
1551.1811023622047 1554.3307086614172 318.1102362204724 88.18897637795276 parleré
1782.6771653543308 1554.3307086614172 173.22834645669292 88.18897637795276 de
1869.291338582677 1554.3307086614172 203.1496062992126 88.18897637795276 vos
1985.8267716535433 1554.3307086614172 318.1102362204724 88.18897637795276 afayres
2217.3228346456694 1554.3307086614172 173.22834645669292 88.18897637795276 et
2303.9370078740158 1554.3307086614172 289.76377952755905 88.18897637795276 coment
2507.0866141732286 1554.3307086614172 173.22834645669292 88.18897637795276 le
2593.700787401575 1554.3307086614172 203.1496062992126 88.18897637795276 roy
2710.236220472441 1554.3307086614172 203.1496062992126 88.18897637795276 mon
2826.771653543307 1554.3307086614172 231.49606299212599 88.18897637795276 fils
2971.6535433070867 1554.3307086614172 289.76377952755905 88.18897637795276 désire
3174.803149606299 1554.3307086614172 173.22834645669292 88.18897637795276 de
3261.417322834646 1554.3307086614172 231.49606299212599 88.18897637795276 vous
3406.299212598425 1554.3307086614172 231.49606299212599 88.18897637795276 fayr
3551.181102362205 1554.3307086614172 348.0314960629921 88.18897637795276 conestre
3811.0236220472443 1554.3307086614172 348.0314960629921 88.18897637795276 l’amytyé
4072.4409448818897 1554.3307086614172 261.4173228346457 88.18897637795276 qu’il
4247.244094488189 1554.3307086614172 231.49606299212599 88.18897637795276 vous
4362.204724409449 1554.3307086614172 203.1496062992126 88.18897637795276 porte

1026.7716535433071 1617.3228346456692 168.50393700787401 91.33858267716535 et
1111.8110236220473 1617.3228346456692 168.50393700787401 91.33858267716535 le
1195.275590551181 1617.3228346456692 280.31496062992125 91.33858267716535 plesir
1392.1259842519685 1617.3228346456692 251.96850393700788 91.33858267716535 qu’il
1560.6299212598426 1617.3228346456692 251.96850393700788 91.33858267716535 laura
1729.1338582677165 1617.3228346456692 196.8503937007874 91.33858267716535 cet
1840.9448818897638 1617.3228346456692 168.50393700787401 91.33858267716535 la
1925.984251968504 1617.3228346456692 393.7007874015748 91.33858267716535 vysitatyon
2234.6456692913384 1617.3228346456692 251.96850393700788 91.33858267716535 qu’il
2403.149606299213 1617.3228346456692 225.1968503937008 91.33858267716535 vous
2543.3070866141734 1617.3228346456692 251.96850393700788 91.33858267716535 fayst
2711.8110236220473 1617.3228346456692 251.96850393700788 91.33858267716535 fayre
2880.314960629921 1617.3228346456692 196.8503937007874 91.33858267716535 par
2992.1259842519685 1617.3228346456692 196.8503937007874 91.33858267716535 son
3103.9370078740158 1617.3228346456692 393.7007874015748 91.33858267716535 embasadeur
3412.5984251968503 1617.3228346456692 308.66141732283467 91.33858267716535 présant
3637.7952755905512 1617.3228346456692 308.66141732283467 91.33858267716535 porteur
3861.417322834646 1617.3228346456692 225.1968503937008 91.33858267716535 vous
4003.149606299213 1617.3228346456692 251.96850393700788 91.33858267716535 peult
4170.078740157481 1617.3228346456692 280.31496062992125 91.33858267716535 servyr
4366.929133858268 1617.3228346456692 140.15748031496062 91.33858267716535 à
4395.275590551181 1617.3228346456692 168.50393700787401 91.33858267716535 vous

1026.7716535433071 1683.4645669291338 291.33858267716533 88.18897637795276 mestre
1231.4960629921259 1683.4645669291338 174.8031496062992 88.18897637795276 si
1319.6850393700788 1683.4645669291338 233.0708661417323 88.18897637795276 bien
1466.1417322834645 1683.4645669291338 321.25984251968504 88.18897637795276 aveques
1699.2125984251968 1683.4645669291338 174.8031496062992 88.18897637795276 la
1787.4015748031495 1683.4645669291338 262.99212598425197 88.18897637795276 royne
1962.2047244094488 1683.4645669291338 437.79527559055117 88.18897637795276 d’Engletere
2311.8110236220473 1683.4645669291338 204.7244094488189 88.18897637795276 que
2428.3464566929133 1683.4645669291338 174.8031496062992 88.18897637795276 en
2516.535433070866 1683.4645669291338 321.25984251968504 88.18897637795276 puysiés
2749.6062992125985 1683.4645669291338 351.18110236220474 88.18897637795276 resantyr
3012.5984251968503 1683.4645669291338 174.8031496062992 88.18897637795276 le
3100.787401574803 1683.4645669291338 467.7165354330709 88.18897637795276 contentement
3480.314960629921 1683.4645669291338 262.99212598425197 88.18897637795276 qu’il
3655.1181102362207 1683.4645669291338 233.0708661417323 88.18897637795276 vous
3801.5748031496064 1683.4645669291338 351.18110236220474 88.18897637795276 saheyste
4064.566929133858 1683.4645669291338 174.8031496062992 88.18897637795276 et
4151.181102362205 1683.4645669291338 174.8031496062992 88.18897637795276 de
4239.370078740158 1683.4645669291338 174.8031496062992 88.18897637795276 ma
4327.55905511811 1683.4645669291338 233.0708661417323 88.18897637795276 part
4444.094488188976 1683.4645669291338 116.53543307086615 88.18897637795276 je

1026.7716535433071 1744.8818897637796 281.8897637795276 75.59055118110236 voldré
1223.6220472440946 1744.8818897637796 253.54330708661416 75.59055118110236 avoyr
1392.1259842519685 1744.8818897637796 168.50393700787401 75.59055118110236 le
1477.1653543307086 1744.8818897637796 253.54330708661416 75.59055118110236 moyen
1645.6692913385828 1744.8818897637796 196.8503937007874 75.59055118110236 tel
1757.4803149606298 1744.8818897637796 196.8503937007874 75.59055118110236 que
1870.8661417322835 1744.8818897637796 168.50393700787401 75.59055118110236 je
1955.9055118110236 1744.8818897637796 225.1968503937008 75.59055118110236 vous
2096.0629921259842 1744.8818897637796 140.15748031496062 75.59055118110236 y
2152.755905511811 1744.8818897637796 253.54330708661416 75.59055118110236 puyse
2321.259842519685 1744.8818897637796 281.8897637795276 75.59055118110236 servyr
2489.763779527559 1744.8818897637796 168.50393700787401 75.59055118110236 come

1025.1968503937007 1815.748031496063 170.07874015748033 69.29133858267717 je
1110.236220472441 1815.748031496063 170.07874015748033 69.29133858267717 an
1195.275590551181 1815.748031496063 170.07874015748033 69.29133858267717 né
1281.8897637795276 1815.748031496063 170.07874015748033 69.29133858267717 la
1366.9291338582677 1815.748031496063 341.73228346456693 69.29133858267717 volanté,
1622.0472440944882 1815.748031496063 200.0 69.29133858267717 car
1737.007874015748 1815.748031496063 170.07874015748033 69.29133858267717 je
1822.0472440944882 1815.748031496063 341.73228346456693 69.29133858267717 n'oblyré
2078.740157480315 1815.748031496063 285.03937007874015 69.29133858267717 jeamès
2277.165354330709 1815.748031496063 341.73228346456693 69.29133858267717 l’amytyé
2505.511811023622 1815.748031496063 141.73228346456693 69.29133858267717 que

1028.3464566929133 1888.1889763779527 247.24409448818898 64.56692913385827 m'avé
1192.1259842519685 1888.1889763779527 192.1259842519685 64.56692913385827 par
1302.3622047244094 1888.1889763779527 274.01574803149606 64.56692913385827 ayfest
1494.4881889763778 1888.1889763779527 274.01574803149606 64.56692913385827 portée
1686.6141732283465 1888.1889763779527 163.7795275590551 64.56692913385827 et
1768.5039370078741 1888.1889763779527 302.3622047244094 64.56692913385827 montrée
1987.4015748031495 1888.1889763779527 302.3622047244094 64.56692913385827 aystent
2206.299212598425 1888.1889763779527 163.7795275590551 64.56692913385827 en
2289.763779527559 1888.1889763779527 192.1259842519685 64.56692913385827 cet
2371.6535433070867 1888.1889763779527 274.01574803149606 64.56692913385827 royaume,

1023.6220472440945 1949.6062992125985 211.0236220472441 67.71653543307086 qui
1143.3070866141732 1949.6062992125985 181.10236220472441 67.71653543307086 me
1234.6456692913387 1949.6062992125985 240.9448818897638 67.71653543307086 fest
1384.251968503937 1949.6062992125985 330.70866141732284 67.71653543307086 désirer
1625.1968503937007 1949.6062992125985 211.0236220472441 67.71653543307086 que
1744.8818897637796 1949.6062992125985 240.9448818897638 67.71653543307086 Dyeu
1896.0629921259842 1949.6062992125985 181.10236220472441 67.71653543307086 me
1985.8267716535433 1949.6062992125985 240.9448818897638 67.71653543307086 fase
2135.433070866142 1949.6062992125985 181.10236220472441 67.71653543307086 la
2226.771653543307 1949.6062992125985 270.86614173228344 67.71653543307086 grase
2376.3779527559054 1949.6062992125985 270.86614173228344 67.71653543307086 d’avoyr

1025.1968503937007 2014.1732283464567 261.4173228346457 70.86614173228347 moyen
1198.4251968503936 2014.1732283464567 203.1496062992126 70.86614173228347 par
1314.9606299212599 2014.1732283464567 289.76377952755905 70.86614173228347 ayfest
1518.1102362204724 2014.1732283464567 231.49606299212599 70.86614173228347 vous
1662.992125984252 2014.1732283464567 289.76377952755905 70.86614173228347 povoyr
1866.1417322834645 2014.1732283464567 348.0314960629921 70.86614173228347 monstrer
2125.984251968504 2014.1732283464567 203.1496062992126 70.86614173228347 que
2242.51968503937 2014.1732283464567 231.49606299212599 70.86614173228347 n’an
2387.4015748031497 2014.1732283464567 231.49606299212599 70.86614173228347 suys
2503.9370078740158 2014.1732283464567 144.88188976377953 70.86614173228347 yn-

1025.1968503937007 2080.314960629921 251.96850393700788 72.44094488188976 grate
1193.7007874015749 2080.314960629921 168.50393700787401 72.44094488188976 et
1277.1653543307086 2080.314960629921 223.6220472440945 72.44094488188976 l’en
1417.3228346456692 2080.314960629921 280.31496062992125 72.44094488188976 suplye
1612.5984251968505 2080.314960629921 168.50393700787401 72.44094488188976 de
1696.0629921259842 2080.314960629921 195.2755905511811 72.44094488188976 bon
1807.8740157480315 2080.314960629921 251.96850393700788 72.44094488188976 ceour
1976.3779527559054 2080.314960629921 168.50393700787401 72.44094488188976 et
2059.8425196850394 2080.314960629921 168.50393700787401 72.44094488188976 de
2143.3070866141734 2080.314960629921 223.6220472440945 72.44094488188976 vous
2283.464566929134 2080.314960629921 280.31496062992125 72.44094488188976 donner
2451.968503937008 2080.314960629921 195.2755905511811 72.44094488188976 bonne

1020.4724409448819 2146.4566929133857 313.38582677165357 70.86614173228347 santé.
1239.3700787401574 2146.4566929133857 187.4015748031496 70.86614173228347 De
1333.8582677165355 2146.4566929133857 281.8897637795276 70.86614173228347 Saint
1521.259842519685 2146.4566929133857 343.3070866141732 70.86614173228347 Germeyn
1771.6535433070867 2146.4566929133857 187.4015748031496 70.86614173228347 en
1864.5669291338584 2146.4566929133857 218.89763779527559 70.86614173228347 Lay
1990.5511811023623 2146.4566929133857 218.89763779527559 70.86614173228347 cet
2114.9606299212596 2146.4566929133857 250.39370078740157 70.86614173228347 XXme
2272.4409448818897 2146.4566929133857 187.4015748031496 70.86614173228347 de
2333.8582677165355 2146.4566929133857 313.38582677165357 70.86614173228347 décembre

1028.3464566929133 2211.0236220472443 269.29133858267716 70.86614173228347 1583.
1207.8740157480315 2211.0236220472443 299.21259842519686 70.86614173228347 Vostre
1417.3228346456692 2211.0236220472443 269.29133858267716 70.86614173228347 bonne
1596.8503937007874 2211.0236220472443 179.5275590551181 70.86614173228347 et
1686.6141732283465 2211.0236220472443 388.9763779527559 70.86614173228347 afactyoné
1985.8267716535433 2211.0236220472443 269.29133858267716 70.86614173228347 mère,
2135.433070866142 2211.0236220472443 359.0551181102362 70.86614173228347 Caterine.»

1081.8897637795276 2277.165354330709 275.59055118110234 74.01574803149606 (Henri
1274.015748031496 2277.165354330709 192.1259842519685 74.01574803149606 III
1384.251968503937 2277.165354330709 247.24409448818898 74.01574803149606 avait
1548.0314960629921 2277.165354330709 275.59055118110234 74.01574803149606 chargé
1741.732283464567 2277.165354330709 385.8267716535433 74.01574803149606 Castelnau,
2044.0944881889764 2277.165354330709 247.24409448818898 74.01574803149606 sieur
2209.448818897638 2277.165354330709 165.35433070866142 74.01574803149606 de
2264.566929133858 2277.165354330709 385.8267716535433 74.01574803149606 Mauvissière,

1025.1968503937007 2343.3070866141734 414.1732283464567 74.01574803149606 ambassadeur
1355.9055118110236 2343.3070866141734 165.35433070866142 74.01574803149606 en
1437.7952755905512 2343.3070866141734 414.1732283464567 74.01574803149606 Angleterre,
1768.5039370078741 2343.3070866141734 440.9448818897638 74.01574803149606 d'intervenir
2127.5590551181103 2343.3070866141734 275.59055118110234 74.01574803149606 auprès
2319.685039370079 2343.3070866141734 165.35433070866142 74.01574803149606 de
2403.149606299213 2343.3070866141734 165.35433070866142 74.01574803149606 la
2458.267716535433 2343.3070866141734 193.70078740157481 74.01574803149606 reine

1026.7716535433071 2411.0236220472443 357.4803149606299 72.44094488188976 Elisabeth
1300.7874015748032 2411.0236220472443 220.4724409448819 72.44094488188976 pour
1437.7952755905512 2411.0236220472443 247.24409448818898 72.44094488188976 faire
1603.1496062992126 2411.0236220472443 274.01574803149606 72.44094488188976 cesser
1795.275590551181 2411.0236220472443 165.35433070866142 72.44094488188976 la
1877.1653543307086 2411.0236220472443 357.4803149606299 72.44094488188976 captivité
2152.755905511811 2411.0236220472443 165.35433070866142 72.44094488188976 de
2234.6456692913384 2411.0236220472443 247.24409448818898 72.44094488188976 Marie
2373.228346456693 2411.0236220472443 274.01574803149606 72.44094488188976 Stuart.)

1004.7244094488188 2559.0551181102364 373.2283464566929 107.08661417322834 ★11★
1239.3700787401574 2559.0551181102364 560.6299212598425 107.08661417322834 FRANÇOIS
1659.8425196850394 2559.0551181102364 327.5590551181102 107.08661417322834 II,
1845.6692913385828 2559.0551181102364 280.31496062992125 107.08661417322834 n.
1985.8267716535433 2559.0551181102364 233.0708661417323 107.08661417322834 à
2080.314960629921 2559.0551181102364 840.9448818897638 107.08661417322834 Fontainebleau,
2781.1023622047246 2559.0551181102364 280.31496062992125 107.08661417322834 19
2921.259842519685 2559.0551181102364 513.3858267716536 107.08661417322834 janvier
3294.488188976378 2559.0551181102364 420.4724409448819 107.08661417322834 1544,
3574.803149606299 2559.0551181102364 373.2283464566929 107.08661417322834 fils
3807.8740157480315 2559.0551181102364 327.5590551181102 107.08661417322834 des
3948.031496062992 2559.0551181102364 607.8740157480315 107.08661417322834 précédents,

1011.0236220472441 2667.716535433071 285.03937007874015 102.36220472440945 roi
1174.8031496062993 2667.716535433071 245.66929133858267 102.36220472440945 le
1297.6377952755906 2667.716535433071 245.66929133858267 102.36220472440945 10
1418.8976377952756 2667.716535433071 448.81889763779526 102.36220472440945 juillet
1746.4566929133857 2667.716535433071 366.92913385826773 102.36220472440945 1559,
1990.5511811023623 2667.716535433071 245.66929133858267 102.36220472440945 m.
2113.3858267716537 2667.716535433071 204.7244094488189 102.36220472440945 à
2195.2755905511813 2667.716535433071 489.76377952755905 102.36220472440945 Amboise,
2562.2047244094488 2667.716535433071 204.7244094488189 102.36220472440945 5
2644.0944881889764 2667.716535433071 489.76377952755905 102.36220472440945 décembre
2971.6535433070867 2667.716535433071 285.03937007874015 102.36220472440945 1560.

1092.9133858267717 2812.5984251968503 203.1496062992126 83.46456692913385 L.
1195.275590551181 2812.5984251968503 237.79527559055117 83.46456692913385 S.,
1330.708661417323 2812.5984251968503 237.79527559055117 83.46456692913385 sur
1466.1417322834645 2812.5984251968503 338.5826771653543 83.46456692913385 vélin,
1703.9370078740158 2812.5984251968503 170.07874015748033 83.46456692913385 à
1771.6535433070867 2812.5984251968503 406.2992125984252 83.46456692913385 François
2077.165354330709 2812.5984251968503 203.1496062992126 83.46456692913385 de
2179.527559055118 2812.5984251968503 406.2992125984252 83.46456692913385 Raconys,
2485.0393700787404 2812.5984251968503 440.9448818897638 83.46456692913385 trésorier
2823.6220472440946 2812.5984251968503 237.79527559055117 83.46456692913385 des
2925.984251968504 2812.5984251968503 338.5826771653543 83.46456692913385 guerres;

1015.7480314960629 2899.212598425197 773.2283464566929 83.46456692913385 Montiers-sur-Saulx
1683.4645669291338 2899.212598425197 316.53543307086613 83.46456692913385 (près
1894.4881889763778 2899.212598425197 211.0236220472441 83.46456692913385 de
2000.0 2899.212598425197 562.2047244094488 83.46456692913385 Bar-le-Duc),
2456.6929133858266 2899.212598425197 176.3779527559055 83.46456692913385 5
2525.984251968504 2899.212598425197 385.8267716535433 83.46456692913385 octobre
2807.8740157480315 2899.212598425197 316.53543307086613 83.46456692913385 1559,
3018.8976377952754 2899.212598425197 245.66929133858267 83.46456692913385 1/2
3124.4094488188975 2899.212598425197 140.15748031496062 83.46456692913385 p.

1014.1732283464567 2987.4015748031497 357.4803149606299 83.46456692913385 in-fol.
1275.5905511811025 2987.4015748031497 357.4803149606299 83.46456692913385 oblong.
1535.4330708661416 2987.4015748031497 422.0472440944882 83.46456692913385 (Coll.
1859.8425196850394 2987.4015748031497 357.4803149606299 83.46456692913385 Charles
2121.259842519685 2987.4015748031497 195.2755905511811 83.46456692913385 de
2217.3228346456694 2987.4015748031497 455.11811023622045 83.46456692913385 Halm.)
2576.3779527559054 2987.4015748031497 162.20472440944883 83.46456692913385 —
2640.9448818897636 2987.4015748031497 195.2755905511811 83.46456692913385 P.
2738.582677165354 2987.4015748031497 195.2755905511811 83.46456692913385 de
2803.149606299213 2987.4015748031497 390.5511811023622 83.46456692913385 Moncornet.

1072.4409448818897 3108.6614173228345 270.86614173228344 69.29133858267717 Ordre
1253.5433070866143 3108.6614173228345 181.10236220472441 69.29133858267717 de
1343.3070866141732 3108.6614173228345 270.86614173228344 69.29133858267717 payer
1524.4094488188975 3108.6614173228345 240.9448818897638 69.29133858267717 sept
1674.015748031496 3108.6614173228345 240.9448818897638 69.29133858267717 cent
1825.1968503937007 3108.6614173228345 541.7322834645669 69.29133858267717 soixante-trois
2275.5905511811025 3108.6614173228345 300.78740157480314 69.29133858267717 livres
2486.6141732283463 3108.6614173228345 151.1811023622047 69.29133858267717 à
2546.4566929133857 3108.6614173228345 211.0236220472441 69.29133858267717 des
2667.716535433071 3108.6614173228345 300.78740157480314 69.29133858267717 hommes
2878.740157480315 3108.6614173228345 330.70866141732284 69.29133858267717 d’armes
3118.1102362204724 3108.6614173228345 181.10236220472441 69.29133858267717 et
3179.527559055118 3108.6614173228345 89.76377952755905 69.29133858267717 à

1015.7480314960629 3182.6771653543306 203.1496062992126 61.41732283464567 des
1130.708661417323 3182.6771653543306 319.68503937007875 61.41732283464567 archers
1363.7795275590552 3182.6771653543306 233.0708661417323 61.41732283464567 pour
1510.236220472441 3182.6771653543306 261.4173228346457 61.41732283464567 leurs
1655.1181102362204 3182.6771653543306 233.0708661417323 61.41732283464567 gages.

1000.0 3297.6377952755906 379.5275590551181 121.25984251968504 ★12★
1236.2204724409448 3297.6377952755906 426.7716535433071 121.25984251968504 MARIE
1521.259842519685 3297.6377952755906 521.2598425196851 121.25984251968504 STUART,
1899.2125984251968 3297.6377952755906 283.46456692913387 121.25984251968504 n.
2042.5196850393702 3297.6377952755906 236.2204724409449 121.25984251968504 à
2137.0078740157483 3297.6377952755906 662.992125984252 121.25984251968504 Linlithgow
2658.267716535433 3297.6377952755906 615.7480314960629 121.25984251968504 (Écosse),
3132.283464566929 3297.6377952755906 236.2204724409449 121.25984251968504 5
3226.771653543307 3297.6377952755906 568.503937007874 121.25984251968504 décembre
3651.968503937008 3297.6377952755906 426.7716535433071 121.25984251968504 1542,
3937.0078740157483 3297.6377952755906 426.7716535433071 121.25984251968504 fille
4220.472440944882 3297.6377952755906 283.46456692913387 121.25984251968504 du
4316.535433070866 3297.6377952755906 236.2204724409449 121.25984251968504 roi

1003.1496062992126 3418.8976377952754 537.007874015748 110.23622047244095 d’Écosse
1404.724409448819 3418.8976377952754 492.9133858267717 110.23622047244095 Jacques
1763.7795275590552 3418.8976377952754 269.29133858267716 110.23622047244095 V,
1897.6377952755906 3418.8976377952754 403.1496062992126 110.23622047244095 femme
2166.9291338582675 3418.8976377952754 269.29133858267716 110.23622047244095 de
2300.787401574803 3418.8976377952754 537.007874015748 110.23622047244095 François
2703.9370078740158 3418.8976377952754 269.29133858267716 110.23622047244095 II
2837.7952755905512 3418.8976377952754 313.38582677165357 110.23622047244095 (24
2971.6535433070867 3418.8976377952754 313.38582677165357 110.23622047244095 avril

1012.5984251968504 3527.5590551181103 418.8976377952756 105.51181102362204 1558),
1305.5118110236222 3527.5590551181103 543.3070866141733 105.51181102362204 décapitée
1724.4094488188975 3527.5590551181103 209.4488188976378 105.51181102362204 à
1807.8740157480315 3527.5590551181103 626.7716535433071 105.51181102362204 Fotheringay
2310.236220472441 3527.5590551181103 250.39370078740157 105.51181102362204 le
2434.6456692913384 3527.5590551181103 250.39370078740157 105.51181102362204 18
2560.6299212598424 3527.5590551181103 459.84251968503935 105.51181102362204 février
2853.5433070866143 3527.5590551181103 292.9133858267717 105.51181102362204 1587.

1086.6141732283465 3656.6929133858266 217.3228346456693 91.33858267716535 P.
1195.275590551181 3656.6929133858266 253.54330708661416 91.33858267716535 S.,
1340.1574803149606 3656.6929133858266 253.54330708661416 91.33858267716535 sur
1485.0393700787401 3656.6929133858266 362.20472440944883 91.33858267716535 vélin;
1740.1574803149606 3656.6929133858266 398.4251968503937 91.33858267716535 château
2029.9212598425197 3656.6929133858266 217.3228346456693 91.33858267716535 de
2138.582677165354 3656.6929133858266 507.0866141732283 91.33858267716535 Sheffield,
2537.0078740157483 3656.6929133858266 398.4251968503937 91.33858267716535 février
2828.3464566929133 3656.6929133858266 325.98425196850394 91.33858267716535 1582,
3045.6692913385828 3656.6929133858266 253.54330708661416 91.33858267716535 1/2
3154.3307086614172 3656.6929133858266 144.88188976377953 91.33858267716535 p.

1014.1732283464567 3743.3070866141734 368.503937007874 88.18897637795276 in-fol.
1281.8897637795276 3743.3070866141734 368.503937007874 88.18897637795276 oblong.
1549.6062992125985 3743.3070866141734 436.2204724409449 88.18897637795276 (Coll.
1885.0393700787401 3743.3070866141734 670.8661417322835 88.18897637795276 Dubrunfaut.)
2455.1181102362207 3743.3070866141734 166.9291338582677 88.18897637795276 —
2521.259842519685 3743.3070866141734 201.5748031496063 88.18897637795276 P.
2622.047244094488 3743.3070866141734 201.5748031496063 88.18897637795276 de
2722.834645669291 3743.3070866141734 335.43307086614175 88.18897637795276 Thomas
2957.48031496063 3743.3070866141734 201.5748031496063 88.18897637795276 de
3023.6220472440946 3743.3070866141734 201.5748031496063 88.18897637795276 Leu.

1070.8661417322835 3853.5433070866143 255.11811023622047 69.29133858267717 Pièce
1240.9448818897638 3853.5433070866143 170.07874015748033 69.29133858267717 où
1325.984251968504 3853.5433070866143 226.77165354330708 69.29133858267717 elle
1466.1417322834645 3853.5433070866143 255.11811023622047 69.29133858267717 prend
1636.2204724409448 3853.5433070866143 170.07874015748033 69.29133858267717 le
1721.259842519685 3853.5433070866143 255.11811023622047 69.29133858267717 titre
1891.3385826771653 3853.5433070866143 170.07874015748033 69.29133858267717 de
1974.8031496062993 3853.5433070866143 395.2755905511811 69.29133858267717 douairière
2286.6141732283463 3853.5433070866143 170.07874015748033 69.29133858267717 de
2371.6535433070867 3853.5433070866143 310.23622047244095 69.29133858267717 France.
2596.850393700787 3853.5433070866143 226.77165354330708 69.29133858267717 Elle
2738.582677165354 3853.5433070866143 310.23622047244095 69.29133858267717 octroie
2965.3543307086616 3853.5433070866143 141.73228346456693 69.29133858267717 à
3022.047244094488 3853.5433070866143 226.77165354330708 69.29133858267717 Jean
3133.8582677165355 3853.5433070866143 170.07874015748033 69.29133858267717 Botz

1014.1732283464567 3924.4094488188975 179.5275590551181 66.14173228346456 la
1103.9370078740158 3924.4094488188975 357.4803149606299 66.14173228346456 première
1371.6535433070867 3924.4094488188975 357.4803149606299 66.14173228346456 prébende
1640.9448818897638 3924.4094488188975 209.4488188976378 66.14173228346456 qui
1760.6299212598426 3924.4094488188975 327.5590551181102 66.14173228346456 viendra
1998.4251968503936 3924.4094488188975 149.60629921259843 66.14173228346456 à
2028.3464566929133 3924.4094488188975 269.29133858267716 66.14173228346456 vaquer.

995.2755905511812 4058.267716535433 387.40157480314963 105.51181102362204 ★13★
1237.7952755905512 4058.267716535433 532.2834645669292 105.51181102362204 CHARLES
1625.1968503937007 4058.267716535433 338.5826771653543 105.51181102362204 IX,
1818.8976377952756 4058.267716535433 291.33858267716533 105.51181102362204 n.
1965.3543307086613 4058.267716535433 242.51968503937007 105.51181102362204 à
2061.417322834646 4058.267716535433 1259.8425196850394 105.51181102362204 Saint-Germain-en-Laye,
3176.3779527559054 4058.267716535433 291.33858267716533 105.51181102362204 27
3321.259842519685 4058.267716535433 387.40157480314963 105.51181102362204 juin
3563.779527559055 4058.267716535433 436.2204724409449 105.51181102362204 1550,
3853.5433070866143 4058.267716535433 436.2204724409449 105.51181102362204 frère
4144.881889763779 4058.267716535433 291.33858267716533 105.51181102362204 et
4240.944881889764 4058.267716535433 291.33858267716533 105.51181102362204 suc-

1000.0 4166.929133858268 475.59055118110234 111.81102362204724 cesseur
1344.8818897637796 4166.929133858268 259.84251968503935 111.81102362204724 de
1474.015748031496 4166.929133858268 518.1102362204724 111.81102362204724 François
1864.5669291338584 4166.929133858268 302.3622047244094 111.81102362204724 II,
2036.2204724409448 4166.929133858268 302.3622047244094 111.81102362204724 roi
2209.448818897638 4166.929133858268 259.84251968503935 111.81102362204724 le
2338.582677165354 4166.929133858268 215.748031496063 111.81102362204724 5
2425.196850393701 4166.929133858268 518.1102362204724 111.81102362204724 décembre
2814.1732283464567 4166.929133858268 388.9763779527559 111.81102362204724 1560,
3074.015748031496 4166.929133858268 259.84251968503935 111.81102362204724 m.
3203.149606299213 4166.929133858268 215.748031496063 111.81102362204724 à
3289.763779527559 4166.929133858268 604.7244094488188 111.81102362204724 Vincennes,
3765.3543307086616 4166.929133858268 259.84251968503935 111.81102362204724 30
3896.0629921259842 4166.929133858268 302.3622047244094 111.81102362204724 mai
4025.196850393701 4166.929133858268 302.3622047244094 111.81102362204724 1574.

1085.0393700787401 4296.062992125984 204.7244094488189 99.21259842519684 L.
1187.4015748031495 4296.062992125984 239.37007874015748 99.21259842519684 S.,
1324.4094488188975 4296.062992125984 272.4409448818898 99.21259842519684 avec
1494.4881889763778 4296.062992125984 204.7244094488189 99.21259842519684 la
1598.4251968503936 4296.062992125984 546.4566929133858 99.21259842519684 souscription
2040.9448818897638 4296.062992125984 511.81102362204723 99.21259842519684 autographe,
2451.968503937008 4296.062992125984 170.07874015748033 99.21259842519684 à
2519.685039370079 4296.062992125984 239.37007874015748 99.21259842519684 son
2656.6929133858266 4296.062992125984 307.0866141732283 99.21259842519684 frère
2861.417322834646 4296.062992125984 204.7244094488189 99.21259842519684 le
2963.779527559055 4296.062992125984 239.37007874015748 99.21259842519684 duc
3099.212598425197 4296.062992125984 374.8031496062992 99.21259842519684 d’Anjou
3373.228346456693 4296.062992125984 374.8031496062992 99.21259842519684 (depuis
3645.6692913385828 4296.062992125984 307.0866141732283 99.21259842519684 Henri
3850.3937007874015 4296.062992125984 307.0866141732283 99.21259842519684 III);
4055.1181102362207 4296.062992125984 341.73228346456693 99.21259842519684 Paris,
4294.488188976378 4296.062992125984 204.7244094488189 99.21259842519684 11
4363.779527559055 4296.062992125984 170.07874015748033 99.21259842519684 fé-

1007.8740157480315 4382.677165354331 294.48818897637796 92.91338582677166 vrier
1204.724409448819 4382.677165354331 294.48818897637796 92.91338582677166 1573,
1401.5748031496064 4382.677165354331 163.7795275590551 92.91338582677166 2
1466.1417322834645 4382.677165354331 196.8503937007874 92.91338582677166 p.
1563.7795275590552 4382.677165354331 392.12598425196853 92.91338582677166 in-fol.,
1858.267716535433 4382.677165354331 294.48818897637796 92.91338582677166 trace
2055.1181102362207 4382.677165354331 196.8503937007874 92.91338582677166 de
2152.755905511811 4382.677165354331 360.62992125984255 92.91338582677166 cachet.
2415.748031496063 4382.677165354331 425.1968503937008 92.91338582677166 (Coll.
2741.732283464567 4382.677165354331 425.1968503937008 92.91338582677166 Esterhazy
3069.2913385826773 4382.677165354331 196.8503937007874 92.91338582677166 et
3166.9291338582675 4382.677165354331 555.9055118110236 92.91338582677166 Rathery.)
3625.196850393701 4382.677165354331 163.7795275590551 92.91338582677166 —
3691.3385826771655 4382.677165354331 196.8503937007874 92.91338582677166 P.
3788.9763779527557 4382.677165354331 196.8503937007874 92.91338582677166 de
3855.1181102362207 4382.677165354331 392.12598425196853 92.91338582677166 Moncornet.

1067.716535433071 4478.740157480315 384.251968503937 96.06299212598425 Importante
1368.5039370078741 4478.740157480315 302.3622047244094 96.06299212598425 lettre,
1588.976377952756 4478.740157480315 274.01574803149606 96.06299212598425 écrite
1781.1023622047244 4478.740157480315 192.1259842519685 96.06299212598425 par
1891.3385826771653 4478.740157480315 165.35433070866142 96.06299212598425 le
1973.2283464566929 4478.740157480315 384.251968503937 96.06299212598425 secrétaire
2275.5905511811025 4478.740157480315 274.01574803149606 96.06299212598425 d’État
2439.3700787401576 4478.740157480315 247.24409448818898 96.06299212598425 Nicolas

1009.4488188976378 4563.779527559055 179.5275590551181 72.44094488188976 de
1099.2125984251968 4563.779527559055 418.8976377952756 72.44094488188976 Neufville,
1428.3464566929133 4563.779527559055 269.29133858267716 72.44094488188976 sieur
1607.8740157480315 4563.779527559055 179.5275590551181 72.44094488188976 de
1697.6377952755906 4563.779527559055 388.9763779527559 72.44094488188976 Villeroy,
1998.4251968503936 4563.779527559055 179.5275590551181 72.44094488188976 au
2088.1889763779527 4563.779527559055 209.4488188976378 72.44094488188976 duc
2207.8740157480315 4563.779527559055 329.13385826771656 72.44094488188976 d’Anjou
2447.244094488189 4563.779527559055 239.37007874015748 72.44094488188976 qui,
2566.9291338582675 4563.779527559055 119.68503937007874 72.44094488188976 ce

1012.5984251968504 4629.921259842519 222.04724409448818 77.16535433070867 même
1152.755905511811 4629.921259842519 250.39370078740157 77.16535433070867 jour,
1319.6850393700788 4629.921259842519 250.39370078740157 77.16535433070867 était
1486.6141732283465 4629.921259842519 278.74015748031496 77.16535433070867 arrivé
1681.8897637795276 4629.921259842519 278.74015748031496 77.16535433070867 devant
1875.5905511811025 4629.921259842519 166.9291338582677 77.16535433070867 La
1959.0551181102362 4629.921259842519 333.8582677165354 77.16535433070867 Rochelle
2209.448818897638 4629.921259842519 166.9291338582677 77.16535433070867 et
2294.488188976378 4629.921259842519 250.39370078740157 77.16535433070867 avait
2461.417322834646 4629.921259842519 222.04724409448818 77.16535433070867 pris
2571.6535433070867 4629.921259842519 111.81102362204724 77.16535433070867 le

1009.4488188976378 4694.488188976378 469.29133858267716 67.71653543307086 commandement
1390.5511811023623 4694.488188976378 176.3779527559055 67.71653543307086 de
1478.740157480315 4694.488188976378 322.8346456692913 67.71653543307086 l’armée
1713.3858267716535 4694.488188976378 204.7244094488189 67.71653543307086 qui
1829.9212598425197 4694.488188976378 411.0236220472441 67.71653543307086 assiégeait
2152.755905511811 4694.488188976378 262.99212598425197 67.71653543307086 cette
2329.1338582677167 4694.488188976378 292.9133858267717 67.71653543307086 ville.
2533.8582677165355 4694.488188976378 146.45669291338584 67.71653543307086 —
2563.779527559055 4694.488188976378 116.53543307086615 67.71653543307086 Il

1012.5984251968504 4762.204724409449 149.60629921259843 80.31496062992126 a
1072.4409448818897 4762.204724409449 297.6377952755906 80.31496062992126 appris
1280.3149606299212 4762.204724409449 207.8740157480315 80.31496062992126 que
1400.0 4762.204724409449 179.5275590551181 80.31496062992126 le
1489.763779527559 4762.204724409449 207.8740157480315 80.31496062992126 duc
1609.4488188976377 4762.204724409449 387.40157480314963 80.31496062992126 préparait
1907.0866141732283 4762.204724409449 207.8740157480315 80.31496062992126 une
2026.7716535433071 4762.204724409449 297.6377952755906 80.31496062992126 grande
2234.6456692913384 4762.204724409449 179.5275590551181 80.31496062992126 et
2324.4094488188975 4762.204724409449 267.7165354330709 80.31496062992126 forte
2474.015748031496 4762.204724409449 207.8740157480315 80.31496062992126 armée

1009.4488188976378 4826.771653543307 182.6771653543307 80.31496062992126 de
1100.7874015748032 4826.771653543307 212.5984251968504 80.31496062992126 mer
1222.0472440944882 4826.771653543307 244.09448818897638 80.31496062992126 pour
1373.2283464566929 4826.771653543307 395.2755905511811 80.31496062992126 combattre
1678.740157480315 4826.771653543307 244.09448818897638 80.31496062992126 ceux
1829.9212598425197 4826.771653543307 212.5984251968504 80.31496062992126 qui
1951.1811023622047 4826.771653543307 425.1968503937008 80.31496062992126 voudraient
2286.6141732283463 4826.771653543307 365.3543307086614 80.31496062992126 secourir
2529.1338582677167 4826.771653543307 152.75590551181102 80.31496062992126 les

1011.0236220472441 4894.488188976378 417.3228346456693 77.16535433070867 Rochelais,
1338.5826771653544 4894.488188976378 179.5275590551181 77.16535433070867 et
1428.3464566929133 4894.488188976378 269.29133858267716 77.16535433070867 qu’on
1607.8740157480315 4894.488188976378 387.40157480314963 77.16535433070867 proposait
1905.5118110236222 4894.488188976378 179.5275590551181 77.16535433070867 de
1995.275590551181 4894.488188976378 297.6377952755906 77.16535433070867 donner
2204.7244094488187 4894.488188976378 179.5275590551181 77.16535433070867 le
2264.566929133858 4894.488188976378 417.3228346456693 77.16535433070867 commandement

1007.8740157480315 4960.629921259842 176.3779527559055 64.56692913385827 de
1096.0629921259842 4960.629921259842 264.56692913385825 64.56692913385827 cette
1272.4409448818897 4960.629921259842 264.56692913385825 64.56692913385827 armée
1448.8188976377953 4960.629921259842 146.45669291338584 64.56692913385827 à
1507.0866141732283 4960.629921259842 204.7244094488189 64.56692913385827 son
1625.1968503937007 4960.629921259842 264.56692913385825 64.56692913385827 frère
1800.0 4960.629921259842 176.3779527559055 64.56692913385827 le
1888.1889763779527 4960.629921259842 204.7244094488189 64.56692913385827 duc
2006.2992125984251 4960.629921259842 381.1023622047244 64.56692913385827 d’Alençon
2299.212598425197 4960.629921259842 176.3779527559055 64.56692913385827 et
2387.4015748031497 4960.629921259842 176.3779527559055 64.56692913385827 au
2475.5905511811025 4960.629921259842 204.7244094488189 64.56692913385827 roi
2563.779527559055 4960.629921259842 118.11023622047244 64.56692913385827 de

1007.8740157480315 5026.771653543307 329.13385826771656 77.16535433070867 Navarre
1247.244094488189 5026.771653543307 299.21259842519686 77.16535433070867 (Henri
1456.6929133858268 5026.771653543307 239.37007874015748 77.16535433070867 IV).
1606.2992125984251 5026.771653543307 179.5275590551181 77.16535433070867 Il
1696.0629921259842 5026.771653543307 359.0551181102362 77.16535433070867 s’oppose
1965.3543307086613 5026.771653543307 418.8976377952756 77.16535433070867 absolument
2294.488188976378 5026.771653543307 149.60629921259843 77.16535433070867 à
2354.3307086614172 5026.771653543307 179.5275590551181 77.16535433070867 ce
2414.1732283464567 5026.771653543307 269.29133858267716 77.16535433070867 projet,

1011.0236220472441 5096.062992125984 234.64566929133858 75.59055118110236 «car
1159.0551181102362 5096.062992125984 234.64566929133858 75.59055118110236 vous
1305.5118110236222 5096.062992125984 292.9133858267717 75.59055118110236 sçavez
1510.236220472441 5096.062992125984 234.64566929133858 75.59055118110236 bien
1656.6929133858268 5096.062992125984 204.7244094488189 75.59055118110236 que
1774.8031496062993 5096.062992125984 234.64566929133858 75.59055118110236 leur
1921.259842519685 5096.062992125984 411.0236220472441 75.59055118110236 permettant
2244.0944881889764 5096.062992125984 264.56692913385825 75.59055118110236 aller
2390.551181102362 5096.062992125984 292.9133858267717 75.59055118110236 avecques

1009.4488188976378 5163.779527559055 255.11811023622047 77.16535433070867 vous,
1179.5275590551182 5163.779527559055 198.4251968503937 77.16535433070867 c’a
1292.9133858267717 5163.779527559055 226.77165354330708 77.16535433070867 esté
1434.6456692913387 5163.779527559055 141.73228346456693 77.16535433070867 à
1491.3385826771653 5163.779527559055 170.07874015748033 77.16535433070867 la
1576.3779527559054 5163.779527559055 283.46456692913387 77.16535433070867 charge
1774.8031496062993 5163.779527559055 283.46456692913387 77.16535433070867 qu’ils
1973.2283464566929 5163.779527559055 170.07874015748033 77.16535433070867 ne
2058.267716535433 5163.779527559055 226.77165354330708 77.16535433070867 vous
2171.6535433070867 5163.779527559055 510.23622047244095 77.16535433070867 habandonneroyent

1007.8740157480315 5228.346456692913 464.56692913385825 75.59055118110236 aucunement,
1379.5275590551182 5228.346456692913 247.24409448818898 75.59055118110236 ains
1535.4330708661416 5228.346456692913 185.82677165354332 75.59055118110236 se
1628.3464566929133 5228.346456692913 464.56692913385825 75.59055118110236 tiendroyent
2000.0 5228.346456692913 527.5590551181102 75.59055118110236 ordinairement
2434.6456692913384 5228.346456692913 247.24409448818898 75.59055118110236 prez
2557.48031496063 5228.346456692913 124.40944881889764 75.59055118110236 de

1007.8740157480315 5297.63779527559 239.37007874015748 78.74015748031496 vous
1157.4803149606298 5297.63779527559 179.5275590551181 78.74015748031496 et
1247.244094488189 5297.63779527559 388.9763779527559 78.74015748031496 n’iroyent
1546.4566929133857 5297.63779527559 179.5275590551181 78.74015748031496 en
1636.2204724409448 5297.63779527559 299.21259842519686 78.74015748031496 aucune
1845.6692913385828 5297.63779527559 329.13385826771656 78.74015748031496 faction
2083.464566929134 5297.63779527559 239.37007874015748 78.74015748031496 sans
2233.0708661417325 5297.63779527559 269.29133858267716 78.74015748031496 vous.
2412.5984251968503 5297.63779527559 179.5275590551181 78.74015748031496 Au
2472.4409448818897 5297.63779527559 209.4488188976378 78.74015748031496 moyen

1007.8740157480315 5363.779527559055 182.6771653543307 81.88976377952756 de
1099.2125984251968 5363.779527559055 274.01574803149606 81.88976377952756 quoy,
1281.8897637795276 5363.779527559055 212.5984251968504 81.88976377952756 mon
1403.1496062992126 5363.779527559055 305.51181102362204 81.88976377952756 frère,
1617.3228346456692 5363.779527559055 182.6771653543307 81.88976377952756 je
1708.6614173228347 5363.779527559055 244.09448818897638 81.88976377952756 vous
1861.4173228346456 5363.779527559055 244.09448818897638 81.88976377952756 prie
2012.5984251968505 5363.779527559055 274.01574803149606 81.88976377952756 faire
2195.2755905511813 5363.779527559055 365.3543307086614 81.88976377952756 entendre
2470.8661417322833 5363.779527559055 152.75590551181102 81.88976377952756 à
2500.787401574803 5363.779527559055 182.6771653543307 81.88976377952756 tous

1009.4488188976378 5431.496062992126 255.11811023622047 80.31496062992126 ceulx
1179.5275590551182 5431.496062992126 198.4251968503937 80.31496062992126 qui
1292.9133858267717 5431.496062992126 368.503937007874 80.31496062992126 donneront
1576.3779527559054 5431.496062992126 170.07874015748033 80.31496062992126 ce
1661.4173228346456 5431.496062992126 311.81102362204723 80.31496062992126 conseil
1886.6141732283465 5431.496062992126 170.07874015748033 80.31496062992126 et
1971.6535433070867 5431.496062992126 283.46456692913387 80.31496062992126 feront
2170.0787401574803 5431.496062992126 255.11811023622047 80.31496062992126 ceste
2311.8110236220473 5431.496062992126 368.503937007874 80.31496062992126 proposition

1007.8740157480315 5500.787401574803 201.5748031496063 77.16535433070867 que
1122.8346456692914 5500.787401574803 201.5748031496063 77.16535433070867 non
1237.7952755905512 5500.787401574803 404.7244094488189 77.16535433070867 seullement
1555.9055118110236 5500.787401574803 173.22834645669292 77.16535433070867 je
1642.5196850393702 5500.787401574803 173.22834645669292 77.16535433070867 ne
1729.1338582677165 5500.787401574803 231.49606299212599 77.16535433070867 l’ay
1874.015748031496 5500.787401574803 376.37795275590554 77.16535433070867 agréable,
2163.779527559055 5500.787401574803 231.49606299212599 77.16535433070867 mais
2307.0866141732286 5500.787401574803 173.22834645669292 77.16535433070867 je
2393.700787401575 5500.787401574803 173.22834645669292 77.16535433070867 la
2451.968503937008 5500.787401574803 231.49606299212599 77.16535433070867 trouve

1006.2992125984252 5570.078740157481 234.64566929133858 72.44094488188976 très
1154.3307086614172 5570.078740157481 469.29133858267716 72.44094488188976 mauvaise...»
1535.4330708661416 5570.078740157481 146.45669291338584 72.44094488188976 —
1593.7007874015749 5570.078740157481 352.755905511811 72.44094488188976 (Charles
1858.267716535433 5570.078740157481 176.3779527559055 72.44094488188976 IX
1946.4566929133857 5570.078740157481 176.3779527559055 72.44094488188976 se
2034.6456692913387 5570.078740157481 322.8346456692913 72.44094488188976 méfiait
2269.2913385826773 5570.078740157481 176.3779527559055 72.44094488188976 de
2357.48031496063 5570.078740157481 206.29921259842519 72.44094488188976 son
2445.6692913385828 5570.078740157481 234.64566929133858 72.44094488188976 frère,

1007.8740157480315 5637.795275590551 176.3779527559055 75.59055118110236 le
1096.0629921259842 5637.795275590551 206.29921259842519 75.59055118110236 duc
1214.1732283464567 5637.795275590551 352.755905511811 75.59055118110236 d’Anjou,
1478.740157480315 5637.795275590551 381.1023622047244 75.59055118110236 ambitieux
1771.6535433070867 5637.795275590551 176.3779527559055 75.59055118110236 et
1859.8425196850394 5637.795275590551 322.8346456692913 75.59055118110236 jaloux,
2094.488188976378 5637.795275590551 176.3779527559055 75.59055118110236 et
2182.6771653543306 5637.795275590551 176.3779527559055 75.59055118110236 de
2270.8661417322833 5637.795275590551 206.29921259842519 75.59055118110236 son
2388.9763779527557 5637.795275590551 292.9133858267717 75.59055118110236 cousin
2563.779527559055 5637.795275590551 118.11023622047244 75.59055118110236 le

1007.8740157480315 5707.086614173229 206.29921259842519 70.86614173228347 roi
1125.984251968504 5707.086614173229 176.3779527559055 70.86614173228347 de
1214.1732283464567 5707.086614173229 352.755905511811 70.86614173228347 Navarre,
1478.740157480315 5707.086614173229 352.755905511811 70.86614173228347 converti
1743.3070866141732 5707.086614173229 206.29921259842519 70.86614173228347 par
1861.4173228346456 5707.086614173229 264.56692913385825 70.86614173228347 force
2037.7952755905512 5707.086614173229 234.64566929133858 70.86614173228347 lors
2184.251968503937 5707.086614173229 176.3779527559055 70.86614173228347 de
2274.015748031496 5707.086614173229 176.3779527559055 70.86614173228347 la
2332.283464566929 5707.086614173229 352.755905511811 70.86614173228347 Saint-

1007.8740157480315 5779.527559055118 324.40944881889766 72.44094488188976 thélemy,
1250.3937007874015 5779.527559055118 162.20472440944883 72.44094488188976 et
1332.283464566929 5779.527559055118 162.20472440944883 72.44094488188976 il
1412.5984251968505 5779.527559055118 351.18110236220474 72.44094488188976 craignait
1683.4645669291338 5779.527559055118 270.86614173228344 72.44094488188976 qu'ils
1872.4409448818897 5779.527559055118 162.20472440944883 72.44094488188976 ne
1954.3307086614172 5779.527559055118 297.6377952755906 72.44094488188976 fissent
2170.0787401574803 5779.527559055118 242.51968503937007 72.44094488188976 cause
2332.283464566929 5779.527559055118 297.6377952755906 72.44094488188976 commune
2521.259842519685 5779.527559055118 162.20472440944883 72.44094488188976 avec

1009.4488188976378 5844.094488188976 201.5748031496063 70.86614173228347 les
1124.4094488188975 5844.094488188976 431.496062992126 70.86614173228347 protestants
1469.291338582677 5844.094488188976 173.22834645669292 70.86614173228347 de
1555.9055118110236 5844.094488188976 173.22834645669292 70.86614173228347 La
1642.5196850393702 5844.094488188976 374.8031496062992 70.86614173228347 Rochelle.
1930.708661417323 5844.094488188976 316.53543307086613 70.86614173228347 Ceux-ci
2162.2047244094488 5844.094488188976 173.22834645669292 70.86614173228347 se
2248.818897637795 5844.094488188976 431.496062992126 70.86614173228347 défendirent
2565.3543307086616 5844.094488188976 114.96062992125984 70.86614173228347 si

1011.0236220472441 5911.811023622047 212.5984251968504 72.44094488188976 bien
1143.3070866141732 5911.811023622047 185.82677165354332 72.44094488188976 que
1250.3937007874015 5911.811023622047 159.0551181102362 72.44094488188976 le
1329.1338582677165 5911.811023622047 185.82677165354332 72.44094488188976 roi
1436.2204724409448 5911.811023622047 185.82677165354332 72.44094488188976 dut
1541.732283464567 5911.811023622047 239.37007874015748 72.44094488188976 faire
1700.7874015748032 5911.811023622047 159.0551181102362 72.44094488188976 la
1781.1023622047244 5911.811023622047 212.5984251968504 72.44094488188976 paix
1913.3858267716535 5911.811023622047 159.0551181102362 72.44094488188976 le
1992.1259842519685 5911.811023622047 132.28346456692913 72.44094488188976 6
2045.6692913385828 5911.811023622047 291.33858267716533 72.44094488188976 juillet
2231.496062992126 5911.811023622047 291.33858267716533 72.44094488188976 suivant.)
