5642.51968503937 7324.4094488188975
1066.1417322834645 933.8582677165355 648.8188976377953 86.61417322834646 8
1324.4094488188975 933.8582677165355 1166.9291338582677 86.61417322834646 CHEFS
2103.9370078740158 933.8582677165355 777.9527559055118 86.61417322834646 DE
2492.9133858267714 933.8582677165355 2075.5905511811025 86.61417322834646 GOUVERNEMENT
4048.818897637795 933.8582677165355 648.8188976377953 86.61417322834646 S.1

1144.8818897637796 1388.976377952756 395.2755905511811 94.48818897637796 ★14★
1390.5511811023623 1388.976377952756 592.1259842519685 94.48818897637796 ISABELLE
1836.2204724409448 1388.976377952756 740.1574803149606 94.48818897637796 D’AUTRICHE,
2428.3464566929133 1388.976377952756 296.06299212598424 94.48818897637796 n.
2576.3779527559054 1388.976377952756 247.24409448818898 94.48818897637796 à
2675.5905511811025 1388.976377952756 543.3070866141733 94.48818897637796 Vienne,
3069.2913385826773 1388.976377952756 247.24409448818898 94.48818897637796 5
3168.503937007874 1388.976377952756 395.2755905511811 94.48818897637796 juin
3415.748031496063 1388.976377952756 444.09448818897636 94.48818897637796 1544,
3711.8110236220473 1388.976377952756 444.09448818897636 94.48818897637796 fille
4007.8740157480315 1388.976377952756 296.06299212598424 94.48818897637796 de
4107.086614173229 1388.976377952756 592.1259842519685 94.48818897637796 l’empereur

1146.4566929133857 1492.9133858267717 683.4645669291339 99.21259842519684 d’Allemagne
1692.9133858267717 1492.9133858267717 637.7952755905512 99.21259842519684 Maximilien
2193.700787401575 1492.9133858267717 318.1102362204724 99.21259842519684 II,
2376.3779527559054 1492.9133858267717 409.4488188976378 99.21259842519684 femme
2648.818897637795 1492.9133858267717 272.4409448818898 99.21259842519684 de
2785.8267716535433 1492.9133858267717 500.78740157480314 99.21259842519684 Charles
3149.6062992125985 1492.9133858267717 272.4409448818898 99.21259842519684 IX
3286.6141732283463 1492.9133858267717 318.1102362204724 99.21259842519684 (26
3467.716535433071 1492.9133858267717 546.4566929133858 99.21259842519684 novembre
3878.740157480315 1492.9133858267717 455.11811023622045 99.21259842519684 1570),
4196.850393700787 1492.9133858267717 272.4409448818898 99.21259842519684 m.
4333.858267716535 1492.9133858267717 363.7795275590551 99.21259842519684 dans
4514.96062992126 1492.9133858267717 182.6771653543307 99.21259842519684 le

1148.0314960629921 1596.8503937007874 475.59055118110234 99.21259842519684 couvent
1492.9133858267717 1596.8503937007874 259.84251968503935 99.21259842519684 de
1623.6220472440946 1596.8503937007874 777.9527559055118 99.21259842519684 Sainte-Claire,
2272.4409448818897 1596.8503937007874 215.748031496063 99.21259842519684 à
2357.48031496063 1596.8503937007874 433.07086614173227 99.21259842519684 Vienne
2661.417322834646 1596.8503937007874 648.8188976377953 99.21259842519684 (Autriche),
3179.527559055118 1596.8503937007874 259.84251968503935 99.21259842519684 22
3310.236220472441 1596.8503937007874 475.59055118110234 99.21259842519684 janvier
3612.5984251968503 1596.8503937007874 302.3622047244094 99.21259842519684 1592.

1236.2204724409448 1737.007874015748 214.17322834645668 83.46456692913385 L.
1343.3070866141732 1737.007874015748 214.17322834645668 83.46456692913385 S.
1451.9685039370079 1737.007874015748 179.5275590551181 83.46456692913385 à
1522.8346456692914 1737.007874015748 250.39370078740157 83.46456692913385 son
1666.1417322834645 1737.007874015748 321.25984251968504 83.46456692913385 oncle
1880.3149606299212 1737.007874015748 214.17322834645668 83.46456692913385 le
1987.4015748031495 1737.007874015748 250.39370078740157 83.46456692913385 duc
2130.7086614173227 1737.007874015748 214.17322834645668 83.46456692913385 de
2237.7952755905512 1737.007874015748 393.7007874015748 83.46456692913385 Bavière
2524.4094488188975 1737.007874015748 393.7007874015748 83.46456692913385 (Albert
2811.0236220472443 1737.007874015748 286.61417322834643 83.46456692913385 III,
2988.9763779527557 1737.007874015748 214.17322834645668 83.46456692913385 n.
3097.6377952755906 1737.007874015748 321.25984251968504 83.46456692913385 1528,
3311.8110236220473 1737.007874015748 214.17322834645668 83.46456692913385 m.
3418.8976377952754 1737.007874015748 357.4803149606299 83.46456692913385 1579);
3633.0708661417325 1737.007874015748 286.61417322834643 83.46456692913385 Paris,

1174.8031496062993 1826.7716535433071 181.10236220472441 80.31496062992126 21
1264.5669291338584 1826.7716535433071 330.70866141732284 80.31496062992126 juillet
1505.5118110236222 1826.7716535433071 360.62992125984255 80.31496062992126 1575,1/2
1776.3779527559054 1826.7716535433071 181.10236220472441 80.31496062992126 p.
1866.1417322834645 1826.7716535433071 360.62992125984255 80.31496062992126 in-fol.,
2137.0078740157483 1826.7716535433071 270.86614173228344 80.31496062992126 trace
2316.535433070866 1826.7716535433071 181.10236220472441 80.31496062992126 de
2406.299212598425 1826.7716535433071 330.70866141732284 80.31496062992126 cachet.
2647.244094488189 1826.7716535433071 390.5511811023622 80.31496062992126 (Coll,
2948.031496062992 1826.7716535433071 211.0236220472441 80.31496062992126 von
3067.716535433071 1826.7716535433071 211.0236220472441 80.31496062992126 der
3188.9763779527557 1826.7716535433071 420.4724409448819 80.31496062992126 Tann.)
3519.685039370079 1826.7716535433071 149.60629921259843 80.31496062992126 —
3549.6062992125985 1826.7716535433071 119.68503937007874 80.31496062992126 P.

1215.748031496063 1938.5826771653544 228.3464566929134 61.41732283464567 Elle
1357.4803149606298 1938.5826771653544 171.6535433070866 61.41732283464567 le
1444.0944881889764 1938.5826771653544 341.73228346456693 61.41732283464567 remercie
1700.7874015748032 1938.5826771653544 171.6535433070866 61.41732283464567 de
1785.8267716535433 1938.5826771653544 200.0 61.41732283464567 lui
1899.2125984251968 1938.5826771653544 256.6929133858268 61.41732283464567 avoir
2070.8661417322833 1938.5826771653544 285.03937007874015 61.41732283464567 envoyé
2269.2913385826773 1938.5826771653544 171.6535433070866 61.41732283464567 de
2355.9055118110236 1938.5826771653544 200.0 61.41732283464567 ses
2469.2913385826773 1938.5826771653544 370.0787401574803 61.41732283464567 nouvelles
2754.3307086614172 1938.5826771653544 171.6535433070866 61.41732283464567 et
2839.3700787401576 1938.5826771653544 171.6535433070866 61.41732283464567 se
2925.984251968504 1938.5826771653544 313.38582677165357 61.41732283464567 réjouit
3152.755905511811 1938.5826771653544 171.6535433070866 61.41732283464567 de
3239.3700787401576 1938.5826771653544 200.0 61.41732283464567 ses
3352.755905511811 1938.5826771653544 285.03937007874015 61.41732283464567 bonnes
3524.4094488188975 1938.5826771653544 398.4251968503937 61.41732283464567 dispositions

1160.6299212598426 2004.724409448819 144.88188976377953 61.41732283464567 à
1217.3228346456692 2004.724409448819 203.1496062992126 61.41732283464567 son
1333.8582677165355 2004.724409448819 291.33858267716533 61.41732283464567 égard,
1538.5826771653544 2004.724409448819 261.4173228346457 61.41732283464567 «pour
1713.3858267716535 2004.724409448819 261.4173228346457 61.41732283464567 avoir
1886.6141732283465 2004.724409448819 377.9527559055118 61.41732283464567 tousjours
2177.952755905512 2004.724409448819 233.0708661417323 61.41732283464567 esté
2324.4094488188975 2004.724409448819 174.8031496062992 61.41732283464567 et
2411.0236220472443 2004.724409448819 261.4173228346457 61.41732283464567 estre
2585.8267716535433 2004.724409448819 203.1496062992126 61.41732283464567 une
2702.3622047244094 2004.724409448819 203.1496062992126 61.41732283464567 des
2818.8976377952754 2004.724409448819 291.33858267716533 61.41732283464567 choses
3022.047244094488 2004.724409448819 203.1496062992126 61.41732283464567 que
3138.582677165354 2004.724409448819 233.0708661417323 61.41732283464567 j’ay
3283.464566929134 2004.724409448819 144.88188976377953 61.41732283464567 à
3341.732283464567 2004.724409448819 233.0708661417323 61.41732283464567 plus
3488.1889763779527 2004.724409448819 261.4173228346457 61.41732283464567 grand
3633.0708661417325 2004.724409448819 291.33858267716533 61.41732283464567 plaisir,

1155.9055118110236 2070.8661417322833 269.29133858267716 62.99212598425197 comme
1335.4330708661416 2070.8661417322833 179.5275590551181 62.99212598425197 je
1425.1968503937007 2070.8661417322833 179.5275590551181 62.99212598425197 le
1514.9606299212599 2070.8661417322833 269.29133858267716 62.99212598425197 dois,
1694.4881889763778 2070.8661417322833 239.37007874015748 62.99212598425197 pour
1844.0944881889764 2070.8661417322833 418.8976377952756 62.99212598425197 l’estroite
2173.228346456693 2070.8661417322833 359.0551181102362 62.99212598425197 alliance
2440.9448818897636 2070.8661417322833 209.4488188976378 62.99212598425197 que
2560.6299212598424 2070.8661417322833 239.37007874015748 62.99212598425197 nous
2710.236220472441 2070.8661417322833 269.29133858267716 62.99212598425197 avons
2889.763779527559 2070.8661417322833 209.4488188976378 62.99212598425197 par
2979.527559055118 2070.8661417322833 359.0551181102362 62.99212598425197 ensemble.»

1140.1574803149606 2223.6220472440946 374.8031496062992 94.48818897637796 ★15★
1374.8031496062993 2223.6220472440946 420.4724409448819 94.48818897637796 HENRI
1655.1181102362204 2223.6220472440946 374.8031496062992 94.48818897637796 III,
1888.1889763779527 2223.6220472440946 280.31496062992125 94.48818897637796 n.
2028.3464566929133 2223.6220472440946 233.0708661417323 94.48818897637796 à
2122.834645669291 2223.6220472440946 840.9448818897638 94.48818897637796 Fontainebleau,
2823.6220472440946 2223.6220472440946 280.31496062992125 94.48818897637796 20
2963.779527559055 2223.6220472440946 607.8740157480315 94.48818897637796 septembre
3431.496062992126 2223.6220472440946 420.4724409448819 94.48818897637796 1551,
3711.8110236220473 2223.6220472440946 420.4724409448819 94.48818897637796 frère
3993.700787401575 2223.6220472440946 280.31496062992125 94.48818897637796 de
4133.858267716535 2223.6220472440946 560.6299212598425 94.48818897637796 François
4507.086614173229 2223.6220472440946 187.4015748031496 94.48818897637796 II

1144.8818897637796 2327.5590551181103 255.11811023622047 100.78740157480316 et
1272.4409448818897 2327.5590551181103 255.11811023622047 100.78740157480316 de
1400.0 2327.5590551181103 466.1417322834646 100.78740157480316 Charles
1738.5826771653544 2327.5590551181103 296.06299212598424 100.78740157480316 IX,
1908.6614173228347 2327.5590551181103 296.06299212598424 100.78740157480316 roi
2077.165354330709 2327.5590551181103 255.11811023622047 100.78740157480316 le
2204.7244094488187 2327.5590551181103 255.11811023622047 100.78740157480316 30
2332.283464566929 2327.5590551181103 296.06299212598424 100.78740157480316 mai
2502.3622047244094 2327.5590551181103 381.1023622047244 100.78740157480316 1574,
2755.9055118110236 2327.5590551181103 255.11811023622047 100.78740157480316 m.
2883.464566929134 2327.5590551181103 551.1811023622047 100.78740157480316 assassiné
3307.0866141732286 2327.5590551181103 212.5984251968504 100.78740157480316 à
3392.1259842519685 2327.5590551181103 636.2204724409448 100.78740157480316 Saint-Cloud
3900.787401574803 2327.5590551181103 255.11811023622047 100.78740157480316 le
4028.3464566929133 2327.5590551181103 212.5984251968504 100.78740157480316 2
4113.385826771653 2327.5590551181103 338.5826771653543 100.78740157480316 août
4283.464566929134 2327.5590551181103 296.06299212598424 100.78740157480316 1589.

1225.1968503937007 2467.716535433071 218.89763779527559 80.31496062992126 L.
1333.8582677165355 2467.716535433071 218.89763779527559 80.31496062992126 A.
1444.0944881889764 2467.716535433071 218.89763779527559 80.31496062992126 S.
1554.3307086614172 2467.716535433071 182.6771653543307 80.31496062992126 à
1626.7716535433071 2467.716535433071 439.37007874015745 80.31496062992126 Villeroy
1955.9055118110236 2467.716535433071 439.37007874015745 80.31496062992126 (Nicolas
2285.0393700787404 2467.716535433071 218.89763779527559 80.31496062992126 de
2395.2755905511813 2467.716535433071 548.0314960629921 80.31496062992126 Neufville),
2833.0708661417325 2467.716535433071 182.6771653543307 80.31496062992126 1
2907.0866141732286 2467.716535433071 218.89763779527559 80.31496062992126 p.
3015.748031496063 2467.716535433071 256.6929133858268 80.31496062992126 pl.
3125.984251968504 2467.716535433071 329.13385826771656 80.31496062992126 in

1146.4566929133857 2560.6299212598424 201.5748031496063 56.69291338582677 —
1226.7716535433071 2560.6299212598424 240.9448818897638 56.69291338582677 P.
1346.4566929133857 2560.6299212598424 240.9448818897638 56.69291338582677 de
1426.7716535433071 2560.6299212598424 481.8897637795276 56.69291338582677 Moncornet.

1206.2992125984251 2677.165354330709 174.8031496062992 59.84251968503937 Il
1294.4881889763778 2677.165354330709 204.7244094488189 59.84251968503937 lui
1411.023622047244 2677.165354330709 292.9133858267717 59.84251968503937 envoie
1615.748031496063 2677.165354330709 204.7244094488189 59.84251968503937 une
1733.8582677165355 2677.165354330709 292.9133858267717 59.84251968503937 lettre
1938.5826771653544 2677.165354330709 174.8031496062992 59.84251968503937 de
2025.1968503937007 2677.165354330709 174.8031496062992 59.84251968503937 M.
2113.3858267716537 2677.165354330709 174.8031496062992 59.84251968503937 de
2201.5748031496064 2677.165354330709 174.8031496062992 59.84251968503937 La
2288.1889763779527 2677.165354330709 351.18110236220474 59.84251968503937 Vallette
2551.181102362205 2677.165354330709 174.8031496062992 59.84251968503937 et
2639.3700787401576 2677.165354330709 174.8031496062992 59.84251968503937 le
2727.5590551181103 2677.165354330709 234.64566929133858 59.84251968503937 prie
2874.015748031496 2677.165354330709 174.8031496062992 59.84251968503937 de
2960.6299212598424 2677.165354330709 174.8031496062992 59.84251968503937 la
3048.818897637795 2677.165354330709 204.7244094488189 59.84251968503937 lui
3137.0078740157483 2677.165354330709 321.25984251968504 59.84251968503937 retourner

1151.1811023622047 2746.4566929133857 277.1653543307087 59.84251968503937 après
1337.007874015748 2746.4566929133857 338.5826771653543 59.84251968503937 l’avoir
1582.6771653543308 2746.4566929133857 245.66929133858267 59.84251968503937 lue.
1735.4330708661416 2746.4566929133857 184.251968503937 59.84251968503937 Il
1828.3464566929133 2746.4566929133857 277.1653543307087 59.84251968503937 écrit
2012.5984251968505 2746.4566929133857 184.251968503937 59.84251968503937 au
2103.9370078740158 2746.4566929133857 215.748031496063 59.84251968503937 roi
2226.771653543307 2746.4566929133857 184.251968503937 59.84251968503937 de
2319.685039370079 2746.4566929133857 338.5826771653543 59.84251968503937 Navarre
2565.3543307086616 2746.4566929133857 307.0866141732283 59.84251968503937 (Henri
2781.1023622047246 2746.4566929133857 215.748031496063 59.84251968503937 IV)
2903.9370078740158 2746.4566929133857 215.748031496063 59.84251968503937 par
3026.771653543307 2746.4566929133857 215.748031496063 59.84251968503937 des
3149.6062992125985 2746.4566929133857 307.0866141732283 59.84251968503937 Réaus.
3333.8582677165355 2746.4566929133857 122.83464566929133 59.84251968503937 Il

1152.755905511811 2812.5984251968503 267.7165354330709 56.69291338582677 parle
1330.708661417323 2812.5984251968503 327.5590551181102 56.69291338582677 ensuite
1568.5039370078741 2812.5984251968503 177.95275590551182 56.69291338582677 du
1658.267716535433 2812.5984251968503 207.8740157480315 56.69291338582677 duc
1748.0314960629921 2812.5984251968503 355.90551181102364 56.69291338582677 d’Epernon.

1206.2992125984251 2875.5905511811025 344.88188976377955 59.84251968503937 (Nicolas
1464.5669291338584 2875.5905511811025 171.6535433070866 59.84251968503937 de
1551.1811023622047 2875.5905511811025 401.5748031496063 59.84251968503937 Neufville,
1866.1417322834645 2875.5905511811025 258.26771653543307 59.84251968503937 sieur
2039.3700787401574 2875.5905511811025 171.6535433070866 59.84251968503937 de
2124.4094488188975 2875.5905511811025 373.2283464566929 59.84251968503937 Villeroy,
2412.5984251968503 2875.5905511811025 171.6535433070866 59.84251968503937 né
2497.6377952755906 2875.5905511811025 171.6535433070866 59.84251968503937 en
2584.251968503937 2875.5905511811025 258.26771653543307 59.84251968503937 1542,
2755.9055118110236 2875.5905511811025 258.26771653543307 59.84251968503937 avait
2929.1338582677167 2875.5905511811025 344.88188976377955 59.84251968503937 succédé,
3187.4015748031497 2875.5905511811025 171.6535433070866 59.84251968503937 en
3244.0944881889764 2875.5905511811025 201.5748031496063 59.84251968503937 1567,

1149.6062992125985 2927.5590551181103 148.03149606299212 74.01574803149606 à
1209.4488188976377 2927.5590551181103 206.29921259842519 74.01574803149606 son
1327.5590551181103 2927.5590551181103 384.251968503937 74.01574803149606 beau-père
1623.6220472440946 2927.5590551181103 296.06299212598424 74.01574803149606 Claude
1829.9212598425197 2927.5590551181103 177.95275590551182 74.01574803149606 de
1918.1102362204724 2927.5590551181103 444.09448818897636 74.01574803149606 l’Aubespine
2274.015748031496 2927.5590551181103 236.2204724409449 74.01574803149606 dans
2422.047244094488 2927.5590551181103 177.95275590551182 74.01574803149606 la
2510.236220472441 2927.5590551181103 296.06299212598424 74.01574803149606 charge
2718.1102362204724 2927.5590551181103 177.95275590551182 74.01574803149606 de
2806.299212598425 2927.5590551181103 414.1732283464567 74.01574803149606 secrétaire
3130.7086614173227 2927.5590551181103 325.98425196850394 74.01574803149606 d’État.
3338.582677165354 2927.5590551181103 118.11023622047244 74.01574803149606 Il

1151.1811023622047 3004.7244094488187 250.39370078740157 62.99212598425197 avait
1318.1102362204724 3004.7244094488187 305.51181102362204 62.99212598425197 négocié
1540.1574803149606 3004.7244094488187 166.9291338582677 62.99212598425197 le
1623.6220472440946 3004.7244094488187 305.51181102362204 62.99212598425197 mariage
1845.6692913385828 3004.7244094488187 166.9291338582677 62.99212598425197 de
1929.1338582677165 3004.7244094488187 305.51181102362204 62.99212598425197 Charles
2151.181102362205 3004.7244094488187 166.9291338582677 62.99212598425197 IX
2234.6456692913384 3004.7244094488187 166.9291338582677 62.99212598425197 et
2318.1102362204724 3004.7244094488187 166.9291338582677 62.99212598425197 il
2400.0 3004.7244094488187 250.39370078740157 62.99212598425197 était
2566.9291338582675 3004.7244094488187 250.39370078740157 62.99212598425197 resté
2733.8582677165355 3004.7244094488187 166.9291338582677 62.99212598425197 en
2817.3228346456694 3004.7244094488187 277.1653543307087 62.99212598425197 faveur
3011.0236220472443 3004.7244094488187 222.04724409448818 62.99212598425197 sous
3149.6062992125985 3004.7244094488187 250.39370078740157 62.99212598425197 Henri
3288.1889763779527 3004.7244094488187 166.9291338582677 62.99212598425197 III,

1151.1811023622047 3070.8661417322833 201.5748031496063 64.56692913385827 qui
1266.1417322834645 3070.8661417322833 374.8031496062992 64.56692913385827 entretint
1554.3307086614172 3070.8661417322833 229.92125984251967 64.56692913385827 avec
1697.6377952755906 3070.8661417322833 201.5748031496063 64.56692913385827 lui
1812.5984251968505 3070.8661417322833 201.5748031496063 64.56692913385827 une
1927.5590551181103 3070.8661417322833 518.1102362204724 64.56692913385827 correspondance
2359.0551181102364 3070.8661417322833 229.92125984251967 64.56692913385827 très
2503.9370078740158 3070.8661417322833 316.53543307086613 64.56692913385827 active.
2733.8582677165355 3070.8661417322833 173.22834645669292 64.56692913385827 En
2820.472440944882 3070.8661417322833 288.18897637795277 64.56692913385827 effet,
3022.047244094488 3070.8661417322833 173.22834645669292 64.56692913385827 la
3108.6614173228345 3070.8661417322833 316.53543307086613 64.56692913385827 plupart
3310.236220472441 3070.8661417322833 143.30708661417322 64.56692913385827 des

1152.755905511811 3137.0078740157483 305.51181102362204 59.84251968503937 lettres
1374.8031496062993 3137.0078740157483 415.748031496063 59.84251968503937 autographes
1708.6614173228347 3137.0078740157483 166.9291338582677 59.84251968503937 de
1790.5511811023623 3137.0078740157483 166.9291338582677 59.84251968503937 ce
1874.015748031496 3137.0078740157483 277.1653543307087 59.84251968503937 prince
2069.2913385826773 3137.0078740157483 193.70078740157481 59.84251968503937 qui
2179.527559055118 3137.0078740157483 193.70078740157481 59.84251968503937 ont
2289.763779527559 3137.0078740157483 248.8188976377953 59.84251968503937 passé
2456.6929133858266 3137.0078740157483 166.9291338582677 59.84251968503937 en
2540.1574803149606 3137.0078740157483 248.8188976377953 59.84251968503937 vente
2707.0866141732286 3137.0078740157483 222.04724409448818 59.84251968503937 sont
2845.6692913385828 3137.0078740157483 360.62992125984255 59.84251968503937 adressées
3122.834645669291 3137.0078740157483 138.58267716535434 59.84251968503937 à
3149.6062992125985 3137.0078740157483 305.51181102362204 59.84251968503937 Villeroy.

1151.1811023622047 3203.149606299213 374.8031496062992 62.99212598425197 Celui-ci,
1439.3700787401574 3203.149606299213 374.8031496062992 62.99212598425197 disgracié
1727.5590551181103 3203.149606299213 173.22834645669292 62.99212598425197 en
1814.1732283464567 3203.149606299213 231.49606299212599 62.99212598425197 1588
1959.0551181102362 3203.149606299213 144.88188976377953 62.99212598425197 à
2017.3228346456692 3203.149606299213 259.84251968503935 62.99212598425197 cause
2190.551181102362 3203.149606299213 173.22834645669292 62.99212598425197 de
2277.165354330709 3203.149606299213 201.5748031496063 62.99212598425197 ses
2392.1259842519685 3203.149606299213 346.45669291338584 62.99212598425197 rapports
2651.968503937008 3203.149606299213 231.49606299212599 62.99212598425197 avec
2795.2755905511813 3203.149606299213 201.5748031496063 62.99212598425197 les
2911.8110236220473 3203.149606299213 374.8031496062992 62.99212598425197 ligueurs,
3171.6535433070867 3203.149606299213 288.18897637795277 62.99212598425197 redevint

1148.0314960629921 3267.716535433071 355.90551181102364 59.84251968503937 ministre
1415.748031496063 3267.716535433071 237.79527559055117 59.84251968503937 sous
1563.7795275590552 3267.716535433071 267.7165354330709 59.84251968503937 Henri
1741.732283464567 3267.716535433071 177.95275590551182 59.84251968503937 IV
1831.4960629921259 3267.716535433071 177.95275590551182 59.84251968503937 et
1919.6850393700788 3267.716535433071 237.79527559055117 59.84251968503937 sous
2067.716535433071 3267.716535433071 267.7165354330709 59.84251968503937 Louis
2247.244094488189 3267.716535433071 237.79527559055117 59.84251968503937 XIII
2395.2755905511813 3267.716535433071 177.95275590551182 59.84251968503937 et
2483.464566929134 3267.716535433071 296.06299212598424 59.84251968503937 mourut
2691.3385826771655 3267.716535433071 177.95275590551182 59.84251968503937 le
2781.1023622047246 3267.716535433071 177.95275590551182 59.84251968503937 12
2869.2913385826773 3267.716535433071 355.90551181102364 59.84251968503937 novembre
3107.0866141732286 3267.716535433071 237.79527559055117 59.84251968503937 1617.)

1129.1338582677165 3411.0236220472443 407.87401574803147 92.91338582677166 ★16★
1382.6771653543308 3411.0236220472443 458.26771653543307 92.91338582677166 HENRI
1688.1889763779527 3411.0236220472443 355.90551181102364 92.91338582677166 IV,
1892.9133858267717 3411.0236220472443 305.51181102362204 92.91338582677166 n.
2045.6692913385828 3411.0236220472443 305.51181102362204 92.91338582677166 au
2198.4251968503936 3411.0236220472443 560.6299212598425 92.91338582677166 château
2606.299212598425 3411.0236220472443 305.51181102362204 92.91338582677166 de
2759.0551181102364 3411.0236220472443 407.87401574803147 92.91338582677166 Pau,
3014.1732283464567 3411.0236220472443 305.51181102362204 92.91338582677166 14
3166.9291338582675 3411.0236220472443 611.0236220472441 92.91338582677166 décembre
3625.196850393701 3411.0236220472443 458.26771653543307 92.91338582677166 1553,
3930.7086614173227 3411.0236220472443 355.90551181102364 92.91338582677166 roi
4133.858267716535 3411.0236220472443 305.51181102362204 92.91338582677166 de
4236.220472440945 3411.0236220472443 458.26771653543307 92.91338582677166 Navarre

1137.007874015748 3521.259842519685 469.29133858267716 97.63779527559055 (1562),
1477.1653543307086 3521.259842519685 297.6377952755906 97.63779527559055 roi
1648.8188976377953 3521.259842519685 255.11811023622047 97.63779527559055 de
1776.3779527559054 3521.259842519685 426.7716535433071 97.63779527559055 France
2074.015748031496 3521.259842519685 255.11811023622047 97.63779527559055 le
2203.149606299213 3521.259842519685 212.5984251968504 97.63779527559055 2
2288.1889763779527 3521.259842519685 341.73228346456693 97.63779527559055 août
2500.787401574803 3521.259842519685 384.251968503937 97.63779527559055 1589,
2757.48031496063 3521.259842519685 255.11811023622047 97.63779527559055 m.
2885.0393700787404 3521.259842519685 554.3307086614174 97.63779527559055 assassiné
3310.236220472441 3521.259842519685 212.5984251968504 97.63779527559055 à
3396.850393700787 3521.259842519685 384.251968503937 97.63779527559055 Paris
3651.968503937008 3521.259842519685 255.11811023622047 97.63779527559055 le
3779.527559055118 3521.259842519685 255.11811023622047 97.63779527559055 14
3907.0866141732286 3521.259842519685 297.6377952755906 97.63779527559055 mai
4036.220472440945 3521.259842519685 297.6377952755906 97.63779527559055 1610.

1222.0472440944882 3662.9921259842517 200.0 80.31496062992126 L.
1321.259842519685 3662.9921259842517 200.0 80.31496062992126 A.
1422.0472440944882 3662.9921259842517 200.0 80.31496062992126 S.
1521.259842519685 3662.9921259842517 200.0 80.31496062992126 au
1622.0472440944882 3662.9921259842517 233.0708661417323 80.31496062992126 duc
1755.9055118110236 3662.9921259842517 200.0 80.31496062992126 de
1855.1181102362204 3662.9921259842517 333.8582677165354 80.31496062992126 Savoie
2089.763779527559 3662.9921259842517 700.7874015748032 80.31496062992126 (Charles-Emmanuel
2689.763779527559 3662.9921259842517 233.0708661417323 80.31496062992126 I);
2823.6220472440946 3662.9921259842517 333.8582677165354 80.31496062992126 Paris,
3056.6929133858266 3662.9921259842517 166.9291338582677 80.31496062992126 8
3122.834645669291 3662.9921259842517 366.92913385826773 80.31496062992126 janvier
3390.551181102362 3662.9921259842517 366.92913385826773 80.31496062992126 (1610),
3656.6929133858266 3662.9921259842517 166.9291338582677 80.31496062992126 1
3724.4094488188975 3662.9921259842517 200.0 80.31496062992126 p.
3823.6220472440946 3662.9921259842517 233.0708661417323 80.31496062992126 pl.
3957.48031496063 3662.9921259842517 366.92913385826773 80.31496062992126 in-fol.
4190.5511811023625 3662.9921259842517 500.78740157480314 80.31496062992126 (Coll.

1137.007874015748 3751.181102362205 305.51181102362204 81.88976377952756 de
1341.732283464567 3751.181102362205 203.1496062992126 81.88976377952756 la
1442.5196850393702 3751.181102362205 406.2992125984252 81.88976377952756 marquise
1748.0314960629921 3751.181102362205 203.1496062992126 81.88976377952756 de
1848.8188976377953 3751.181102362205 338.5826771653543 81.88976377952756 Barol,
2086.6141732283463 3751.181102362205 237.79527559055117 81.88976377952756 née
2222.047244094488 3751.181102362205 406.2992125984252 81.88976377952756 Colbert,
2527.5590551181103 3751.181102362205 270.86614173228344 81.88976377952756 avec
2696.0629921259842 3751.181102362205 338.5826771653543 81.88976377952756 notice
2933.8582677165355 3751.181102362205 474.01574803149606 81.88976377952756 autographe
3307.0866141732286 3751.181102362205 203.1496062992126 81.88976377952756 de
3407.8740157480315 3751.181102362205 338.5826771653543 81.88976377952756 Silvio
3645.6692913385828 3751.181102362205 406.2992125984252 81.88976377952756 Pellico,
3951.181102362205 3751.181102362205 609.4488188976378 81.88976377952756 bibliothécaire
4425.1968503937005 3751.181102362205 270.86614173228344 81.88976377952756 de

1138.5826771653544 3840.9448818897636 617.3228346456693 78.74015748031496 celle-ci.)
1667.716535433071 3840.9448818897636 146.45669291338584 78.74015748031496 —
1727.5590551181103 3840.9448818897636 176.3779527559055 78.74015748031496 P.
1815.748031496063 3840.9448818897636 176.3779527559055 78.74015748031496 de
1874.015748031496 3840.9448818897636 352.755905511811 78.74015748031496 Moncornet.

1193.7007874015749 3959.0551181102364 305.51181102362204 66.14173228346456 Superbe
1415.748031496063 3959.0551181102364 277.1653543307087 66.14173228346456 lettre
1611.023622047244 3959.0551181102364 193.70078740157481 66.14173228346456 sur
1721.259842519685 3959.0551181102364 193.70078740157481 66.14173228346456 les
1833.0708661417323 3959.0551181102364 444.09448818897636 66.14173228346456 négociations
2193.700787401575 3959.0551181102364 166.9291338582677 66.14173228346456 de
2277.165354330709 3959.0551181102364 193.70078740157481 66.14173228346456 son
2388.9763779527557 3959.0551181102364 277.1653543307087 66.14173228346456 traité
2582.6771653543306 3959.0551181102364 222.04724409448818 66.14173228346456 avec
2721.259842519685 3959.0551181102364 166.9291338582677 66.14173228346456 le
2804.7244094488187 3959.0551181102364 193.70078740157481 66.14173228346456 duc
2916.535433070866 3959.0551181102364 166.9291338582677 66.14173228346456 de
2998.4251968503936 3959.0551181102364 277.1653543307087 66.14173228346456 Savoie
3193.700787401575 3959.0551181102364 277.1653543307087 66.14173228346456 contre
3387.4015748031497 3959.0551181102364 360.62992125984255 66.14173228346456 l’Espagne
3666.1417322834645 3959.0551181102364 305.51181102362204 66.14173228346456 (conclu
3888.1889763779527 3959.0551181102364 166.9291338582677 66.14173228346456 le
3971.6535433070867 3959.0551181102364 166.9291338582677 66.14173228346456 25
4053.5433070866143 3959.0551181102364 250.39370078740157 66.14173228346456 avril
4220.472440944882 3959.0551181102364 360.62992125984255 66.14173228346456 suivant).
4499.212598425197 3959.0551181102364 193.70078740157481 66.14173228346456 «Il
4581.102362204724 3959.0551181102364 111.81102362204724 66.14173228346456 ne

1141.732283464567 4026.771653543307 272.4409448818898 64.56692913385827 reste
1322.8346456692914 4026.771653543307 242.51968503937007 64.56692913385827 plus
1475.5905511811025 4026.771653543307 242.51968503937007 64.56692913385827 donc
1626.7716535433071 4026.771653543307 242.51968503937007 64.56692913385827 qu’à
1779.5275590551182 4026.771653543307 363.7795275590551 64.56692913385827 acomplyr
2051.968503937008 4026.771653543307 212.5984251968504 64.56692913385827 nos
2173.228346456693 4026.771653543307 303.93700787401576 64.56692913385827 bonnes
2385.8267716535433 4026.771653543307 182.6771653543307 64.56692913385827 et
2477.165354330709 4026.771653543307 395.2755905511811 64.56692913385827 mutuelles
2781.1023622047246 4026.771653543307 546.4566929133858 64.56692913385827 délybérasyons,
3236.220472440945 4026.771653543307 151.1811023622047 64.56692913385827 à
3296.0629921259842 4026.771653543307 242.51968503937007 64.56692913385827 quoy
3448.818897637795 4026.771653543307 182.6771653543307 64.56692913385827 je
3540.1574803149606 4026.771653543307 333.8582677165354 64.56692913385827 donneré
3782.6771653543306 4026.771653543307 212.5984251968504 64.56692913385827 tel
3903.9370078740158 4026.771653543307 272.4409448818898 64.56692913385827 ordre
4085.0393700787404 4026.771653543307 182.6771653543307 64.56692913385827 de
4176.377952755905 4026.771653543307 212.5984251968504 64.56692913385827 mon
4297.63779527559 4026.771653543307 303.93700787401576 64.56692913385827 costé,
4480.314960629921 4026.771653543307 212.5984251968504 64.56692913385827 ainsy

1141.732283464567 4092.9133858267714 212.5984251968504 62.99212598425197 que
1262.992125984252 4092.9133858267714 182.6771653543307 62.99212598425197 le
1354.3307086614172 4092.9133858267714 212.5984251968504 62.99212598425197 dyt
1475.5905511811025 4092.9133858267714 393.7007874015748 62.99212598425197 Trouylous
1777.9527559055118 4092.9133858267714 242.51968503937007 62.99212598425197 vous
1929.1338582677165 4092.9133858267714 242.51968503937007 62.99212598425197 dira
2081.8897637795276 4092.9133858267714 212.5984251968504 62.99212598425197 que
2203.149606299213 4092.9133858267714 242.51968503937007 62.99212598425197 j’ay
2354.3307086614172 4092.9133858267714 242.51968503937007 62.99212598425197 byen
2505.511811023622 4092.9133858267714 363.7795275590551 62.99212598425197 commencé
2779.527559055118 4092.9133858267714 182.6771653543307 62.99212598425197 et
2869.2913385826773 4092.9133858267714 333.8582677165354 62.99212598425197 proposé
3113.3858267716537 4092.9133858267714 182.6771653543307 62.99212598425197 de
3203.149606299213 4092.9133858267714 242.51968503937007 62.99212598425197 fère
3355.9055118110236 4092.9133858267714 242.51968503937007 62.99212598425197 que,
3507.0866141732286 4092.9133858267714 272.4409448818898 62.99212598425197 comme
3688.1889763779527 4092.9133858267714 363.7795275590551 62.99212598425197 j’estyme
3962.2047244094488 4092.9133858267714 212.5984251968504 62.99212598425197 que
4083.464566929134 4092.9133858267714 242.51968503937007 62.99212598425197 vous
4234.645669291339 4092.9133858267714 272.4409448818898 62.99212598425197 aurés
4417.322834645669 4092.9133858267714 272.4409448818898 62.99212598425197 sujet
4568.503937007874 4092.9133858267714 121.25984251968504 62.99212598425197 de

1138.5826771653544 4159.055118110236 248.8188976377953 61.41732283464567 vous
1294.4881889763778 4159.055118110236 187.4015748031496 61.41732283464567 an
1388.976377952756 4159.055118110236 311.81102362204723 61.41732283464567 louer,
1606.2992125984251 4159.055118110236 187.4015748031496 61.41732283464567 je
1699.2125984251968 4159.055118110236 373.2283464566929 61.41732283464567 m’atands
1979.5275590551182 4159.055118110236 280.31496062992125 61.41732283464567 aussy
2166.9291338582675 4159.055118110236 218.89763779527559 61.41732283464567 que
2291.3385826771655 4159.055118110236 248.8188976377953 61.41732283464567 vous
2447.244094488189 4159.055118110236 280.31496062992125 61.41732283464567 aurés
2634.6456692913384 4159.055118110236 155.90551181102362 61.41732283464567 à
2697.6377952755906 4159.055118110236 311.81102362204723 61.41732283464567 plésyr
2914.9606299212596 4159.055118110236 187.4015748031496 61.41732283464567 de
3007.8740157480315 4159.055118110236 280.31496062992125 61.41732283464567 metre
3195.2755905511813 4159.055118110236 187.4015748031496 61.41732283464567 la
3289.763779527559 4159.055118110236 373.2283464566929 61.41732283464567 dernyère
3570.0787401574803 4159.055118110236 248.8188976377953 61.41732283464567 mayn
3725.984251968504 4159.055118110236 155.90551181102362 61.41732283464567 à
3787.4015748031497 4159.055118110236 187.4015748031496 61.41732283464567 ce
3881.8897637795276 4159.055118110236 218.89763779527559 61.41732283464567 bon
4006.299212598425 4159.055118110236 311.81102362204723 61.41732283464567 œuvre,
4223.622047244095 4159.055118110236 155.90551181102362 61.41732283464567 à
4286.614173228347 4159.055118110236 218.89763779527559 61.41732283464567 fyn
4411.023622047244 4159.055118110236 218.89763779527559 61.41732283464567 que
4503.937007874016 4159.055118110236 187.4015748031496 61.41732283464567 nous

1143.3070866141732 4226.771653543307 173.22834645669292 59.84251968503937 an
1229.9212598425197 4226.771653543307 374.8031496062992 59.84251968503937 recevyons
1518.1102362204724 4226.771653543307 346.45669291338584 59.84251968503937 ansamble
1776.3779527559054 4226.771653543307 201.5748031496063 59.84251968503937 par
1891.3385826771653 4226.771653543307 229.92125984251967 59.84251968503937 nous
2036.2204724409448 4226.771653543307 173.22834645669292 59.84251968503937 et
2122.834645669291 4226.771653543307 201.5748031496063 59.84251968503937 les
2237.7952755905512 4226.771653543307 316.53543307086613 59.84251968503937 nostres
2467.716535433071 4226.771653543307 143.30708661417322 59.84251968503937 à
2525.984251968504 4226.771653543307 316.53543307086613 59.84251968503937 présant
2755.9055118110236 4226.771653543307 173.22834645669292 59.84251968503937 et
2842.51968503937 4226.771653543307 143.30708661417322 59.84251968503937 à
2900.787401574803 4226.771653543307 346.45669291338584 59.84251968503937 l’avenyr
3159.0551181102364 4226.771653543307 201.5748031496063 59.84251968503937 les
3274.015748031496 4226.771653543307 374.8031496062992 59.84251968503937 avantages
3562.2047244094488 4226.771653543307 201.5748031496063 59.84251968503937 que
3677.165354330709 4226.771653543307 229.92125984251967 59.84251968503937 s’an
3793.700787401575 4226.771653543307 229.92125984251967 59.84251968503937 promet

3222.047244094488 4292.913385826771 351.18110236220474 61.41732283464567 «Vostre
3477.165354330709 4292.913385826771 255.11811023622047 61.41732283464567 byen
3636.220472440945 4292.913385826771 223.6220472440945 61.41732283464567 bon
3765.3543307086616 4292.913385826771 319.68503937007875 61.41732283464567 frère,
3955.9055118110236 4292.913385826771 288.18897637795277 61.41732283464567 Henry.»

1121.259842519685 4418.897637795276 396.8503937007874 113.38582677165354 ★17★
1368.5039370078741 4418.897637795276 445.6692913385827 113.38582677165354 MARIE
1666.1417322834645 4418.897637795276 297.6377952755906 113.38582677165354 DE
1814.1732283464567 4418.897637795276 595.2755905511812 113.38582677165354 MÉDICIS,
2261.417322834646 4418.897637795276 297.6377952755906 113.38582677165354 n.
2409.448818897638 4418.897637795276 247.24409448818898 113.38582677165354 à
2508.6614173228345 4418.897637795276 644.0944881889764 113.38582677165354 Florence,
3004.7244094488187 4418.897637795276 297.6377952755906 113.38582677165354 26
3154.3307086614172 4418.897637795276 445.6692913385827 113.38582677165354 avril
3451.968503937008 4418.897637795276 445.6692913385827 113.38582677165354 1573,
3749.6062992125985 4418.897637795276 445.6692913385827 113.38582677165354 fille
4047.244094488189 4418.897637795276 297.6377952755906 113.38582677165354 du
4146.456692913386 4418.897637795276 544.8818897637796 113.38582677165354 grand

1121.259842519685 4535.433070866142 285.03937007874015 94.48818897637796 de
1262.992125984252 4535.433070866142 524.4094488188977 94.48818897637796 Toscane
1644.0944881889764 4535.433070866142 571.6535433070866 94.48818897637796 François
2074.015748031496 4535.433070866142 285.03937007874015 94.48818897637796 I,
2215.748031496063 4535.433070866142 428.34645669291336 94.48818897637796 femme
2502.3622047244094 4535.433070866142 285.03937007874015 94.48818897637796 de
2645.6692913385828 4535.433070866142 428.34645669291336 94.48818897637796 Henri
2930.7086614173227 4535.433070866142 285.03937007874015 94.48818897637796 IV
3074.015748031496 4535.433070866142 285.03937007874015 94.48818897637796 (5
3215.748031496063 4535.433070866142 524.4094488188977 94.48818897637796 octobre
3596.850393700787 4535.433070866142 475.59055118110234 94.48818897637796 1600),
3930.7086614173227 4535.433070866142 524.4094488188977 94.48818897637796 régente
4264.566929133858 4535.433070866142 428.34645669291336 94.48818897637796 pendant

1130.708661417323 4642.51968503937 253.54330708661416 97.63779527559055 la
1258.267716535433 4642.51968503937 507.0866141732283 97.63779527559055 minorité
1637.7952755905512 4642.51968503937 253.54330708661416 97.63779527559055 de
1765.3543307086613 4642.51968503937 379.5275590551181 97.63779527559055 Louis
2017.3228346456692 4642.51968503937 338.5826771653543 97.63779527559055 XIII
2229.9212598425197 4642.51968503937 675.5905511811023 97.63779527559055 (1610-1614),
2777.952755905512 4642.51968503937 253.54330708661416 97.63779527559055 m.
2905.511811023622 4642.51968503937 211.0236220472441 97.63779527559055 à
2988.9763779527557 4642.51968503937 507.0866141732283 97.63779527559055 Cologne,
3370.0787401574803 4642.51968503937 211.0236220472441 97.63779527559055 3
3453.5433070866143 4642.51968503937 464.56692913385825 97.63779527559055 juillet
3749.6062992125985 4642.51968503937 296.06299212598424 97.63779527559055 1642.

1212.5984251968505 4779.527559055118 206.29921259842519 85.03937007874016 L.
1316.5354330708662 4779.527559055118 206.29921259842519 85.03937007874016 A.
1418.8976377952756 4779.527559055118 206.29921259842519 85.03937007874016 S.
1522.8346456692914 4779.527559055118 171.6535433070866 85.03937007874016 à
1592.1259842519685 4779.527559055118 240.9448818897638 85.03937007874016 son
1729.1338582677165 4779.527559055118 275.59055118110234 85.03937007874016 fils
1900.7874015748032 4779.527559055118 310.23622047244095 85.03937007874016 Louis
2108.6614173228345 4779.527559055118 310.23622047244095 85.03937007874016 XIII;
2314.9606299212596 4779.527559055118 481.8897637795276 85.03937007874016 Bruxelles,
2692.9133858267714 4779.527559055118 171.6535433070866 85.03937007874016 3
2762.2047244094488 4779.527559055118 412.59842519685037 85.03937007874016 novembre
3072.4409448818897 4779.527559055118 310.23622047244095 85.03937007874016 1633,
3278.740157480315 4779.527559055118 171.6535433070866 85.03937007874016 1
3346.4566929133857 4779.527559055118 206.29921259842519 85.03937007874016 p.
3450.3937007874015 4779.527559055118 240.9448818897638 85.03937007874016 pl.
3587.4015748031497 4779.527559055118 310.23622047244095 85.03937007874016 in-4,
3795.2755905511813 4779.527559055118 377.9527559055118 85.03937007874016 cachets
4070.8661417322833 4779.527559055118 377.9527559055118 85.03937007874016 brisés.
4311.811023622047 4779.527559055118 377.9527559055118 85.03937007874016 (Coll.

1132.283464566929 4872.44094488189 516.5354330708661 74.01574803149606 Pécard.)
1551.1811023622047 4872.44094488189 160.62992125984252 74.01574803149606 —
1615.748031496063 4872.44094488189 193.70078740157481 74.01574803149606 P.
1711.8110236220473 4872.44094488189 193.70078740157481 74.01574803149606 de
1776.3779527559054 4872.44094488189 258.26771653543307 74.01574803149606 Daret.

1188.976377952756 4990.5511811023625 264.56692913385825 67.71653543307086 Belle
1365.3543307086613 4990.5511811023625 294.48818897637796 67.71653543307086 lettre
1571.6535433070867 4990.5511811023625 294.48818897637796 67.71653543307086 écrite
1777.9527559055118 4990.5511811023625 176.3779527559055 67.71653543307086 de
1866.1417322834645 4990.5511811023625 382.6771653543307 67.71653543307086 Bruxelles
2160.6299212598424 4990.5511811023625 206.29921259842519 67.71653543307086 (où
2278.740157480315 4990.5511811023625 234.64566929133858 67.71653543307086 elle
2425.196850393701 4990.5511811023625 324.40944881889766 67.71653543307086 s’était
2661.417322834646 4990.5511811023625 352.755905511811 67.71653543307086 réfugiée
2925.984251968504 4990.5511811023625 176.3779527559055 67.71653543307086 en
3014.1732283464567 4990.5511811023625 234.64566929133858 67.71653543307086 1630
3160.6299212598424 4990.5511811023625 264.56692913385825 67.71653543307086 après
3337.0078740157483 4990.5511811023625 176.3779527559055 67.71653543307086 la
3425.196850393701 4990.5511811023625 324.40944881889766 67.71653543307086 fameuse
3661.417322834646 4990.5511811023625 324.40944881889766 67.71653543307086 journée
3896.0629921259842 4990.5511811023625 206.29921259842519 67.71653543307086 des
4014.1732283464567 4990.5511811023625 324.40944881889766 67.71653543307086 Dupes).
4250.393700787402 4990.5511811023625 234.64566929133858 67.71653543307086 Elle
4396.850393700787 4990.5511811023625 294.48818897637796 67.71653543307086 envoie
4573.228346456693 4990.5511811023625 118.11023622047244 67.71653543307086 le

1133.8582677165355 5058.2677165354335 259.84251968503935 64.56692913385827 sieur
1307.0866141732283 5058.2677165354335 173.22834645669292 64.56692913385827 de
1393.7007874015749 5058.2677165354335 346.45669291338584 64.56692913385827 Villiers
1653.5433070866143 5058.2677165354335 404.7244094488189 64.56692913385827 s’informer
1971.6535433070867 5058.2677165354335 173.22834645669292 64.56692913385827 de
2058.267716535433 5058.2677165354335 203.1496062992126 64.56692913385827 ses
2174.803149606299 5058.2677165354335 404.7244094488189 64.56692913385827 nouvelles.
2492.9133858267714 5058.2677165354335 203.1496062992126 64.56692913385827 «Si
2607.8740157480315 5058.2677165354335 203.1496062992126 64.56692913385827 son
2724.4094488188975 5058.2677165354335 289.76377952755905 64.56692913385827 retour
2925.984251968504 5058.2677165354335 318.1102362204724 64.56692913385827 m’hoste
3157.48031496063 5058.2677165354335 173.22834645669292 64.56692913385827 de
3245.6692913385828 5058.2677165354335 462.99212598425197 64.56692913385827 l’inquiétude
3620.472440944882 5058.2677165354335 173.22834645669292 64.56692913385827 où
3707.0866141732286 5058.2677165354335 173.22834645669292 64.56692913385827 je
3795.2755905511813 5058.2677165354335 231.49606299212599 64.56692913385827 suis
3938.582677165354 5058.2677165354335 173.22834645669292 64.56692913385827 en
4026.771653543307 5058.2677165354335 173.22834645669292 64.56692913385827 me
4113.385826771653 5058.2677165354335 404.7244094488189 64.56692913385827 rapportant
4431.496062992126 5058.2677165354335 203.1496062992126 64.56692913385827 que
4518.110236220473 5058.2677165354335 173.22834645669292 64.56692913385827 vous

1133.8582677165355 5129.133858267716 231.49606299212599 64.56692913385827 vous
1277.1653543307086 5129.133858267716 289.76377952755905 64.56692913385827 portés
1480.3149606299212 5129.133858267716 259.84251968503935 64.56692913385827 bien,
1653.5433070866143 5129.133858267716 173.22834645669292 64.56692913385827 ce
1740.1574803149606 5129.133858267716 173.22834645669292 64.56692913385827 me
1826.7716535433071 5129.133858267716 259.84251968503935 64.56692913385827 seras
2000.0 5129.133858267716 173.22834645669292 64.56692913385827 le
2086.6141732283463 5129.133858267716 231.49606299212599 64.56692913385827 plus
2231.496062992126 5129.133858267716 231.49606299212599 64.56692913385827 gran
2376.3779527559054 5129.133858267716 462.99212598425197 64.56692913385827 contentement
2751.181102362205 5129.133858267716 201.5748031496063 64.56692913385827 que
2867.716535433071 5129.133858267716 173.22834645669292 64.56692913385827 je
2954.3307086614172 5129.133858267716 259.84251968503935 64.56692913385827 puise
3127.5590551181103 5129.133858267716 289.76377952755905 64.56692913385827 jamais
3300.787401574803 5129.133858267716 404.7244094488189 64.56692913385827 recevoir...»
