3583 4651
677 593 412 55 8
841 593 741 55 CHEFS
1336 593 494 55 DE
1583 593 1318 55 GOUVERNEMENT
2571 593 412 55 S.1

727 882 251 60 ★14★
883 882 376 60 ISABELLE
1166 882 470 60 D’AUTRICHE,
1542 882 188 60 n.
1636 882 157 60 à
1699 882 345 60 Vienne,
1949 882 157 60 5
2012 882 251 60 juin
2169 882 282 60 1544,
2357 882 282 60 fille
2545 882 188 60 de
2608 882 376 60 l’empereur

728 948 434 63 d’Allemagne
1075 948 405 63 Maximilien
1393 948 202 63 II,
1509 948 260 63 femme
1682 948 173 63 de
1769 948 318 63 Charles
2000 948 173 63 IX
2087 948 202 63 (26
2202 948 347 63 novembre
2463 948 289 63 1570),
2665 948 173 63 m.
2752 948 231 63 dans
2867 948 116 63 le

729 1014 302 63 couvent
948 1014 165 63 de
1031 1014 494 63 Sainte-Claire,
1443 1014 137 63 à
1497 1014 275 63 Vienne
1690 1014 412 63 (Autriche),
2019 1014 165 63 22
2102 1014 302 63 janvier
2294 1014 192 63 1592.

785 1103 136 53 L.
853 1103 136 53 S.
922 1103 114 53 à
967 1103 159 53 son
1058 1103 204 53 oncle
1194 1103 136 53 le
1262 1103 159 53 duc
1353 1103 136 53 de
1421 1103 250 53 Bavière
1603 1103 250 53 (Albert
1785 1103 182 53 III,
1898 1103 136 53 n.
1967 1103 204 53 1528,
2103 1103 136 53 m.
2171 1103 227 53 1579);
2307 1103 182 53 Paris,

746 1160 115 51 21
803 1160 210 51 juillet
956 1160 229 51 1575,1/2
1128 1160 115 51 p.
1185 1160 229 51 in-fol.,
1357 1160 172 51 trace
1471 1160 115 51 de
1528 1160 210 51 cachet.
1681 1160 248 51 <i>(Coll,
1872 1160 134 51 von
1948 1160 134 51 der
2025 1160 267 51 Tann.)</i>
2235 1160 95 51 —
2254 1160 76 51 P.

772 1231 145 39 Elle
862 1231 109 39 le
917 1231 217 39 remercie
1080 1231 109 39 de
1134 1231 127 39 lui
1206 1231 163 39 avoir
1315 1231 181 39 envoyé
1441 1231 109 39 de
1496 1231 127 39 ses
1568 1231 235 39 nouvelles
1749 1231 109 39 et
1803 1231 109 39 se
1858 1231 199 39 réjouit
2002 1231 109 39 de
2057 1231 127 39 ses
2129 1231 181 39 bonnes
2238 1231 253 39 dispositions

737 1273 92 39 à
773 1273 129 39 son
847 1273 185 39 égard,
977 1273 166 39 «pour
1088 1273 166 39 avoir
1198 1273 240 39 tousjours
1383 1273 148 39 esté
1476 1273 111 39 et
1531 1273 166 39 estre
1642 1273 129 39 une
1716 1273 129 39 des
1790 1273 185 39 choses
1919 1273 129 39 que
1993 1273 148 39 j’ay
2085 1273 92 39 à
2122 1273 148 39 plus
2215 1273 166 39 grand
2307 1273 185 39 plaisir,

734 1315 171 40 comme
848 1315 114 40 je
905 1315 114 40 le
962 1315 171 40 dois,
1076 1315 152 40 pour
1171 1315 266 40 l’estroite
1380 1315 228 40 alliance
1550 1315 133 40 que
1626 1315 152 40 nous
1721 1315 171 40 avons
1835 1315 133 40 par
1892 1315 228 40 ensemble.»

724 1412 238 60 ★15★
873 1412 267 60 HENRI
1051 1412 238 60 III,
1199 1412 178 60 n.
1288 1412 148 60 à
1348 1412 534 60 Fontainebleau,
1793 1412 178 60 20
1882 1412 386 60 septembre
2179 1412 267 60 1551,
2357 1412 267 60 frère
2536 1412 178 60 de
2625 1412 356 60 François
2862 1412 119 60 II

727 1478 162 64 et
808 1478 162 64 de
889 1478 296 64 Charles
1104 1478 188 64 IX,
1212 1478 188 64 roi
1319 1478 162 64 le
1400 1478 162 64 30
1481 1478 188 64 mai
1589 1478 242 64 1574,
1750 1478 162 64 m.
1831 1478 350 64 assassiné
2100 1478 135 64 à
2154 1478 404 64 Saint-Cloud
2477 1478 162 64 le
2558 1478 135 64 2
2612 1478 215 64 août
2720 1478 188 64 1589.

778 1567 139 51 L.
847 1567 139 51 A.
917 1567 139 51 S.
987 1567 116 51 à
1033 1567 279 51 Villeroy
1242 1567 279 51 (Nicolas
1451 1567 139 51 de
1521 1567 348 51 Neufville),
1799 1567 116 51 1
1846 1567 139 51 p.
1915 1567 163 51 pl.
1985 1567 209 51 in

728 1626 128 36 —
779 1626 153 36 P.
855 1626 153 36 de
906 1626 306 36 Moncornet.

766 1700 111 38 Il
822 1700 130 38 lui
896 1700 186 38 envoie
1026 1700 130 38 une
1101 1700 186 38 lettre
1231 1700 111 38 de
1286 1700 111 38 M.
1342 1700 111 38 de
1398 1700 111 38 La
1453 1700 223 38 Vallette
1620 1700 111 38 et
1676 1700 111 38 le
1732 1700 149 38 prie
1825 1700 111 38 de
1880 1700 111 38 la
1936 1700 130 38 lui
1992 1700 204 38 retourner

731 1744 176 38 après
849 1744 215 38 l’avoir
1005 1744 156 38 lue.
1102 1744 117 38 Il
1161 1744 176 38 écrit
1278 1744 117 38 au
1336 1744 137 38 roi
1414 1744 117 38 de
1473 1744 215 38 Navarre
1629 1744 195 38 (Henri
1766 1744 137 38 IV)
1844 1744 137 38 par
1922 1744 137 38 des
2000 1744 195 38 Réaus.
2117 1744 78 38 Il

732 1786 170 36 parle
845 1786 208 36 ensuite
996 1786 113 36 du
1053 1786 132 36 duc
1110 1786 226 36 d’Epernon.

766 1826 219 38 (Nicolas
930 1826 109 38 de
985 1826 255 38 Neufville,
1185 1826 164 38 sieur
1295 1826 109 38 de
1349 1826 237 38 Villeroy,
1532 1826 109 38 né
1586 1826 109 38 en
1641 1826 164 38 1542,
1750 1826 164 38 avait
1860 1826 219 38 succédé,
2024 1826 109 38 en
2060 1826 128 38 1567,

730 1859 94 47 à
768 1859 131 47 son
843 1859 244 47 beau-père
1031 1859 188 47 Claude
1162 1859 113 47 de
1218 1859 282 47 l’Aubespine
1444 1859 150 47 dans
1538 1859 113 47 la
1594 1859 188 47 charge
1726 1859 113 47 de
1782 1859 263 47 secrétaire
1988 1859 207 47 d’État.
2120 1859 75 47 Il

731 1908 159 40 avait
837 1908 194 40 négocié
978 1908 106 40 le
1031 1908 194 40 mariage
1172 1908 106 40 de
1225 1908 194 40 Charles
1366 1908 106 40 IX
1419 1908 106 40 et
1472 1908 106 40 il
1524 1908 159 40 était
1630 1908 159 40 resté
1736 1908 106 40 en
1789 1908 176 40 faveur
1912 1908 141 40 sous
2000 1908 159 40 Henri
2088 1908 106 40 III,

731 1950 128 41 qui
804 1950 238 41 entretint
987 1950 146 41 avec
1078 1950 128 41 lui
1151 1950 128 41 une
1224 1950 329 41 correspondance
1498 1950 146 41 très
1590 1950 201 41 active.
1736 1950 110 41 En
1791 1950 183 41 effet,
1919 1950 110 41 la
1974 1950 201 41 plupart
2102 1950 91 41 des

732 1992 194 38 lettres
873 1992 264 38 autographes
1085 1992 106 38 de
1137 1992 106 38 ce
1190 1992 176 38 prince
1314 1992 123 38 qui
1384 1992 123 38 ont
1454 1992 158 38 passé
1560 1992 106 38 en
1613 1992 158 38 vente
1719 1992 141 38 sont
1807 1992 229 38 adressées
1983 1992 88 38 à
2000 1992 194 38 Villeroy.

731 2034 238 40 Celui-ci,
914 2034 238 40 disgracié
1097 2034 110 40 en
1152 2034 147 40 1588
1244 2034 92 40 à
1281 2034 165 40 cause
1391 2034 110 40 de
1446 2034 128 40 ses
1519 2034 220 40 rapports
1684 2034 147 40 avec
1775 2034 128 40 les
1849 2034 238 40 ligueurs,
2014 2034 183 40 redevint

729 2075 226 38 ministre
899 2075 151 38 sous
993 2075 170 38 Henri
1106 2075 113 38 IV
1163 2075 113 38 et
1219 2075 151 38 sous
1313 2075 170 38 Louis
1427 2075 151 38 XIII
1521 2075 113 38 et
1577 2075 188 38 mourut
1709 2075 113 38 le
1766 2075 113 38 12
1822 2075 226 38 novembre
1973 2075 151 38 1617.)

717 2166 259 59 ★16★
878 2166 291 59 HENRI
1072 2166 226 59 IV,
1202 2166 194 59 n.
1299 2166 194 59 au
1396 2166 356 59 château
1655 2166 194 59 de
1752 2166 259 59 Pau,
1914 2166 194 59 14
2011 2166 388 59 décembre
2302 2166 291 59 1553,
2496 2166 226 59 roi
2625 2166 194 59 de
2690 2166 291 59 Navarre

722 2236 298 62 (1562),
938 2236 189 62 roi
1047 2236 162 62 de
1128 2236 271 62 France
1317 2236 162 62 le
1399 2236 135 62 2
1453 2236 217 62 août
1588 2236 244 62 1589,
1751 2236 162 62 m.
1832 2236 352 62 assassiné
2102 2236 135 62 à
2157 2236 244 62 Paris
2319 2236 162 62 le
2400 2236 162 62 14
2481 2236 189 62 mai
2563 2236 189 62 1610.

776 2326 127 51 L.
839 2326 127 51 A.
903 2326 127 51 S.
966 2326 127 51 au
1030 2326 148 51 duc
1115 2326 127 51 de
1178 2326 212 51 Savoie
1327 2326 445 51 (Charles-Emmanuel
1708 2326 148 51 I);
1793 2326 212 51 Paris,
1941 2326 106 51 8
1983 2326 233 51 janvier
2153 2326 233 51 (1610),
2322 2326 106 51 1
2365 2326 127 51 p.
2428 2326 148 51 pl.
2513 2326 233 51 in-fol.
2661 2326 318 51 <i>(Coll.</i>

722 2382 194 52 <i>de
852 2382 129 52 la
916 2382 258 52 marquise
1110 2382 129 52 de
1174 2382 215 52 Barol,
1325 2382 151 52 née
1411 2382 258 52 Colbert,
1605 2382 172 52 avec
1712 2382 215 52 notice
1863 2382 301 52 autographe
2100 2382 129 52 de
2164 2382 215 52 Silvio
2315 2382 258 52 Pellico,
2509 2382 387 52 bibliothécaire
2810 2382 172 52 de</i>

723 2439 392 50 <i>celle-ci.)</i>
1059 2439 93 50 —
1097 2439 112 50 P.
1153 2439 112 50 de
1190 2439 224 50 Moncornet.

758 2514 194 42 Superbe
899 2514 176 42 lettre
1023 2514 123 42 sur
1093 2514 123 42 les
1164 2514 282 42 négociations
1393 2514 106 42 de
1446 2514 123 42 son
1517 2514 176 42 traité
1640 2514 141 42 avec
1728 2514 106 42 le
1781 2514 123 42 duc
1852 2514 106 42 de
1904 2514 176 42 Savoie
2028 2514 176 42 contre
2151 2514 229 42 l’Espagne
2328 2514 194 42 (conclu
2469 2514 106 42 le
2522 2514 106 42 25
2574 2514 159 42 avril
2680 2514 229 42 suivant).
2857 2514 123 42 «Il
2909 2514 71 42 ne

725 2557 173 41 reste
840 2557 154 41 plus
937 2557 154 41 donc
1033 2557 154 41 qu’à
1130 2557 231 41 acomplyr
1303 2557 135 41 nos
1380 2557 193 41 bonnes
1515 2557 116 41 et
1573 2557 251 41 mutuelles
1766 2557 347 41 délybérasyons,
2055 2557 96 41 à
2093 2557 154 41 quoy
2190 2557 116 41 je
2248 2557 212 41 donneré
2402 2557 135 41 tel
2479 2557 173 41 ordre
2594 2557 116 41 de
2652 2557 135 41 mon
2729 2557 193 41 costé,
2845 2557 135 41 ainsy

725 2599 135 40 que
802 2599 116 40 le
860 2599 135 40 dyt
937 2599 250 40 Trouylous
1129 2599 154 40 vous
1225 2599 154 40 dira
1322 2599 135 40 que
1399 2599 154 40 j’ay
1495 2599 154 40 byen
1591 2599 231 40 commencé
1765 2599 116 40 et
1822 2599 212 40 proposé
1977 2599 116 40 de
2034 2599 154 40 fère
2131 2599 154 40 que,
2227 2599 173 40 comme
2342 2599 231 40 j’estyme
2516 2599 135 40 que
2593 2599 154 40 vous
2689 2599 173 40 aurés
2805 2599 173 40 sujet
2901 2599 77 40 de

723 2641 158 39 vous
822 2641 119 39 an
882 2641 198 39 louer,
1020 2641 119 39 je
1079 2641 237 39 m’atands
1257 2641 178 39 aussy
1376 2641 139 39 que
1455 2641 158 39 vous
1554 2641 178 39 aurés
1673 2641 99 39 à
1713 2641 198 39 plésyr
1851 2641 119 39 de
1910 2641 178 39 metre
2029 2641 119 39 la
2089 2641 237 39 dernyère
2267 2641 158 39 mayn
2366 2641 99 39 à
2405 2641 119 39 ce
2465 2641 139 39 bon
2544 2641 198 39 œuvre,
2682 2641 99 39 à
2722 2641 139 39 fyn
2801 2641 139 39 que
2860 2641 119 39 nous

726 2684 110 38 an
781 2684 238 38 recevyons
964 2684 220 38 ansamble
1128 2684 128 38 par
1201 2684 146 38 nous
1293 2684 110 38 et
1348 2684 128 38 les
1421 2684 201 38 nostres
1567 2684 91 38 à
1604 2684 201 38 présant
1750 2684 110 38 et
1805 2684 91 38 à
1842 2684 220 38 l’avenyr
2006 2684 128 38 les
2079 2684 238 38 avantages
2262 2684 128 38 que
2335 2684 146 38 s’an
2409 2684 146 38 promet

2046 2726 223 39 «Vostre
2208 2726 162 39 byen
2309 2726 142 39 bon
2391 2726 203 39 frère,
2512 2726 183 39 Henry.»

712 2806 252 72 ★17★
869 2806 283 72 MARIE
1058 2806 189 72 DE
1152 2806 378 72 MÉDICIS,
1436 2806 189 72 n.
1530 2806 157 72 à
1593 2806 409 72 Florence,
1908 2806 189 72 26
2003 2806 283 72 avril
2192 2806 283 72 1573,
2381 2806 283 72 fille
2570 2806 189 72 du
2633 2806 346 72 grand

712 2880 181 60 de
802 2880 333 60 Toscane
1044 2880 363 60 François
1317 2880 181 60 I,
1407 2880 272 60 femme
1589 2880 181 60 de
1680 2880 272 60 Henri
1861 2880 181 60 IV
1952 2880 181 60 (5
2042 2880 333 60 octobre
2284 2880 302 60 1600),
2496 2880 333 60 régente
2708 2880 272 60 pendant

718 2948 161 62 la
799 2948 322 62 minorité
1040 2948 161 62 de
1121 2948 241 62 Louis
1281 2948 215 62 XIII
1416 2948 429 62 (1610-1614),
1764 2948 161 62 m.
1845 2948 134 62 à
1898 2948 322 62 Cologne,
2140 2948 134 62 3
2193 2948 295 62 juillet
2381 2948 188 62 1642.

770 3035 131 54 L.
836 3035 131 54 A.
901 3035 131 54 S.
967 3035 109 54 à
1011 3035 153 54 son
1098 3035 175 54 fils
1207 3035 197 54 Louis
1339 3035 197 54 XIII;
1470 3035 306 54 Bruxelles,
1710 3035 109 54 3
1754 3035 262 54 novembre
1951 3035 197 54 1633,
2082 3035 109 54 1
2125 3035 131 54 p.
2191 3035 153 54 pl.
2278 3035 197 54 in-4,
2410 3035 240 54 cachets
2585 3035 240 54 brisés.
2738 3035 240 54 <i>(Coll.

719 3094 328 47 Pécard.)</i>
985 3094 102 47 —
1026 3094 123 47 P.
1087 3094 123 47 de
1128 3094 164 47 Daret.

755 3169 168 43 Belle
867 3169 187 43 lettre
998 3169 187 43 écrite
1129 3169 112 43 de
1185 3169 243 43 Bruxelles
1372 3169 131 43 (où
1447 3169 149 43 elle
1540 3169 206 43 s’était
1690 3169 224 43 réfugiée
1858 3169 112 43 en
1914 3169 149 43 1630
2007 3169 168 43 après
2119 3169 112 43 la
2175 3169 206 43 fameuse
2325 3169 206 43 journée
2474 3169 131 43 des
2549 3169 206 43 Dupes).
2699 3169 149 43 Elle
2792 3169 187 43 envoie
2904 3169 75 43 le

720 3212 165 41 sieur
830 3212 110 41 de
885 3212 220 41 Villiers
1050 3212 257 41 s’informer
1252 3212 110 41 de
1307 3212 129 41 ses
1381 3212 257 41 nouvelles.
1583 3212 129 41 «Si
1656 3212 129 41 son
1730 3212 184 41 retour
1858 3212 202 41 m’hoste
2005 3212 110 41 de
2061 3212 294 41 l’inquiétude
2299 3212 110 41 où
2354 3212 110 41 je
2410 3212 147 41 suis
2501 3212 110 41 en
2557 3212 110 41 me
2612 3212 257 41 rapportant
2814 3212 129 41 que
2869 3212 110 41 vous

720 3257 147 41 vous
811 3257 184 41 portés
940 3257 165 41 bien,
1050 3257 110 41 ce
1105 3257 110 41 me
1160 3257 165 41 seras
1270 3257 110 41 le
1325 3257 147 41 plus
1417 3257 147 41 gran
1509 3257 294 41 contentement
1747 3257 128 41 que
1821 3257 110 41 je
1876 3257 165 41 puise
1986 3257 184 41 jamais
2096 3257 257 41 recevoir...»
