3601 4648
703 577 475 56 10
940 577 713 56 CHEFS
1416 577 475 56 DE
1653 577 1267 56 GOUVERNEMENT
2604 577 396 56 S.1

744 875 141 63 ★
800 875 169 63 18
885 875 141 63 ★
941 875 254 63 LOUIS
1110 875 254 63 XIII,
1279 875 169 63 n.
1364 875 141 63 à
1420 875 507 63 Fontainebleau,
1843 875 169 63 27
1928 875 366 63 septembre
2210 875 254 63 1601,
2379 875 226 63 fils
2520 875 169 63 de
2604 875 254 63 Henri
2773 875 197 63 IV,
2858 875 141 63 roi

747 944 161 60 le
828 944 161 60 14
908 944 188 60 mai
1016 944 242 60 1610,
1177 944 161 60 m.
1258 944 134 60 à
1312 944 699 60 Saint-Germain-en-Laye,
1930 944 161 60 14
2011 944 188 60 mai
2092 944 188 60 1643.

799 1033 146 51 L.
872 1033 146 51 A.
945 1033 146 51 S.
1018 1033 122 51 à
1067 1033 146 51 M.
1140 1033 146 51 de
1213 1033 268 51 Bullion
1408 1033 414 51 (surintendant
1749 1033 171 51 des
1846 1033 341 51 finances);
2090 1033 195 51 Saint-

748 1087 481 53 Germain-en-Laye,
1157 1087 144 53 11
1229 1087 289 53 décembre
1446 1087 217 53 1640,
1591 1087 120 53 1
1639 1087 144 53 p.
1711 1087 169 53 pl.
1807 1087 217 53 in-4.
1952 1087 120 53 —
1976 1087 96 53 P.

791 1165 168 42 Pièce
903 1165 261 42 historique
1109 1165 112 42 où
1165 1165 112 42 il
1221 1165 131 42 lui
1295 1165 205 42 ordonne
1445 1165 112 42 de
1501 1165 261 42 n’expédier
1706 1165 187 42 aucune
1837 1165 205 42 affaire
1986 1165 112 42 ni
2042 1165 168 42 aucun
2154 1165 131 42 don
2210 1165 75 42 au

755 1207 166 42 sieur
865 1207 111 42 de
921 1207 258 42 Cinq-Mars,
1123 1207 129 42 son
1197 1207 313 42 grand-écuyer,
1455 1207 148 42 sans
1547 1207 129 42 son
1621 1207 184 42 exprès
1750 1207 313 42 commandement.
2008 1207 92 42 —
2045 1207 129 42 (On
2119 1207 148 42 voit
2193 1207 92 42 que

753 1249 275 42 Cinq-Mars,
969 1249 138 42 qui
1048 1249 118 42 ne
1107 1249 138 42 fut
1186 1249 196 42 arrêté
1323 1249 177 42 qu’au
1441 1249 157 42 mois
1539 1249 118 42 de
1598 1249 157 42 juin
1697 1249 118 42 de
1755 1249 216 42 l’année
1913 1249 177 42 1642,
2031 1249 177 42 était
2129 1249 157 42 depuis

752 1294 241 40 longtemps
938 1294 148 40 déjà
1031 1294 204 40 suspect
1179 1294 93 40 à
1216 1294 167 40 Louis
1309 1294 148 40 XIII.)

737 1404 271 68 ★19★
906 1404 271 68 ANNE
1075 1404 507 68 D’AUTRICHE,
1481 1404 203 68 n.
1583 1404 203 68 22
1684 1404 440 68 septembre
2022 1404 304 68 1601,
2225 1404 304 68 fille
2428 1404 203 68 du
2530 1404 237 68 roi
2631 1404 372 68 d'Espagne

744 1471 335 70 Philippe
995 1471 195 70 III
1107 1471 167 70 et
1190 1471 167 70 de
1274 1471 390 70 Marguerite
1580 1471 418 70 d’Autriche,
1915 1471 251 70 femme
2082 1471 167 70 de
2166 1471 251 70 Louis
2333 1471 223 70 XIII
2472 1471 195 70 (25
2584 1471 307 70 octobre
2779 1471 223 70 1615),

741 1536 297 70 régente
957 1536 297 70 pendant
1174 1536 162 70 la
1255 1536 324 70 minorité
1498 1536 162 70 de
1579 1536 243 70 Louis
1741 1536 189 70 XIV
1850 1536 297 70 (1643),
2066 1536 162 70 m.
2147 1536 135 70 à
2201 1536 270 70 Paris,
2390 1536 162 70 20
2471 1536 297 70 janvier
2661 1536 189 70 1666.

795 1625 133 60 L.
861 1625 133 60 A.
927 1625 133 60 S.
994 1625 110 60 à
1038 1625 133 60 sa
1104 1625 309 60 belle-sœur
1347 1625 133 60 la
1413 1625 287 60 princesse
1634 1625 133 60 de
1701 1625 243 60 Piémont
1877 1625 353 60 (Chrestienne
2165 1625 133 60 de
2231 1625 243 60 France,
2408 1625 199 60 fille
2540 1625 133 60 de
2606 1625 199 60 Henri
2739 1625 133 60 IV
2805 1625 133 60 et
2849 1625 155 60 femme

740 1689 163 50 de
821 1689 461 50 Victor-Amédée
1201 1689 163 50 I,
1282 1689 190 50 duc
1391 1689 163 50 de
1445 1689 271 50 Savoie);

747 1744 226 50 Paris,
905 1744 113 50 2
951 1744 158 50 mai
1041 1744 203 50 1629,
1176 1744 158 50 3/4
1267 1744 135 50 de
1334 1744 135 50 p.
1402 1744 203 50 in-4,
1515 1744 203 50 cachets

747 1797 121 49 et
807 1797 202 49 soies.
949 1797 262 49 <i>(Coll.
1151 1797 323 49 Pécard.)</i>
1413 1797 101 49 —
1454 1797 121 49 P.
1514 1797 121 49 de
1554 1797 162 49 Daret.

787 1874 197 37 Superbe
930 1874 179 37 lettre
1056 1874 108 37 où
1110 1874 143 37 elle
1199 1874 179 37 marque
1325 1874 108 37 sa
1378 1874 143 37 joie
1468 1874 108 37 de
1504 1874 215 37 l’entrevue

748 1915 144 38 que
831 1915 124 38 le
893 1915 144 38 Roi
975 1915 103 38 a
1016 1915 144 38 eue
1098 1915 165 38 avec
1201 1915 124 38 sa
1263 1915 185 38 sœur;
1387 1915 165 38 elle
1490 1915 226 38 exprime
1634 1915 82 38 en

750 1957 143 38 même
840 1957 161 38 temps
947 1957 125 38 ses
1019 1957 197 38 regrets
1162 1957 107 38 de
1216 1957 125 38 n’y
1287 1957 161 38 avoir
1395 1957 125 38 pas
1466 1957 125 38 été
1520 1957 197 38 présente.

739 2077 232 64 ★20★
884 2077 261 64 LOUIS
1058 2077 232 64 XIV,
1203 2077 174 64 n.
1290 2077 145 64 à
1348 2077 754 64 Saint-Germain-en-Laye,
2014 2077 145 64 5
2072 2077 377 64 septembre
2362 2077 261 64 1638,
2536 2077 232 64 fils
2681 2077 203 64 des
2768 2077 232 64 précé-

743 2145 243 63 dents,
913 2145 170 63 roi
1010 2145 146 63 le
1083 2145 146 63 14
1156 2145 170 63 mai
1253 2145 219 63 1643,
1399 2145 170 63 dit
1496 2145 219 63 <i>le
1642 2145 340 63 Grand</i>,
1909 2145 146 63 m.
1982 2145 121 63 à
2030 2145 364 63 Versailles,
2322 2145 121 63 1
2370 2145 316 63 septembre
2613 2145 219 63 1715.
2759 2145 219 63 Comme
2881 2145 121 63 Pé-

741 2213 276 62 riclès,
941 2213 276 62 Auguste
1142 2213 150 62 et
1217 2213 201 62 Léon
1343 2213 150 62 X,
1418 2213 150 62 il
1493 2213 226 62 donna
1643 2213 175 62 son
1744 2213 175 62 nom
1844 2213 125 62 à
1894 2213 150 62 un
1969 2213 175 62 des
2070 2213 251 62 quatre
2245 2213 251 62 grands
2420 2213 276 62 siècles
2621 2213 150 62 de
2671 2213 326 62 l’histoire.

795 2304 145 53 1°
867 2304 145 53 L.
940 2304 145 53 S.
1013 2304 145 53 au
1086 2304 267 53 marquis
1280 2304 145 53 de
1352 2304 339 53 Bellefonds
1619 2304 339 53 (Bernardin
1886 2304 291 53 Gigault,
2104 2304 145 53 n.
2177 2304 218 53 1630,
2322 2304 291 53 maréchal
2540 2304 145 53 de
2613 2304 242 53 France
2783 2304 145 53 en
2831 2304 170 53 1668,

741 2358 135 53 m.
808 2358 225 53 1694);
966 2358 225 53 Paris,
1123 2358 135 53 22
1191 2358 248 53 février
1371 2358 203 53 1664,
1506 2358 113 53 1
1551 2358 135 53 p.
1618 2358 203 53 in-4,
1731 2358 113 53 ca-

740 2413 205 51 chets
877 2413 137 51 et
946 2413 228 51 soies.
1105 2413 228 51 Légère
1265 2413 228 51 tache.
1425 2413 114 51 —
1448 2413 91 51 P.

780 2493 162 39 Belle
888 2493 180 39 lettre
1014 2493 108 39 où
1068 2493 108 39 il
1122 2493 126 39 lui
1194 2493 162 39 mande
1302 2493 126 39 que
1374 2493 108 39 la
1428 2493 234 39 signature
1608 2493 108 39 du
1662 2493 180 39 traité
1770 2493 72 39 de

743 2533 142 40 Pise
832 2533 195 40 (conclu
974 2533 142 40 avec
1062 2533 106 40 le
1115 2533 142 40 Pape
1204 2533 106 40 le
1257 2533 106 40 12
1310 2533 213 40 février)
1470 2533 106 40 ne
1523 2533 124 40 lui
1594 2533 177 40 laisse
1718 2533 142 40 rien
1789 2533 53 40 à

742 2576 234 40 répliquer
922 2576 90 40 à
958 2576 108 40 ce
1012 2576 162 40 qu’il
1121 2576 126 40 lui
1193 2576 216 40 marquait
1355 2576 108 40 de
1409 2576 108 40 la
1463 2576 198 40 qualité
1608 2576 108 40 du
1662 2576 180 40 chemin
1770 2576 72 40 de

743 2618 212 38 Bologne
897 2618 96 38 à
916 2618 212 38 Florence.

791 2690 134 54 2°
858 2690 134 54 L.
925 2690 179 54 aut.
1036 2690 112 54 à
1081 2690 134 54 sa
1148 2690 313 54 belle-sœur
1394 2690 313 54 (Henriette
1618 2690 223 54 d’Angle-

741 2744 220 52 terre,
895 2744 264 52 duchesse
1092 2744 307 52 d’Orléans,
1334 2744 198 52 fille
1466 2744 132 52 du
1532 2744 154 52 roi
1619 2744 242 52 Charles
1773 2744 66 52 I

737 2798 150 53 et
812 2798 150 53 de
887 2798 476 53 Henriette-Marie
1288 2798 150 53 de
1364 2798 276 53 France,
1564 2798 276 53 mariée,
1740 2798 100 53 en

743 2851 224 55 1661,
893 2851 125 55 à
943 2851 299 55 Philippe
1167 2851 349 55 d’Orléans,
1441 2851 224 55 frère
1591 2851 249 55 unique
1740 2851 100 55 de

741 2903 215 57 Louis
885 2903 215 57 XIV);
1028 2903 239 57 Dijon,
1196 2903 120 57 5
1244 2903 263 57 février
1435 2903 215 57 1668,
1579 2903 120 57 1
1627 2903 144 57 p.
1674 2903 168 57 in

738 2959 216 57 cachets
896 2959 216 57 brisés.
1053 2959 216 57 Légères
1210 2959 216 57 taches.
1367 2959 256 57 <i>(Coll.
1544 2959 295 57 Chambry.)</i>

778 3025 239 58 Précieuse
961 3025 184 58 pièce.
1090 3025 184 58 Épître
1218 3025 147 58 d’un
1310 3025 147 58 tour
1402 3025 184 58 galant
1530 3025 92 58 à
1567 3025 110 58 sa
1603 3025 239 58 belle

743 3082 139 38 dont
830 3082 104 38 il
882 3082 156 38 était
986 3082 174 38 épris.
1108 3082 104 38 En
1160 3082 156 38 voici
1264 3082 104 38 le
1299 3082 139 38 texte:

779 3125 127 46 «Si
852 3125 109 46 je
906 3125 109 46 ne
961 3125 146 46 vous
1052 3125 182 46 aimois
1179 3125 164 46 fort,
1288 3125 109 46 je
1343 3125 109 46 ne
1398 3125 146 46 vous
1489 3125 237 46 escrirois
1671 3125 146 46 pas,
1762 3125 127 46 car
1834 3125 109 46 je
1889 3125 146 46 n'ai
1980 3125 146 46 rien
2071 3125 91 46 à
2107 3125 146 46 vous
2198 3125 146 46 dire
2289 3125 164 46 après
2398 3125 127 46 les
2471 3125 237 46 nouvelles
2653 3125 127 46 que
2726 3125 146 46 j’ai
2817 3125 200 46 mandées
2944 3125 55 46 à

741 3167 127 45 mon
813 3167 163 45 frère
922 3167 253 45 (Philippe,
1121 3167 127 45 duc
1193 3167 271 45 d'Orléans),
1410 3167 145 45 mais
1500 3167 108 45 je
1555 3167 145 45 suis
1645 3167 145 45 bien
1735 3167 145 45 aise
1826 3167 108 45 de
1880 3167 145 45 vous
1970 3167 235 45 confirmer
2151 3167 108 45 ce
2205 3167 127 45 que
2278 3167 108 45 je
2332 3167 145 45 vous
2422 3167 108 45 ai
2477 3167 145 45 dit,
2567 3167 127 45 qui
2639 3167 127 45 est
2712 3167 127 45 que
2784 3167 145 45 j’ai
2856 3167 145 45 autant

739 3209 219 46 d’amitié
903 3209 146 46 pour
994 3209 146 46 vous
1085 3209 128 46 que
1158 3209 146 46 vous
1250 3209 109 46 le
1304 3209 182 46 pouvés
1432 3209 274 46 souhaitter.
1651 3209 164 46 Soiés
1760 3209 237 46 persuadée
1943 3209 109 46 de
1998 3209 109 46 ce
2052 3209 128 46 que
2125 3209 109 46 je
2180 3209 146 46 vous
2271 3209 219 46 confirme
2435 3209 128 46 par
2508 3209 164 46 cette
2618 3209 182 46 lettre
2746 3209 109 46 et
2800 3209 182 46 faitte
2910 3209 91 46 mes

739 3253 295 43 complimens,
975 3253 157 43 s’il
1074 3253 157 43 vous
1172 3253 216 43 plaist,
1329 3253 98 43 à
1368 3253 236 43 Mesdames
1545 3253 118 43 de
1604 3253 197 43 Monaco
1742 3253 118 43 et
1801 3253 118 43 de
1860 3253 256 43 Tianges.»
2056 3253 98 43 —
2096 3253 138 43 (Il
2174 3253 197 43 s’agit
2312 3253 118 43 de
2371 3253 452 43 Catherine-Charlotte
2764 3253 118 43 de
2803 3253 197 43 Gramont,

739 3293 180 46 femme
859 3293 120 46 de
919 3293 180 46 Louis
1039 3293 260 46 Grimaldi,
1239 3293 200 46 prince
1380 3293 120 46 de
1440 3293 220 46 Monaco,
1600 3293 120 46 et
1660 3293 120 46 de
1720 3293 260 46 Gabrielle
1920 3293 120 46 de
1980 3293 540 46 Rochechouart-Mortemart,
2461 3293 240 46 marquise
2641 3293 120 46 de
2701 3293 260 46 Thianges,
2881 3293 120 46 sœur

741 3334 116 42 de
799 3334 116 42 la
856 3334 231 42 marquise
1030 3334 116 42 de
1068 3334 251 42 Montespan.)

735 3460 221 68 ★21★
873 3460 248 68 LOUIS
1039 3460 193 68 XV,
1149 3460 166 68 n.
1232 3460 138 68 à
1287 3460 414 68 Versailles,
1618 3460 166 68 15
1701 3460 304 68 février
1922 3460 248 68 1710,
2087 3460 304 68 arrière
2308 3460 386 68 petit-fils
2612 3460 166 68 et
2667 3460 331 68 successeur

734 3518 166 74 du
817 3518 388 74 précédent,
1122 3518 194 74 roi
1233 3518 166 74 le
1316 3518 139 74 1
1371 3518 360 74 septembre
1648 3518 249 74 1715,
1815 3518 166 74 m.
1898 3518 222 74 dans
2036 3518 166 74 la
2119 3518 222 74 même
2258 3518 277 74 ville,
2452 3518 166 74 10
2535 3518 194 74 mai
2618 3518 194 74 1774.

792 3609 138 61 L.
861 3609 138 61 A.
930 3609 138 61 S.
999 3609 115 61 à
1045 3609 161 61 son
1137 3609 230 61 cousin
1297 3609 138 61 le
1366 3609 207 61 comte
1504 3609 138 61 de
1573 3609 276 61 Clermont
1780 3609 207 61 (abbé
1917 3609 138 61 de
1986 3609 620 61 Saint-Germain-des-Prés,
2515 3609 482 61 lieutenant

741 3663 230 63 membre
902 3663 138 63 de
971 3663 322 63 l'Académie
1224 3663 322 63 française,
1477 3663 138 63 n.
1546 3663 207 63 1709,
1684 3663 138 63 m.
1753 3663 230 63 1771);
1913 3663 345 63 Versailles,
2189 3663 115 63 7
2235 3663 207 63 avril
2373 3663 207 63 1758,
2511 3663 161 63 1/2
2603 3663 138 63 p.
2672 3663 207 63 in-4,
2787 3663 207 63 cachet.

740 3717 121 38 —
788 3717 146 38 P.
861 3717 146 38 de
910 3717 218 38 Daullé.
