5670.866141732284 7319.685039370079
1107.0866141732283 908.6614173228346 748.0314960629921 88.18897637795276 10
1480.3149606299212 908.6614173228346 1122.8346456692914 88.18897637795276 CHEFS
2229.9212598425197 908.6614173228346 748.0314960629921 88.18897637795276 DE
2603.149606299213 908.6614173228346 1995.275590551181 88.18897637795276 GOUVERNEMENT
4100.787401574803 908.6614173228346 623.6220472440945 88.18897637795276 S.1

1171.6535433070867 1377.9527559055118 222.04724409448818 99.21259842519684 ★
1259.8425196850394 1377.9527559055118 266.1417322834646 99.21259842519684 18
1393.7007874015749 1377.9527559055118 222.04724409448818 99.21259842519684 ★
1481.8897637795276 1377.9527559055118 400.0 99.21259842519684 LOUIS
1748.0314960629921 1377.9527559055118 400.0 99.21259842519684 XIII,
2014.1732283464567 1377.9527559055118 266.1417322834646 99.21259842519684 n.
2148.031496062992 1377.9527559055118 222.04724409448818 99.21259842519684 à
2236.220472440945 1377.9527559055118 798.4251968503937 99.21259842519684 Fontainebleau,
2902.3622047244094 1377.9527559055118 266.1417322834646 99.21259842519684 27
3036.220472440945 1377.9527559055118 576.3779527559055 99.21259842519684 septembre
3480.314960629921 1377.9527559055118 400.0 99.21259842519684 1601,
3746.4566929133857 1377.9527559055118 355.90551181102364 99.21259842519684 fils
3968.503937007874 1377.9527559055118 266.1417322834646 99.21259842519684 de
4100.787401574803 1377.9527559055118 400.0 99.21259842519684 Henri
4366.929133858268 1377.9527559055118 310.23622047244095 99.21259842519684 IV,
4500.787401574803 1377.9527559055118 222.04724409448818 99.21259842519684 roi

1176.3779527559054 1486.6141732283465 253.54330708661416 94.48818897637796 le
1303.9370078740158 1486.6141732283465 253.54330708661416 94.48818897637796 14
1429.9212598425197 1486.6141732283465 296.06299212598424 94.48818897637796 mai
1600.0 1486.6141732283465 381.1023622047244 94.48818897637796 1610,
1853.5433070866143 1486.6141732283465 253.54330708661416 94.48818897637796 m.
1981.1023622047244 1486.6141732283465 211.0236220472441 94.48818897637796 à
2066.1417322834645 1486.6141732283465 1100.7874015748032 94.48818897637796 Saint-Germain-en-Laye,
3039.3700787401576 1486.6141732283465 253.54330708661416 94.48818897637796 14
3166.9291338582675 1486.6141732283465 296.06299212598424 94.48818897637796 mai
3294.488188976378 1486.6141732283465 296.06299212598424 94.48818897637796 1643.

1258.267716535433 1626.7716535433071 229.92125984251967 80.31496062992126 L.
1373.2283464566929 1626.7716535433071 229.92125984251967 80.31496062992126 A.
1488.1889763779527 1626.7716535433071 229.92125984251967 80.31496062992126 S.
1603.1496062992126 1626.7716535433071 192.1259842519685 80.31496062992126 à
1680.3149606299212 1626.7716535433071 229.92125984251967 80.31496062992126 M.
1795.275590551181 1626.7716535433071 229.92125984251967 80.31496062992126 de
1910.236220472441 1626.7716535433071 422.0472440944882 80.31496062992126 Bullion
2217.3228346456694 1626.7716535433071 651.9685039370079 80.31496062992126 (surintendant
2754.3307086614172 1626.7716535433071 269.29133858267716 80.31496062992126 des
2907.0866141732286 1626.7716535433071 537.007874015748 80.31496062992126 finances);
3291.3385826771655 1626.7716535433071 307.0866141732283 80.31496062992126 Saint-

1177.9527559055118 1711.8110236220473 757.4803149606299 83.46456692913385 Germain-en-Laye,
1822.0472440944882 1711.8110236220473 226.77165354330708 83.46456692913385 11
1935.4330708661416 1711.8110236220473 455.11811023622045 83.46456692913385 décembre
2277.165354330709 1711.8110236220473 341.73228346456693 83.46456692913385 1640,
2505.511811023622 1711.8110236220473 188.9763779527559 83.46456692913385 1
2581.1023622047246 1711.8110236220473 226.77165354330708 83.46456692913385 p.
2694.488188976378 1711.8110236220473 266.1417322834646 83.46456692913385 pl.
2845.6692913385828 1711.8110236220473 341.73228346456693 83.46456692913385 in-4.
3074.015748031496 1711.8110236220473 188.9763779527559 83.46456692913385 —
3111.8110236220473 1711.8110236220473 151.1811023622047 83.46456692913385 P.

1245.6692913385828 1834.6456692913387 264.56692913385825 66.14173228346456 Pièce
1422.0472440944882 1834.6456692913387 411.0236220472441 66.14173228346456 historique
1746.4566929133857 1834.6456692913387 176.3779527559055 66.14173228346456 où
1834.6456692913387 1834.6456692913387 176.3779527559055 66.14173228346456 il
1922.8346456692914 1834.6456692913387 206.29921259842519 66.14173228346456 lui
2039.3700787401574 1834.6456692913387 322.8346456692913 66.14173228346456 ordonne
2275.5905511811025 1834.6456692913387 176.3779527559055 66.14173228346456 de
2363.779527559055 1834.6456692913387 411.0236220472441 66.14173228346456 n’expédier
2686.6141732283463 1834.6456692913387 294.48818897637796 66.14173228346456 aucune
2892.9133858267714 1834.6456692913387 322.8346456692913 66.14173228346456 affaire
3127.5590551181103 1834.6456692913387 176.3779527559055 66.14173228346456 ni
3215.748031496063 1834.6456692913387 264.56692913385825 66.14173228346456 aucun
3392.1259842519685 1834.6456692913387 206.29921259842519 66.14173228346456 don
3480.314960629921 1834.6456692913387 118.11023622047244 66.14173228346456 au

1188.976377952756 1900.7874015748032 261.4173228346457 66.14173228346456 sieur
1362.2047244094488 1900.7874015748032 174.8031496062992 66.14173228346456 de
1450.3937007874015 1900.7874015748032 406.2992125984252 66.14173228346456 Cinq-Mars,
1768.5039370078741 1900.7874015748032 203.1496062992126 66.14173228346456 son
1885.0393700787401 1900.7874015748032 492.9133858267717 66.14173228346456 grand-écuyer,
2291.3385826771655 1900.7874015748032 233.0708661417323 66.14173228346456 sans
2436.220472440945 1900.7874015748032 203.1496062992126 66.14173228346456 son
2552.755905511811 1900.7874015748032 289.76377952755905 66.14173228346456 exprès
2755.9055118110236 1900.7874015748032 492.9133858267717 66.14173228346456 commandement.
3162.2047244094488 1900.7874015748032 144.88188976377953 66.14173228346456 —
3220.472440944882 1900.7874015748032 203.1496062992126 66.14173228346456 (On
3337.0078740157483 1900.7874015748032 233.0708661417323 66.14173228346456 voit
3453.5433070866143 1900.7874015748032 144.88188976377953 66.14173228346456 que

1185.8267716535433 1966.9291338582677 433.07086614173227 66.14173228346456 Cinq-Mars,
1525.984251968504 1966.9291338582677 217.3228346456693 66.14173228346456 qui
1650.3937007874015 1966.9291338582677 185.82677165354332 66.14173228346456 ne
1743.3070866141732 1966.9291338582677 217.3228346456693 66.14173228346456 fut
1867.716535433071 1966.9291338582677 308.66141732283467 66.14173228346456 arrêté
2083.464566929134 1966.9291338582677 278.74015748031496 66.14173228346456 qu’au
2269.2913385826773 1966.9291338582677 247.24409448818898 66.14173228346456 mois
2423.6220472440946 1966.9291338582677 185.82677165354332 66.14173228346456 de
2516.535433070866 1966.9291338582677 247.24409448818898 66.14173228346456 juin
2672.4409448818897 1966.9291338582677 185.82677165354332 66.14173228346456 de
2763.779527559055 1966.9291338582677 340.15748031496065 66.14173228346456 l’année
3012.5984251968503 1966.9291338582677 278.74015748031496 66.14173228346456 1642,
3198.4251968503936 1966.9291338582677 278.74015748031496 66.14173228346456 était
3352.755905511811 1966.9291338582677 247.24409448818898 66.14173228346456 depuis

1184.251968503937 2037.7952755905512 379.5275590551181 62.99212598425197 longtemps
1477.1653543307086 2037.7952755905512 233.0708661417323 62.99212598425197 déjà
1623.6220472440946 2037.7952755905512 321.25984251968504 62.99212598425197 suspect
1856.6929133858268 2037.7952755905512 146.45669291338584 62.99212598425197 à
1914.9606299212599 2037.7952755905512 262.99212598425197 62.99212598425197 Louis
2061.417322834646 2037.7952755905512 233.0708661417323 62.99212598425197 XIII.)

1160.6299212598426 2211.0236220472443 426.7716535433071 107.08661417322834 ★19★
1426.7716535433071 2211.0236220472443 426.7716535433071 107.08661417322834 ANNE
1692.9133858267717 2211.0236220472443 798.4251968503937 107.08661417322834 D’AUTRICHE,
2332.283464566929 2211.0236220472443 319.68503937007875 107.08661417322834 n.
2492.9133858267714 2211.0236220472443 319.68503937007875 107.08661417322834 22
2651.968503937008 2211.0236220472443 692.9133858267717 107.08661417322834 septembre
3184.251968503937 2211.0236220472443 478.74015748031496 107.08661417322834 1601,
3503.9370078740158 2211.0236220472443 478.74015748031496 107.08661417322834 fille
3823.6220472440946 2211.0236220472443 319.68503937007875 107.08661417322834 du
3984.251968503937 2211.0236220472443 373.2283464566929 107.08661417322834 roi
4143.307086614173 2211.0236220472443 585.8267716535433 107.08661417322834 d'Espagne

1171.6535433070867 2316.535433070866 527.5590551181102 110.23622047244095 Philippe
1566.9291338582677 2316.535433070866 307.0866141732283 110.23622047244095 III
1743.3070866141732 2316.535433070866 262.99212598425197 110.23622047244095 et
1874.015748031496 2316.535433070866 262.99212598425197 110.23622047244095 de
2006.2992125984251 2316.535433070866 614.1732283464567 110.23622047244095 Marguerite
2488.1889763779527 2316.535433070866 658.2677165354331 110.23622047244095 d’Autriche,
3015.748031496063 2316.535433070866 395.2755905511811 110.23622047244095 femme
3278.740157480315 2316.535433070866 262.99212598425197 110.23622047244095 de
3411.0236220472443 2316.535433070866 395.2755905511811 110.23622047244095 Louis
3674.015748031496 2316.535433070866 351.18110236220474 110.23622047244095 XIII
3892.9133858267714 2316.535433070866 307.0866141732283 110.23622047244095 (25
4069.2913385826773 2316.535433070866 483.46456692913387 110.23622047244095 octobre
4376.377952755905 2316.535433070866 351.18110236220474 110.23622047244095 1615),

1166.9291338582677 2418.8976377952754 467.7165354330709 110.23622047244095 régente
1507.0866141732283 2418.8976377952754 467.7165354330709 110.23622047244095 pendant
1848.8188976377953 2418.8976377952754 255.11811023622047 110.23622047244095 la
1976.3779527559054 2418.8976377952754 510.23622047244095 110.23622047244095 minorité
2359.0551181102364 2418.8976377952754 255.11811023622047 110.23622047244095 de
2486.6141732283463 2418.8976377952754 382.6771653543307 110.23622047244095 Louis
2741.732283464567 2418.8976377952754 297.6377952755906 110.23622047244095 XIV
2913.3858267716537 2418.8976377952754 467.7165354330709 110.23622047244095 (1643),
3253.5433070866143 2418.8976377952754 255.11811023622047 110.23622047244095 m.
3381.1023622047246 2418.8976377952754 212.5984251968504 110.23622047244095 à
3466.1417322834645 2418.8976377952754 425.1968503937008 110.23622047244095 Paris,
3763.779527559055 2418.8976377952754 255.11811023622047 110.23622047244095 20
3891.3385826771655 2418.8976377952754 467.7165354330709 110.23622047244095 janvier
4190.5511811023625 2418.8976377952754 297.6377952755906 110.23622047244095 1666.

1251.9685039370079 2559.0551181102364 209.4488188976378 94.48818897637796 L.
1355.9055118110236 2559.0551181102364 209.4488188976378 94.48818897637796 A.
1459.8425196850394 2559.0551181102364 209.4488188976378 94.48818897637796 S.
1565.3543307086613 2559.0551181102364 173.22834645669292 94.48818897637796 à
1634.6456692913387 2559.0551181102364 209.4488188976378 94.48818897637796 sa
1738.5826771653544 2559.0551181102364 486.61417322834643 94.48818897637796 belle-sœur
2121.259842519685 2559.0551181102364 209.4488188976378 94.48818897637796 la
2225.196850393701 2559.0551181102364 451.9685039370079 94.48818897637796 princesse
2573.228346456693 2559.0551181102364 209.4488188976378 94.48818897637796 de
2678.740157480315 2559.0551181102364 382.6771653543307 94.48818897637796 Piémont
2955.9055118110236 2559.0551181102364 555.9055118110236 94.48818897637796 (Chrestienne
3409.448818897638 2559.0551181102364 209.4488188976378 94.48818897637796 de
3513.3858267716537 2559.0551181102364 382.6771653543307 94.48818897637796 France,
3792.1259842519685 2559.0551181102364 313.38582677165357 94.48818897637796 fille
4000.0 2559.0551181102364 209.4488188976378 94.48818897637796 de
4103.937007874016 2559.0551181102364 313.38582677165357 94.48818897637796 Henri
4313.385826771653 2559.0551181102364 209.4488188976378 94.48818897637796 IV
4417.322834645669 2559.0551181102364 209.4488188976378 94.48818897637796 et
4486.614173228347 2559.0551181102364 244.09448818897638 94.48818897637796 femme

1165.3543307086613 2659.8425196850394 256.6929133858268 78.74015748031496 de
1292.9133858267717 2659.8425196850394 725.9842519685039 78.74015748031496 Victor-Amédée
1891.3385826771653 2659.8425196850394 256.6929133858268 78.74015748031496 I,
2018.8976377952756 2659.8425196850394 299.21259842519686 78.74015748031496 duc
2190.551181102362 2659.8425196850394 256.6929133858268 78.74015748031496 de
2275.5905511811025 2659.8425196850394 426.7716535433071 78.74015748031496 Savoie);

1176.3779527559054 2746.4566929133857 355.90551181102364 78.74015748031496 Paris,
1425.1968503937007 2746.4566929133857 177.95275590551182 78.74015748031496 2
1497.6377952755906 2746.4566929133857 248.8188976377953 78.74015748031496 mai
1639.3700787401574 2746.4566929133857 319.68503937007875 78.74015748031496 1629,
1851.9685039370079 2746.4566929133857 248.8188976377953 78.74015748031496 3/4
1995.275590551181 2746.4566929133857 212.5984251968504 78.74015748031496 de
2100.787401574803 2746.4566929133857 212.5984251968504 78.74015748031496 p.
2207.8740157480315 2746.4566929133857 319.68503937007875 78.74015748031496 in-4,
2385.8267716535433 2746.4566929133857 319.68503937007875 78.74015748031496 cachets

1176.3779527559054 2829.9212598425197 190.5511811023622 77.16535433070867 et
1270.8661417322835 2829.9212598425197 318.1102362204724 77.16535433070867 soies.
1494.4881889763778 2829.9212598425197 412.59842519685037 77.16535433070867 (Coll.
1812.5984251968505 2829.9212598425197 508.66141732283467 77.16535433070867 Pécard.)
2225.196850393701 2829.9212598425197 159.0551181102362 77.16535433070867 —
2289.763779527559 2829.9212598425197 190.5511811023622 77.16535433070867 P.
2384.251968503937 2829.9212598425197 190.5511811023622 77.16535433070867 de
2447.244094488189 2829.9212598425197 255.11811023622047 77.16535433070867 Daret.

1239.3700787401574 2951.181102362205 310.23622047244095 58.267716535433074 Superbe
1464.5669291338584 2951.181102362205 281.8897637795276 58.267716535433074 lettre
1662.992125984252 2951.181102362205 170.07874015748033 58.267716535433074 où
1748.0314960629921 2951.181102362205 225.1968503937008 58.267716535433074 elle
1888.1889763779527 2951.181102362205 281.8897637795276 58.267716535433074 marque
2086.6141732283463 2951.181102362205 170.07874015748033 58.267716535433074 sa
2170.0787401574803 2951.181102362205 225.1968503937008 58.267716535433074 joie
2311.8110236220473 2951.181102362205 170.07874015748033 58.267716535433074 de
2368.503937007874 2951.181102362205 338.5826771653543 58.267716535433074 l’entrevue

1177.9527559055118 3015.748031496063 226.77165354330708 59.84251968503937 que
1308.6614173228347 3015.748031496063 195.2755905511811 59.84251968503937 le
1406.2992125984251 3015.748031496063 226.77165354330708 59.84251968503937 Roi
1535.4330708661416 3015.748031496063 162.20472440944883 59.84251968503937 a
1600.0 3015.748031496063 226.77165354330708 59.84251968503937 eue
1729.1338582677165 3015.748031496063 259.84251968503935 59.84251968503937 avec
1891.3385826771653 3015.748031496063 195.2755905511811 59.84251968503937 sa
1988.976377952756 3015.748031496063 291.33858267716533 59.84251968503937 sœur;
2184.251968503937 3015.748031496063 259.84251968503935 59.84251968503937 elle
2346.4566929133857 3015.748031496063 355.90551181102364 59.84251968503937 exprime
2573.228346456693 3015.748031496063 129.13385826771653 59.84251968503937 en

1181.1023622047244 3081.8897637795276 225.1968503937008 59.84251968503937 même
1322.8346456692914 3081.8897637795276 253.54330708661416 59.84251968503937 temps
1491.3385826771653 3081.8897637795276 196.8503937007874 59.84251968503937 ses
1604.724409448819 3081.8897637795276 310.23622047244095 59.84251968503937 regrets
1829.9212598425197 3081.8897637795276 168.50393700787401 59.84251968503937 de
1914.9606299212599 3081.8897637795276 196.8503937007874 59.84251968503937 n’y
2026.7716535433071 3081.8897637795276 253.54330708661416 59.84251968503937 avoir
2196.850393700787 3081.8897637795276 196.8503937007874 59.84251968503937 pas
2308.6614173228345 3081.8897637795276 196.8503937007874 59.84251968503937 été
2393.700787401575 3081.8897637795276 310.23622047244095 59.84251968503937 présente.

1163.7795275590552 3270.8661417322833 365.3543307086614 100.78740157480316 ★20★
1392.1259842519685 3270.8661417322833 411.0236220472441 100.78740157480316 LOUIS
1666.1417322834645 3270.8661417322833 365.3543307086614 100.78740157480316 XIV,
1894.4881889763778 3270.8661417322833 274.01574803149606 100.78740157480316 n.
2031.4960629921259 3270.8661417322833 228.3464566929134 100.78740157480316 à
2122.834645669291 3270.8661417322833 1187.4015748031495 100.78740157480316 Saint-Germain-en-Laye,
3171.6535433070867 3270.8661417322833 228.3464566929134 100.78740157480316 5
3262.9921259842517 3270.8661417322833 593.7007874015748 100.78740157480316 septembre
3719.685039370079 3270.8661417322833 411.0236220472441 100.78740157480316 1638,
3993.700787401575 3270.8661417322833 365.3543307086614 100.78740157480316 fils
4222.047244094489 3270.8661417322833 319.68503937007875 100.78740157480316 des
4359.055118110236 3270.8661417322833 365.3543307086614 100.78740157480316 précé-

1170.0787401574803 3377.952755905512 382.6771653543307 99.21259842519684 dents,
1437.7952755905512 3377.952755905512 267.7165354330709 99.21259842519684 roi
1590.5511811023623 3377.952755905512 229.92125984251967 99.21259842519684 le
1705.5118110236222 3377.952755905512 229.92125984251967 99.21259842519684 14
1820.4724409448818 3377.952755905512 267.7165354330709 99.21259842519684 mai
1973.2283464566929 3377.952755905512 344.88188976377955 99.21259842519684 1643,
2203.149606299213 3377.952755905512 267.7165354330709 99.21259842519684 dit
2355.9055118110236 3377.952755905512 344.88188976377955 99.21259842519684 le
2585.8267716535433 3377.952755905512 535.4330708661417 99.21259842519684 Grand,
3006.299212598425 3377.952755905512 229.92125984251967 99.21259842519684 m.
3121.259842519685 3377.952755905512 190.5511811023622 99.21259842519684 à
3196.850393700787 3377.952755905512 573.2283464566929 99.21259842519684 Versailles,
3656.6929133858266 3377.952755905512 190.5511811023622 99.21259842519684 1
3732.283464566929 3377.952755905512 497.6377952755906 99.21259842519684 septembre
4114.96062992126 3377.952755905512 344.88188976377955 99.21259842519684 1715.
4344.881889763779 3377.952755905512 344.88188976377955 99.21259842519684 Comme
4537.007874015748 3377.952755905512 190.5511811023622 99.21259842519684 Pé-

1166.9291338582677 3485.0393700787404 434.6456692913386 97.63779527559055 riclès,
1481.8897637795276 3485.0393700787404 434.6456692913386 97.63779527559055 Auguste
1798.4251968503936 3485.0393700787404 236.2204724409449 97.63779527559055 et
1916.5354330708662 3485.0393700787404 316.53543307086613 97.63779527559055 Léon
2114.9606299212596 3485.0393700787404 236.2204724409449 97.63779527559055 X,
2233.0708661417325 3485.0393700787404 236.2204724409449 97.63779527559055 il
2351.181102362205 3485.0393700787404 355.90551181102364 97.63779527559055 donna
2587.4015748031497 3485.0393700787404 275.59055118110234 97.63779527559055 son
2746.4566929133857 3485.0393700787404 275.59055118110234 97.63779527559055 nom
2903.9370078740158 3485.0393700787404 196.8503937007874 97.63779527559055 à
2982.6771653543306 3485.0393700787404 236.2204724409449 97.63779527559055 un
3100.787401574803 3485.0393700787404 275.59055118110234 97.63779527559055 des
3259.8425196850394 3485.0393700787404 395.2755905511811 97.63779527559055 quatre
3535.433070866142 3485.0393700787404 395.2755905511811 97.63779527559055 grands
3811.0236220472443 3485.0393700787404 434.6456692913386 97.63779527559055 siècles
4127.55905511811 3485.0393700787404 236.2204724409449 97.63779527559055 de
4206.299212598426 3485.0393700787404 513.3858267716536 97.63779527559055 l’histoire.

1251.9685039370079 3628.3464566929133 228.3464566929134 83.46456692913385 1°
1365.3543307086613 3628.3464566929133 228.3464566929134 83.46456692913385 L.
1480.3149606299212 3628.3464566929133 228.3464566929134 83.46456692913385 S.
1595.275590551181 3628.3464566929133 228.3464566929134 83.46456692913385 au
1710.236220472441 3628.3464566929133 420.4724409448819 83.46456692913385 marquis
2015.748031496063 3628.3464566929133 228.3464566929134 83.46456692913385 de
2129.1338582677167 3628.3464566929133 533.8582677165355 83.46456692913385 Bellefonds
2549.6062992125985 3628.3464566929133 533.8582677165355 83.46456692913385 (Bernardin
2970.0787401574803 3628.3464566929133 458.26771653543307 83.46456692913385 Gigault,
3313.3858267716537 3628.3464566929133 228.3464566929134 83.46456692913385 n.
3428.3464566929133 3628.3464566929133 343.3070866141732 83.46456692913385 1630,
3656.6929133858266 3628.3464566929133 458.26771653543307 83.46456692913385 maréchal
4000.0 3628.3464566929133 228.3464566929134 83.46456692913385 de
4114.96062992126 3628.3464566929133 381.1023622047244 83.46456692913385 France
4382.677165354331 3628.3464566929133 228.3464566929134 83.46456692913385 en
4458.2677165354335 3628.3464566929133 267.7165354330709 83.46456692913385 1668,

1166.9291338582677 3713.3858267716537 212.5984251968504 83.46456692913385 m.
1272.4409448818897 3713.3858267716537 354.3307086614173 83.46456692913385 1694);
1521.259842519685 3713.3858267716537 354.3307086614173 83.46456692913385 Paris,
1768.5039370078741 3713.3858267716537 212.5984251968504 83.46456692913385 22
1875.5905511811025 3713.3858267716537 390.5511811023622 83.46456692913385 février
2159.0551181102364 3713.3858267716537 319.68503937007875 83.46456692913385 1664,
2371.6535433070867 3713.3858267716537 177.95275590551182 83.46456692913385 1
2442.51968503937 3713.3858267716537 212.5984251968504 83.46456692913385 p.
2548.031496062992 3713.3858267716537 319.68503937007875 83.46456692913385 in-4,
2725.984251968504 3713.3858267716537 177.95275590551182 83.46456692913385 ca-

1165.3543307086613 3800.0 322.8346456692913 80.31496062992126 chets
1381.1023622047244 3800.0 215.748031496063 80.31496062992126 et
1489.763779527559 3800.0 359.0551181102362 80.31496062992126 soies.
1740.1574803149606 3800.0 359.0551181102362 80.31496062992126 Légère
1992.1259842519685 3800.0 359.0551181102362 80.31496062992126 tache.
2244.0944881889764 3800.0 179.5275590551181 80.31496062992126 —
2280.314960629921 3800.0 143.30708661417322 80.31496062992126 P.

1228.3464566929133 3925.984251968504 255.11811023622047 61.41732283464567 Belle
1398.4251968503936 3925.984251968504 283.46456692913387 61.41732283464567 lettre
1596.8503937007874 3925.984251968504 170.07874015748033 61.41732283464567 où
1681.8897637795276 3925.984251968504 170.07874015748033 61.41732283464567 il
1766.9291338582677 3925.984251968504 198.4251968503937 61.41732283464567 lui
1880.3149606299212 3925.984251968504 255.11811023622047 61.41732283464567 mande
2050.3937007874015 3925.984251968504 198.4251968503937 61.41732283464567 que
2163.779527559055 3925.984251968504 170.07874015748033 61.41732283464567 la
2248.818897637795 3925.984251968504 368.503937007874 61.41732283464567 signature
2532.283464566929 3925.984251968504 170.07874015748033 61.41732283464567 du
2617.3228346456694 3925.984251968504 283.46456692913387 61.41732283464567 traité
2787.4015748031497 3925.984251968504 113.38582677165354 61.41732283464567 de

1170.0787401574803 3988.9763779527557 223.6220472440945 62.99212598425197 Pise
1310.236220472441 3988.9763779527557 307.0866141732283 62.99212598425197 (conclu
1533.8582677165355 3988.9763779527557 223.6220472440945 62.99212598425197 avec
1672.4409448818897 3988.9763779527557 166.9291338582677 62.99212598425197 le
1755.9055118110236 3988.9763779527557 223.6220472440945 62.99212598425197 Pape
1896.0629921259842 3988.9763779527557 166.9291338582677 62.99212598425197 le
1979.5275590551182 3988.9763779527557 166.9291338582677 62.99212598425197 12
2062.9921259842517 3988.9763779527557 335.43307086614175 62.99212598425197 février)
2314.9606299212596 3988.9763779527557 166.9291338582677 62.99212598425197 ne
2398.4251968503936 3988.9763779527557 195.2755905511811 62.99212598425197 lui
2510.236220472441 3988.9763779527557 278.74015748031496 62.99212598425197 laisse
2705.511811023622 3988.9763779527557 223.6220472440945 62.99212598425197 rien
2817.3228346456694 3988.9763779527557 83.46456692913385 62.99212598425197 à

1168.5039370078741 4056.6929133858266 368.503937007874 62.99212598425197 répliquer
1451.9685039370079 4056.6929133858266 141.73228346456693 62.99212598425197 à
1508.6614173228347 4056.6929133858266 170.07874015748033 62.99212598425197 ce
1593.7007874015749 4056.6929133858266 255.11811023622047 62.99212598425197 qu’il
1765.3543307086613 4056.6929133858266 198.4251968503937 62.99212598425197 lui
1878.740157480315 4056.6929133858266 340.15748031496065 62.99212598425197 marquait
2133.8582677165355 4056.6929133858266 170.07874015748033 62.99212598425197 de
2218.8976377952754 4056.6929133858266 170.07874015748033 62.99212598425197 la
2303.9370078740158 4056.6929133858266 311.81102362204723 62.99212598425197 qualité
2532.283464566929 4056.6929133858266 170.07874015748033 62.99212598425197 du
2617.3228346456694 4056.6929133858266 283.46456692913387 62.99212598425197 chemin
2787.4015748031497 4056.6929133858266 113.38582677165354 62.99212598425197 de

1170.0787401574803 4122.834645669292 333.8582677165354 59.84251968503937 Bologne
1412.5984251968505 4122.834645669292 151.1811023622047 59.84251968503937 à
1442.5196850393702 4122.834645669292 333.8582677165354 59.84251968503937 Florence.

1245.6692913385828 4236.220472440945 211.0236220472441 85.03937007874016 2°
1351.1811023622047 4236.220472440945 211.0236220472441 85.03937007874016 L.
1456.6929133858268 4236.220472440945 281.8897637795276 85.03937007874016 aut.
1631.4960629921259 4236.220472440945 176.3779527559055 85.03937007874016 à
1702.3622047244094 4236.220472440945 211.0236220472441 85.03937007874016 sa
1807.8740157480315 4236.220472440945 492.9133858267717 85.03937007874016 belle-sœur
2195.2755905511813 4236.220472440945 492.9133858267717 85.03937007874016 (Henriette
2548.031496062992 4236.220472440945 351.18110236220474 85.03937007874016 d’Angle-

1166.9291338582677 4321.259842519685 346.45669291338584 81.88976377952756 terre,
1409.4488188976377 4321.259842519685 415.748031496063 81.88976377952756 duchesse
1719.6850393700788 4321.259842519685 483.46456692913387 81.88976377952756 d’Orléans,
2100.787401574803 4321.259842519685 311.81102362204723 81.88976377952756 fille
2308.6614173228345 4321.259842519685 207.8740157480315 81.88976377952756 du
2412.5984251968503 4321.259842519685 242.51968503937007 81.88976377952756 roi
2549.6062992125985 4321.259842519685 381.1023622047244 81.88976377952756 Charles
2792.1259842519685 4321.259842519685 103.93700787401575 81.88976377952756 I

1160.6299212598426 4406.299212598426 236.2204724409449 83.46456692913385 et
1278.740157480315 4406.299212598426 236.2204724409449 83.46456692913385 de
1396.8503937007874 4406.299212598426 749.6062992125984 83.46456692913385 Henriette-Marie
2028.3464566929133 4406.299212598426 236.2204724409449 83.46456692913385 de
2148.031496062992 4406.299212598426 434.6456692913386 83.46456692913385 France,
2462.9921259842517 4406.299212598426 434.6456692913386 83.46456692913385 mariée,
2740.1574803149606 4406.299212598426 157.48031496062993 83.46456692913385 en

1170.0787401574803 4489.763779527559 352.755905511811 86.61417322834646 1661,
1406.2992125984251 4489.763779527559 196.8503937007874 86.61417322834646 à
1485.0393700787401 4489.763779527559 470.86614173228344 86.61417322834646 Philippe
1837.7952755905512 4489.763779527559 549.6062992125984 86.61417322834646 d’Orléans,
2269.2913385826773 4489.763779527559 352.755905511811 86.61417322834646 frère
2505.511811023622 4489.763779527559 392.12598425196853 86.61417322834646 unique
2740.1574803149606 4489.763779527559 157.48031496062993 86.61417322834646 de

1166.9291338582677 4571.653543307087 338.5826771653543 89.76377952755905 Louis
1393.7007874015749 4571.653543307087 338.5826771653543 89.76377952755905 XIV);
1618.8976377952756 4571.653543307087 376.37795275590554 89.76377952755905 Dijon,
1883.4645669291338 4571.653543307087 188.9763779527559 89.76377952755905 5
1959.0551181102362 4571.653543307087 414.1732283464567 89.76377952755905 février
2259.8425196850394 4571.653543307087 338.5826771653543 89.76377952755905 1668,
2486.6141732283463 4571.653543307087 188.9763779527559 89.76377952755905 1
2562.2047244094488 4571.653543307087 226.77165354330708 89.76377952755905 p.
2636.220472440945 4571.653543307087 264.56692913385825 89.76377952755905 in

1162.2047244094488 4659.842519685039 340.15748031496065 89.76377952755905 cachets
1411.023622047244 4659.842519685039 340.15748031496065 89.76377952755905 brisés.
1658.267716535433 4659.842519685039 340.15748031496065 89.76377952755905 Légères
1905.5118110236222 4659.842519685039 340.15748031496065 89.76377952755905 taches.
2152.755905511811 4659.842519685039 403.1496062992126 89.76377952755905 (Coll.
2431.496062992126 4659.842519685039 464.56692913385825 89.76377952755905 Chambry.)

1225.1968503937007 4763.779527559055 376.37795275590554 91.33858267716535 Précieuse
1513.3858267716535 4763.779527559055 289.76377952755905 91.33858267716535 pièce.
1716.5354330708662 4763.779527559055 289.76377952755905 91.33858267716535 Épître
1918.1102362204724 4763.779527559055 231.49606299212599 91.33858267716535 d’un
2062.9921259842517 4763.779527559055 231.49606299212599 91.33858267716535 tour
2207.8740157480315 4763.779527559055 289.76377952755905 91.33858267716535 galant
2409.448818897638 4763.779527559055 144.88188976377953 91.33858267716535 à
2467.716535433071 4763.779527559055 173.22834645669292 91.33858267716535 sa
2524.4094488188975 4763.779527559055 376.37795275590554 91.33858267716535 belle

1170.0787401574803 4853.543307086614 218.89763779527559 59.84251968503937 dont
1307.0866141732283 4853.543307086614 163.7795275590551 59.84251968503937 il
1388.976377952756 4853.543307086614 245.66929133858267 59.84251968503937 était
1552.755905511811 4853.543307086614 274.01574803149606 59.84251968503937 épris.
1744.8818897637796 4853.543307086614 163.7795275590551 59.84251968503937 En
1826.7716535433071 4853.543307086614 245.66929133858267 59.84251968503937 voici
1990.5511811023623 4853.543307086614 163.7795275590551 59.84251968503937 le
2045.6692913385828 4853.543307086614 218.89763779527559 59.84251968503937 texte:

1226.7716535433071 4921.259842519685 200.0 72.44094488188976 «Si
1341.732283464567 4921.259842519685 171.6535433070866 72.44094488188976 je
1426.7716535433071 4921.259842519685 171.6535433070866 72.44094488188976 ne
1513.3858267716535 4921.259842519685 229.92125984251967 72.44094488188976 vous
1656.6929133858268 4921.259842519685 286.61417322834643 72.44094488188976 aimois
1856.6929133858268 4921.259842519685 258.26771653543307 72.44094488188976 fort,
2028.3464566929133 4921.259842519685 171.6535433070866 72.44094488188976 je
2114.9606299212596 4921.259842519685 171.6535433070866 72.44094488188976 ne
2201.5748031496064 4921.259842519685 229.92125984251967 72.44094488188976 vous
2344.8818897637793 4921.259842519685 373.2283464566929 72.44094488188976 escrirois
2631.496062992126 4921.259842519685 229.92125984251967 72.44094488188976 pas,
2774.803149606299 4921.259842519685 200.0 72.44094488188976 car
2888.1889763779527 4921.259842519685 171.6535433070866 72.44094488188976 je
2974.803149606299 4921.259842519685 229.92125984251967 72.44094488188976 n'ai
3118.1102362204724 4921.259842519685 229.92125984251967 72.44094488188976 rien
3261.417322834646 4921.259842519685 143.30708661417322 72.44094488188976 à
3318.1102362204724 4921.259842519685 229.92125984251967 72.44094488188976 vous
3461.417322834646 4921.259842519685 229.92125984251967 72.44094488188976 dire
3604.7244094488187 4921.259842519685 258.26771653543307 72.44094488188976 après
3776.3779527559054 4921.259842519685 200.0 72.44094488188976 les
3891.3385826771655 4921.259842519685 373.2283464566929 72.44094488188976 nouvelles
4177.952755905511 4921.259842519685 200.0 72.44094488188976 que
4292.913385826771 4921.259842519685 229.92125984251967 72.44094488188976 j’ai
4436.220472440945 4921.259842519685 314.96062992125985 72.44094488188976 mandées
4636.220472440945 4921.259842519685 86.61417322834646 72.44094488188976 à

1166.9291338582677 4987.40157480315 200.0 70.86614173228347 mon
1280.3149606299212 4987.40157480315 256.6929133858268 70.86614173228347 frère
1451.9685039370079 4987.40157480315 398.4251968503937 70.86614173228347 (Philippe,
1765.3543307086613 4987.40157480315 200.0 70.86614173228347 duc
1878.740157480315 4987.40157480315 426.7716535433071 70.86614173228347 d'Orléans),
2220.472440944882 4987.40157480315 228.3464566929134 70.86614173228347 mais
2362.2047244094488 4987.40157480315 170.07874015748033 70.86614173228347 je
2448.818897637795 4987.40157480315 228.3464566929134 70.86614173228347 suis
2590.551181102362 4987.40157480315 228.3464566929134 70.86614173228347 bien
2732.283464566929 4987.40157480315 228.3464566929134 70.86614173228347 aise
2875.5905511811025 4987.40157480315 170.07874015748033 70.86614173228347 de
2960.6299212598424 4987.40157480315 228.3464566929134 70.86614173228347 vous
3102.3622047244094 4987.40157480315 370.0787401574803 70.86614173228347 confirmer
3387.4015748031497 4987.40157480315 170.07874015748033 70.86614173228347 ce
3472.4409448818897 4987.40157480315 200.0 70.86614173228347 que
3587.4015748031497 4987.40157480315 170.07874015748033 70.86614173228347 je
3672.4409448818897 4987.40157480315 228.3464566929134 70.86614173228347 vous
3814.1732283464567 4987.40157480315 170.07874015748033 70.86614173228347 ai
3900.787401574803 4987.40157480315 228.3464566929134 70.86614173228347 dit,
4042.51968503937 4987.40157480315 200.0 70.86614173228347 qui
4155.905511811024 4987.40157480315 200.0 70.86614173228347 est
4270.866141732284 4987.40157480315 200.0 70.86614173228347 que
4384.251968503937 4987.40157480315 228.3464566929134 70.86614173228347 j’ai
4497.63779527559 4987.40157480315 228.3464566929134 70.86614173228347 autant

1163.7795275590552 5053.543307086614 344.88188976377955 72.44094488188976 d’amitié
1422.0472440944882 5053.543307086614 229.92125984251967 72.44094488188976 pour
1565.3543307086613 5053.543307086614 229.92125984251967 72.44094488188976 vous
1708.6614173228347 5053.543307086614 201.5748031496063 72.44094488188976 que
1823.6220472440946 5053.543307086614 229.92125984251967 72.44094488188976 vous
1968.5039370078741 5053.543307086614 171.6535433070866 72.44094488188976 le
2053.5433070866143 5053.543307086614 286.61417322834643 72.44094488188976 pouvés
2255.1181102362207 5053.543307086614 431.496062992126 72.44094488188976 souhaitter.
2600.0 5053.543307086614 258.26771653543307 72.44094488188976 Soiés
2771.6535433070867 5053.543307086614 373.2283464566929 72.44094488188976 persuadée
3059.8425196850394 5053.543307086614 171.6535433070866 72.44094488188976 de
3146.4566929133857 5053.543307086614 171.6535433070866 72.44094488188976 ce
3231.496062992126 5053.543307086614 201.5748031496063 72.44094488188976 que
3346.4566929133857 5053.543307086614 171.6535433070866 72.44094488188976 je
3433.0708661417325 5053.543307086614 229.92125984251967 72.44094488188976 vous
3576.3779527559054 5053.543307086614 344.88188976377955 72.44094488188976 confirme
3834.6456692913384 5053.543307086614 201.5748031496063 72.44094488188976 par
3949.6062992125985 5053.543307086614 258.26771653543307 72.44094488188976 cette
4122.834645669292 5053.543307086614 286.61417322834643 72.44094488188976 lettre
4324.4094488188975 5053.543307086614 171.6535433070866 72.44094488188976 et
4409.4488188976375 5053.543307086614 286.61417322834643 72.44094488188976 faitte
4582.677165354331 5053.543307086614 143.30708661417322 72.44094488188976 mes

1163.7795275590552 5122.834645669292 464.56692913385825 67.71653543307086 complimens,
1535.4330708661416 5122.834645669292 247.24409448818898 67.71653543307086 s’il
1691.3385826771653 5122.834645669292 247.24409448818898 67.71653543307086 vous
1845.6692913385828 5122.834645669292 340.15748031496065 67.71653543307086 plaist,
2092.9133858267714 5122.834645669292 154.33070866141733 67.71653543307086 à
2154.3307086614172 5122.834645669292 371.65354330708664 67.71653543307086 Mesdames
2433.0708661417325 5122.834645669292 185.82677165354332 67.71653543307086 de
2525.984251968504 5122.834645669292 310.23622047244095 67.71653543307086 Monaco
2743.3070866141734 5122.834645669292 185.82677165354332 67.71653543307086 et
2836.220472440945 5122.834645669292 185.82677165354332 67.71653543307086 de
2929.1338582677167 5122.834645669292 403.1496062992126 67.71653543307086 Tianges.»
3237.7952755905512 5122.834645669292 154.33070866141733 67.71653543307086 —
3300.787401574803 5122.834645669292 217.3228346456693 67.71653543307086 (Il
3423.6220472440946 5122.834645669292 310.23622047244095 67.71653543307086 s’agit
3640.9448818897636 5122.834645669292 185.82677165354332 67.71653543307086 de
3733.8582677165355 5122.834645669292 711.8110236220473 67.71653543307086 Catherine-Charlotte
4352.755905511811 5122.834645669292 185.82677165354332 67.71653543307086 de
4414.173228346457 5122.834645669292 310.23622047244095 67.71653543307086 Gramont,

1163.7795275590552 5185.826771653543 283.46456692913387 72.44094488188976 femme
1352.755905511811 5185.826771653543 188.9763779527559 72.44094488188976 de
1447.244094488189 5185.826771653543 283.46456692913387 72.44094488188976 Louis
1636.2204724409448 5185.826771653543 409.4488188976378 72.44094488188976 Grimaldi,
1951.1811023622047 5185.826771653543 314.96062992125985 72.44094488188976 prince
2173.228346456693 5185.826771653543 188.9763779527559 72.44094488188976 de
2267.716535433071 5185.826771653543 346.45669291338584 72.44094488188976 Monaco,
2519.685039370079 5185.826771653543 188.9763779527559 72.44094488188976 et
2614.1732283464567 5185.826771653543 188.9763779527559 72.44094488188976 de
2708.6614173228345 5185.826771653543 409.4488188976378 72.44094488188976 Gabrielle
3023.6220472440946 5185.826771653543 188.9763779527559 72.44094488188976 de
3118.1102362204724 5185.826771653543 850.3937007874016 72.44094488188976 Rochechouart-Mortemart,
3875.5905511811025 5185.826771653543 377.9527559055118 72.44094488188976 marquise
4159.055118110236 5185.826771653543 188.9763779527559 72.44094488188976 de
4253.543307086614 5185.826771653543 409.4488188976378 72.44094488188976 Thianges,
4537.007874015748 5185.826771653543 188.9763779527559 72.44094488188976 sœur

1166.9291338582677 5250.393700787402 182.6771653543307 66.14173228346456 de
1258.267716535433 5250.393700787402 182.6771653543307 66.14173228346456 la
1348.0314960629921 5250.393700787402 363.7795275590551 66.14173228346456 marquise
1622.0472440944882 5250.393700787402 182.6771653543307 66.14173228346456 de
1681.8897637795276 5250.393700787402 395.2755905511811 66.14173228346456 Montespan.)

1157.4803149606298 5448.818897637795 348.0314960629921 107.08661417322834 ★21★
1374.8031496062993 5448.818897637795 390.5511811023622 107.08661417322834 LOUIS
1636.2204724409448 5448.818897637795 303.93700787401576 107.08661417322834 XV,
1809.4488188976377 5448.818897637795 261.4173228346457 107.08661417322834 n.
1940.1574803149606 5448.818897637795 217.3228346456693 107.08661417322834 à
2026.7716535433071 5448.818897637795 651.9685039370079 107.08661417322834 Versailles,
2548.031496062992 5448.818897637795 261.4173228346457 107.08661417322834 15
2678.740157480315 5448.818897637795 478.74015748031496 107.08661417322834 février
3026.771653543307 5448.818897637795 390.5511811023622 107.08661417322834 1710,
3286.6141732283463 5448.818897637795 478.74015748031496 107.08661417322834 arrière
3634.6456692913384 5448.818897637795 607.8740157480315 107.08661417322834 petit-fils
4113.385826771653 5448.818897637795 261.4173228346457 107.08661417322834 et
4200.0 5448.818897637795 521.2598425196851 107.08661417322834 successeur

1155.9055118110236 5540.157480314961 261.4173228346457 116.53543307086615 du
1286.6141732283465 5540.157480314961 611.0236220472441 116.53543307086615 précédent,
1766.9291338582677 5540.157480314961 305.51181102362204 116.53543307086615 roi
1941.732283464567 5540.157480314961 261.4173228346457 116.53543307086615 le
2072.4409448818897 5540.157480314961 218.89763779527559 116.53543307086615 1
2159.0551181102364 5540.157480314961 566.9291338582677 116.53543307086615 septembre
2595.2755905511813 5540.157480314961 392.12598425196853 116.53543307086615 1715,
2858.267716535433 5540.157480314961 261.4173228346457 116.53543307086615 m.
2988.9763779527557 5540.157480314961 349.6062992125984 116.53543307086615 dans
3206.299212598425 5540.157480314961 261.4173228346457 116.53543307086615 la
3337.0078740157483 5540.157480314961 349.6062992125984 116.53543307086615 même
3555.9055118110236 5540.157480314961 436.2204724409449 116.53543307086615 ville,
3861.417322834646 5540.157480314961 261.4173228346457 116.53543307086615 10
3992.1259842519685 5540.157480314961 305.51181102362204 116.53543307086615 mai
4122.834645669292 5540.157480314961 305.51181102362204 116.53543307086615 1774.

1247.244094488189 5683.464566929134 217.3228346456693 96.06299212598425 L.
1355.9055118110236 5683.464566929134 217.3228346456693 96.06299212598425 A.
1464.5669291338584 5683.464566929134 217.3228346456693 96.06299212598425 S.
1573.2283464566929 5683.464566929134 181.10236220472441 96.06299212598425 à
1645.6692913385828 5683.464566929134 253.54330708661416 96.06299212598425 son
1790.5511811023623 5683.464566929134 362.20472440944883 96.06299212598425 cousin
2042.5196850393702 5683.464566929134 217.3228346456693 96.06299212598425 le
2151.181102362205 5683.464566929134 325.98425196850394 96.06299212598425 comte
2368.503937007874 5683.464566929134 217.3228346456693 96.06299212598425 de
2477.165354330709 5683.464566929134 434.6456692913386 96.06299212598425 Clermont
2803.149606299213 5683.464566929134 325.98425196850394 96.06299212598425 (abbé
3018.8976377952754 5683.464566929134 217.3228346456693 96.06299212598425 de
3127.5590551181103 5683.464566929134 976.3779527559055 96.06299212598425 Saint-Germain-des-Prés,
3960.6299212598424 5683.464566929134 759.0551181102362 96.06299212598425 lieutenant

1166.9291338582677 5768.503937007874 362.20472440944883 99.21259842519684 membre
1420.4724409448818 5768.503937007874 217.3228346456693 99.21259842519684 de
1529.1338582677165 5768.503937007874 507.0866141732283 99.21259842519684 l'Académie
1927.5590551181103 5768.503937007874 507.0866141732283 99.21259842519684 française,
2325.984251968504 5768.503937007874 217.3228346456693 99.21259842519684 n.
2434.6456692913384 5768.503937007874 325.98425196850394 99.21259842519684 1709,
2651.968503937008 5768.503937007874 217.3228346456693 99.21259842519684 m.
2760.6299212598424 5768.503937007874 362.20472440944883 99.21259842519684 1771);
3012.5984251968503 5768.503937007874 543.3070866141733 99.21259842519684 Versailles,
3447.244094488189 5768.503937007874 181.10236220472441 99.21259842519684 7
3519.685039370079 5768.503937007874 325.98425196850394 99.21259842519684 avril
3737.0078740157483 5768.503937007874 325.98425196850394 99.21259842519684 1758,
3954.3307086614172 5768.503937007874 253.54330708661416 99.21259842519684 1/2
4099.212598425197 5768.503937007874 217.3228346456693 99.21259842519684 p.
4207.8740157480315 5768.503937007874 325.98425196850394 99.21259842519684 in-4,
4388.976377952756 5768.503937007874 325.98425196850394 99.21259842519684 cachet.

1165.3543307086613 5853.543307086614 190.5511811023622 59.84251968503937 —
1240.9448818897638 5853.543307086614 229.92125984251967 59.84251968503937 P.
1355.9055118110236 5853.543307086614 229.92125984251967 59.84251968503937 de
1433.0708661417323 5853.543307086614 343.3070866141732 59.84251968503937 Daullé.
