5741.7322834645665 7319.685039370079
1148.0314960629921 937.007874015748 842.5196850393701 91.33858267716535 12.
1628.3464566929133 937.007874015748 1083.4645669291338 91.33858267716535 CHEFS
2351.181102362205 937.007874015748 721.2598425196851 91.33858267716535 DE
2711.8110236220473 937.007874015748 1925.984251968504 91.33858267716535 GOUVERNEMENT
4155.905511811024 937.007874015748 601.5748031496063 91.33858267716535 S.1

1277.1653543307086 1393.7007874015749 362.20472440944883 64.56692913385827 Curieuse
1549.6062992125985 1393.7007874015749 302.3622047244094 64.56692913385827 épître
1760.6299212598426 1393.7007874015749 181.10236220472441 64.56692913385827 au
1851.9685039370079 1393.7007874015749 272.4409448818898 64.56692913385827 comte
2033.0708661417323 1393.7007874015749 181.10236220472441 64.56692913385827 de
2122.834645669291 1393.7007874015749 362.20472440944883 64.56692913385827 Clermont
2395.2755905511813 1393.7007874015749 242.51968503937007 64.56692913385827 (qui
2546.4566929133857 1393.7007874015749 272.4409448818898 64.56692913385827 avait
2727.5590551181103 1393.7007874015749 362.20472440944883 64.56692913385827 succède,
3000.0 1393.7007874015749 181.10236220472441 64.56692913385827 en
3091.3385826771655 1393.7007874015749 332.2834645669291 64.56692913385827 février
3333.8582677165355 1393.7007874015749 272.4409448818898 64.56692913385827 1758,
3514.9606299212596 1393.7007874015749 181.10236220472441 64.56692913385827 au
3604.7244094488187 1393.7007874015749 362.20472440944883 64.56692913385827 maréchal
3877.165354330709 1393.7007874015749 181.10236220472441 64.56692913385827 de
3968.503937007874 1393.7007874015749 393.7007874015748 64.56692913385827 Richelieu
4270.866141732284 1393.7007874015749 242.51968503937007 64.56692913385827 dans
4422.047244094489 1393.7007874015749 181.10236220472441 64.56692913385827 le
4481.889763779527 1393.7007874015749 272.4409448818898 64.56692913385827 comman-

1217.3228346456692 1458.267716535433 294.48818897637796 61.41732283464567 dement
1423.6220472440946 1458.267716535433 176.3779527559055 61.41732283464567 de
1513.3858267716535 1458.267716535433 324.40944881889766 61.41732283464567 l’armée
1748.0314960629921 1458.267716535433 176.3779527559055 61.41732283464567 de
1836.2204724409448 1458.267716535433 324.40944881889766 61.41732283464567 Hanovre
2072.4409448818897 1458.267716535433 176.3779527559055 61.41732283464567 et
2160.6299212598424 1458.267716535433 266.1417322834646 61.41732283464567 avait
2338.582677165354 1458.267716535433 176.3779527559055 61.41732283464567 dû
2426.771653543307 1458.267716535433 324.40944881889766 61.41732283464567 reculer
2662.9921259842517 1458.267716535433 294.48818897637796 61.41732283464567 devant
2869.2913385826773 1458.267716535433 176.3779527559055 61.41732283464567 le
2957.48031496063 1458.267716535433 294.48818897637796 61.41732283464567 prince
3163.779527559055 1458.267716535433 382.6771653543307 61.41732283464567 Ferdinand
3458.267716535433 1458.267716535433 176.3779527559055 61.41732283464567 de
3546.4566929133857 1458.267716535433 442.5196850393701 61.41732283464567 Brunswick):
3900.787401574803 1458.267716535433 354.3307086614173 61.41732283464567 «N’aiant
4166.929133858268 1458.267716535433 236.2204724409449 61.41732283464567 qu’à
4313.385826771653 1458.267716535433 236.2204724409449 61.41732283464567 vous
4431.496062992126 1458.267716535433 324.40944881889766 61.41732283464567 plaindre,

1218.8976377952756 1524.4094488188975 201.5748031496063 69.29133858267717 mon
1333.8582677165355 1524.4094488188975 316.53543307086613 69.29133858267717 cousin,
1563.7795275590552 1524.4094488188975 316.53543307086613 69.29133858267717 jusqu’à
1793.7007874015749 1524.4094488188975 344.88188976377955 69.29133858267717 présent,
2051.968503937008 1524.4094488188975 171.6535433070866 69.29133858267717 je
2138.582677165354 1524.4094488188975 229.92125984251967 69.29133858267717 n’ay
2281.8897637795276 1524.4094488188975 201.5748031496063 69.29133858267717 pas
2396.850393700787 1524.4094488188975 171.6535433070866 69.29133858267717 pu
2483.464566929134 1524.4094488188975 171.6535433070866 69.29133858267717 me
2568.503937007874 1524.4094488188975 344.88188976377955 69.29133858267717 résoudre
2828.3464566929133 1524.4094488188975 143.30708661417322 69.29133858267717 à
2885.0393700787404 1524.4094488188975 316.53543307086613 69.29133858267717 prendre
3114.9606299212596 1524.4094488188975 171.6535433070866 69.29133858267717 la
3201.5748031496064 1524.4094488188975 258.26771653543307 69.29133858267717 plume
3373.228346456693 1524.4094488188975 229.92125984251967 69.29133858267717 pour
3516.535433070866 1524.4094488188975 229.92125984251967 69.29133858267717 vous
3661.417322834646 1524.4094488188975 316.53543307086613 69.29133858267717 écrire,
3891.3385826771655 1524.4094488188975 229.92125984251967 69.29133858267717 mais
4034.6456692913384 1524.4094488188975 431.496062992126 69.29133858267717 aujourd’huy
4379.527559055118 1524.4094488188975 171.6535433070866 69.29133858267717 je
4466.141732283465 1524.4094488188975 229.92125984251967 69.29133858267717 m’en
4581.102362204724 1524.4094488188975 171.6535433070866 69.29133858267717 sert

1218.8976377952756 1595.275590551181 225.1968503937008 66.14173228346456 pour
1360.6299212598426 1595.275590551181 225.1968503937008 66.14173228346456 vous
1500.7874015748032 1595.275590551181 366.92913385826773 66.14173228346456 féliciter
1784.251968503937 1595.275590551181 170.07874015748033 66.14173228346456 en
1869.291338582677 1595.275590551181 170.07874015748033 66.14173228346456 me
1952.755905511811 1595.275590551181 395.2755905511811 66.14173228346456 félicitant
2264.566929133858 1595.275590551181 338.5826771653543 66.14173228346456 moy-même
2518.1102362204724 1595.275590551181 198.4251968503937 66.14173228346456 sur
2631.496062992126 1595.275590551181 253.54330708661416 66.14173228346456 votre
2773.228346456693 1595.275590551181 253.54330708661416 66.14173228346456 prompte

1214.1732283464567 1659.8425196850394 385.8267716535433 67.71653543307086 guérison,
1511.8110236220473 1659.8425196850394 565.3543307086615 67.71653543307086 qu’heureusement
1987.4015748031495 1659.8425196850394 237.79527559055117 67.71653543307086 j’ay
2137.0078740157483 1659.8425196850394 237.79527559055117 67.71653543307086 sçue
2285.0393700787404 1659.8425196850394 267.7165354330709 67.71653543307086 aussy
2462.9921259842517 1659.8425196850394 237.79527559055117 67.71653543307086 tost
2612.5984251968503 1659.8425196850394 207.8740157480315 67.71653543307086 que
2730.7086614173227 1659.8425196850394 267.7165354330709 67.71653543307086 votre
2880.314960629921 1659.8425196850394 148.03149606299212 67.71653543307086 ma-

1212.5984251968505 1727.5590551181103 288.18897637795277 66.14173228346456 ladie.
1414.1732283464567 1727.5590551181103 344.88188976377955 66.14173228346456 J’espère
1672.4409448818897 1727.5590551181103 201.5748031496063 66.14173228346456 que
1788.976377952756 1727.5590551181103 229.92125984251967 66.14173228346456 vous
1932.283464566929 1727.5590551181103 229.92125984251967 66.14173228346456 vous
2075.5905511811025 1727.5590551181103 374.8031496062992 66.14173228346456 ménagerés
2363.779527559055 1727.5590551181103 173.22834645669292 66.14173228346456 et
2450.3937007874015 1727.5590551181103 201.5748031496063 66.14173228346456 que
2565.3543307086616 1727.5590551181103 229.92125984251967 66.14173228346456 vous
2710.236220472441 1727.5590551181103 259.84251968503935 66.14173228346456 serés
2853.5433070866143 1727.5590551181103 173.22834645669292 66.14173228346456 plus

1211.023622047244 1792.1259842519685 187.4015748031496 67.71653543307086 en
1305.5118110236222 1792.1259842519685 250.39370078740157 67.71653543307086 état
1461.4173228346456 1792.1259842519685 187.4015748031496 67.71653543307086 de
1555.9055118110236 1792.1259842519685 187.4015748031496 67.71653543307086 me
1648.8188976377953 1792.1259842519685 250.39370078740157 67.71653543307086 bien
1804.724409448819 1792.1259842519685 313.38582677165357 67.71653543307086 servir
2023.6220472440946 1792.1259842519685 187.4015748031496 67.71653543307086 la
2118.1102362204724 1792.1259842519685 374.8031496062992 67.71653543307086 campagne
2400.0 1792.1259842519685 218.89763779527559 67.71653543307086 qui
2524.4094488188975 1792.1259842519685 469.29133858267716 67.71653543307086 s’ensuivra.
2869.2913385826773 1792.1259842519685 155.90551181102362 67.71653543307086 Par

1209.4488188976377 1859.8425196850394 409.4488188976378 62.99212598425197 l’ancienne
1532.283464566929 1859.8425196850394 469.29133858267716 62.99212598425197 connoissance
1913.3858267716535 1859.8425196850394 176.3779527559055 62.99212598425197 et
2001.5748031496064 1859.8425196850394 292.9133858267717 62.99212598425197 amitié
2206.299212598425 1859.8425196850394 234.64566929133858 62.99212598425197 vous
2352.755905511811 1859.8425196850394 176.3779527559055 62.99212598425197 me
2440.9448818897636 1859.8425196850394 409.4488188976378 62.99212598425197 permettrés
2763.779527559055 1859.8425196850394 176.3779527559055 62.99212598425197 de
2822.047244094488 1859.8425196850394 204.7244094488189 62.99212598425197 finir

1211.023622047244 1925.984251968504 229.92125984251967 64.56692913385827 sans
1354.3307086614172 1925.984251968504 431.496062992126 64.56692913385827 compliments
1699.2125984251968 1925.984251968504 173.22834645669292 64.56692913385827 ny
1785.8267716535433 1925.984251968504 373.2283464566929 64.56692913385827 souhaits,
2072.4409448818897 1925.984251968504 173.22834645669292 64.56692913385827 et
2159.0551181102364 1925.984251968504 229.92125984251967 64.56692913385827 tout
2303.9370078740158 1925.984251968504 316.53543307086613 64.56692913385827 court.»
2533.8582677165355 1925.984251968504 143.30708661417322 64.56692913385827 —
2590.551181102362 1925.984251968504 288.18897637795277 64.56692913385827 (Cette
2763.779527559055 1925.984251968504 258.26771653543307 64.56692913385827 lettre,

1209.4488188976377 1993.7007874015749 234.64566929133858 64.56692913385827 dont
1355.9055118110236 1993.7007874015749 174.8031496062992 64.56692913385827 le
1444.0944881889764 1993.7007874015749 204.7244094488189 64.56692913385827 ton
1560.6299212598426 1993.7007874015749 234.64566929133858 64.56692913385827 peut
1707.0866141732283 1993.7007874015749 321.25984251968504 64.56692913385827 sembler
1941.732283464567 1993.7007874015749 379.5275590551181 64.56692913385827 ironique,
2234.6456692913384 1993.7007874015749 174.8031496062992 64.56692913385827 ne
2321.259842519685 1993.7007874015749 321.25984251968504 64.56692913385827 changea
2555.9055118110236 1993.7007874015749 204.7244094488189 64.56692913385827 pas
2672.4409448818897 1993.7007874015749 174.8031496062992 64.56692913385827 la
2730.7086614173227 1993.7007874015749 292.9133858267717 64.56692913385827 mauvaise

1203.1496062992126 2059.8425196850394 344.88188976377955 64.56692913385827 fortune
1453.5433070866143 2059.8425196850394 187.4015748031496 64.56692913385827 du
1548.0314960629921 2059.8425196850394 281.8897637795276 64.56692913385827 comte
1735.4330708661416 2059.8425196850394 187.4015748031496 64.56692913385827 de
1829.9212598425197 2059.8425196850394 406.2992125984252 64.56692913385827 Clermont,
2141.732283464567 2059.8425196850394 218.89763779527559 64.56692913385827 qui
2267.716535433071 2059.8425196850394 344.88188976377955 64.56692913385827 éprouva
2518.1102362204724 2059.8425196850394 187.4015748031496 64.56692913385827 de
2612.5984251968503 2059.8425196850394 376.37795275590554 64.56692913385827 nouveaux
2862.9921259842517 2059.8425196850394 155.90551181102362 64.56692913385827 re-

1207.8740157480315 2127.5590551181103 255.11811023622047 64.56692913385827 vers,
1377.9527559055118 2127.5590551181103 198.4251968503937 64.56692913385827 fut
1491.3385826771653 2127.5590551181103 255.11811023622047 64.56692913385827 battu
1661.4173228346456 2127.5590551181103 141.73228346456693 64.56692913385827 à
1718.1102362204724 2127.5590551181103 311.81102362204723 64.56692913385827 Crevelt
1944.8818897637796 2127.5590551181103 198.4251968503937 64.56692913385827 par
2058.267716535433 2127.5590551181103 170.07874015748033 64.56692913385827 le
2141.732283464567 2127.5590551181103 283.46456692913387 64.56692913385827 prince
2340.1574803149606 2127.5590551181103 170.07874015748033 64.56692913385827 de
2425.196850393701 2127.5590551181103 368.503937007874 64.56692913385827 Brunswick
2708.6614173228345 2127.5590551181103 170.07874015748033 64.56692913385827 le
2793.700787401575 2127.5590551181103 170.07874015748033 64.56692913385827 23
2850.3937007874015 2127.5590551181103 170.07874015748033 64.56692913385827 juin

1207.8740157480315 2193.700787401575 325.98425196850394 64.56692913385827 suivant,
1451.9685039370079 2193.700787401575 163.7795275590551 64.56692913385827 et
1533.8582677165355 2193.700787401575 190.5511811023622 64.56692913385827 fut
1642.5196850393702 2193.700787401575 325.98425196850394 64.56692913385827 aussitôt
1888.1889763779527 2193.700787401575 245.66929133858267 64.56692913385827 après
2050.3937007874015 2193.700787401575 299.21259842519686 64.56692913385827 rappelé
2269.2913385826773 2193.700787401575 135.43307086614172 64.56692913385827 à
2322.834645669291 2193.700787401575 163.7795275590551 64.56692913385827 la
2377.952755905512 2193.700787401575 217.3228346456693 64.56692913385827 cour.)

1185.8267716535433 2359.0551181102364 390.5511811023622 103.93700787401575 ★22★
1429.9212598425197 2359.0551181102364 439.37007874015745 103.93700787401575 MARIE
1722.8346456692914 2359.0551181102364 683.4645669291339 103.93700787401575 LECZINSKA,
2258.267716535433 2359.0551181102364 292.9133858267717 103.93700787401575 n.
2404.7244094488187 2359.0551181102364 292.9133858267717 103.93700787401575 23
2551.181102362205 2359.0551181102364 390.5511811023622 103.93700787401575 juin
2795.2755905511813 2359.0551181102364 439.37007874015745 103.93700787401575 1703,
3088.1889763779527 2359.0551181102364 439.37007874015745 103.93700787401575 fille
3381.1023622047246 2359.0551181102364 292.9133858267717 103.93700787401575 du
3527.5590551181103 2359.0551181102364 341.73228346456693 103.93700787401575 roi
3722.834645669291 2359.0551181102364 292.9133858267717 103.93700787401575 de
3869.2913385826773 2359.0551181102364 537.007874015748 103.93700787401575 Pologne
4209.4488188976375 2359.0551181102364 537.007874015748 103.93700787401575 Stanislas

1188.976377952756 2464.566929133858 607.8740157480315 102.36220472440945 Leczinski,
1666.1417322834645 2464.566929133858 390.5511811023622 102.36220472440945 femme
1927.5590551181103 2464.566929133858 259.84251968503935 102.36220472440945 de
2056.6929133858266 2464.566929133858 390.5511811023622 102.36220472440945 Louis
2318.1102362204724 2464.566929133858 259.84251968503935 102.36220472440945 XV
2447.244094488189 2464.566929133858 259.84251968503935 102.36220472440945 (5
2577.952755905512 2464.566929133858 563.7795275590552 102.36220472440945 septembre
3011.0236220472443 2464.566929133858 433.07086614173227 102.36220472440945 1725),
3314.9606299212596 2464.566929133858 259.84251968503935 102.36220472440945 m.
3445.6692913385828 2464.566929133858 217.3228346456693 102.36220472440945 à
3532.283464566929 2464.566929133858 650.3937007874016 102.36220472440945 Versailles,
4051.968503937008 2464.566929133858 259.84251968503935 102.36220472440945 24
4182.677165354331 2464.566929133858 346.45669291338584 102.36220472440945 juin
4355.905511811024 2464.566929133858 303.93700787401576 102.36220472440945 1768.

1270.8661417322835 2609.448818897638 226.77165354330708 83.46456692913385 L.
1384.251968503937 2609.448818897638 226.77165354330708 83.46456692913385 A.
1497.6377952755906 2609.448818897638 226.77165354330708 83.46456692913385 S.
1611.023622047244 2609.448818897638 226.77165354330708 83.46456692913385 au
1724.4094488188975 2609.448818897638 453.54330708661416 83.46456692913385 maréchal
2062.9921259842517 2609.448818897638 226.77165354330708 83.46456692913385 du
2176.3779527559054 2609.448818897638 340.15748031496065 83.46456692913385 Bourg
2403.149606299213 2609.448818897638 678.7401574803149 83.46456692913385 (Léonore-Marie
2970.0787401574803 2609.448818897638 226.77165354330708 83.46456692913385 du
3081.8897637795276 2609.448818897638 377.9527559055118 83.46456692913385 Maine,
3346.4566929133857 2609.448818897638 226.77165354330708 83.46456692913385 n.
3459.8425196850394 2609.448818897638 340.15748031496065 83.46456692913385 1655,
3686.6141732283463 2609.448818897638 453.54330708661416 83.46456692913385 maréchal
4026.771653543307 2609.448818897638 226.77165354330708 83.46456692913385 en
4140.157480314961 2609.448818897638 340.15748031496065 83.46456692913385 1724,
4365.354330708661 2609.448818897638 226.77165354330708 83.46456692913385 m.
4440.944881889764 2609.448818897638 302.3622047244094 83.46456692913385 1739);

1195.275590551181 2697.6377952755906 548.0314960629921 81.88976377952756 (Versailles),
1645.6692913385828 2697.6377952755906 160.62992125984252 81.88976377952756 2
1710.236220472441 2697.6377952755906 387.40157480314963 81.88976377952756 décembre
2000.0 2697.6377952755906 354.3307086614173 81.88976377952756 (1729),
2258.267716535433 2697.6377952755906 160.62992125984252 81.88976377952756 1
2322.834645669291 2697.6377952755906 193.70078740157481 81.88976377952756 p.
2418.8976377952754 2697.6377952755906 225.1968503937008 81.88976377952756 pl.
2548.031496062992 2697.6377952755906 289.76377952755905 81.88976377952756 in-4,
2741.732283464567 2697.6377952755906 354.3307086614173 81.88976377952756 cachets
3000.0 2697.6377952755906 193.70078740157481 81.88976377952756 et
3096.0629921259842 2697.6377952755906 322.8346456692913 81.88976377952756 soies.
3321.259842519685 2697.6377952755906 418.8976377952756 81.88976377952756 (Coll.
3644.0944881889764 2697.6377952755906 644.0944881889764 81.88976377952756 Dubrunfaut.)
4192.1259842519685 2697.6377952755906 160.62992125984252 81.88976377952756 —
4223.622047244095 2697.6377952755906 129.13385826771653 81.88976377952756 P.

1253.5433070866143 2817.3228346456694 314.96062992125985 62.99212598425197 Superbe
1481.8897637795276 2817.3228346456694 286.61417322834643 62.99212598425197 lettre
1681.8897637795276 2817.3228346456694 171.6535433070866 62.99212598425197 où
1768.5039370078741 2817.3228346456694 228.3464566929134 62.99212598425197 elle
1910.236220472441 2817.3228346456694 171.6535433070866 62.99212598425197 le
1996.8503937007874 2817.3228346456694 343.3070866141732 62.99212598425197 remercie
2253.5433070866143 2817.3228346456694 171.6535433070866 62.99212598425197 de
2340.1574803149606 2817.3228346456694 200.0 62.99212598425197 ses
2453.5433070866143 2817.3228346456694 428.34645669291336 62.99212598425197 compliments
2796.850393700787 2817.3228346456694 143.30708661417322 62.99212598425197 à
2855.1181102362207 2817.3228346456694 400.0 62.99212598425197 l’occasion
3168.503937007874 2817.3228346456694 171.6535433070866 62.99212598425197 de
3255.1181102362207 2817.3228346456694 171.6535433070866 62.99212598425197 la
3340.1574803149606 2817.3228346456694 371.65354330708664 62.99212598425197 naissance
3626.771653543307 2817.3228346456694 171.6535433070866 62.99212598425197 de
3711.8110236220473 2817.3228346456694 200.0 62.99212598425197 son
3826.771653543307 2817.3228346456694 228.3464566929134 62.99212598425197 fils
3970.0787401574803 2817.3228346456694 314.96062992125985 62.99212598425197 (Louis,
4198.425196850394 2817.3228346456694 171.6535433070866 62.99212598425197 né
4283.464566929134 2817.3228346456694 143.30708661417322 62.99212598425197 à
4341.7322834645665 2817.3228346456694 400.0 62.99212598425197 Versailles
4626.771653543307 2817.3228346456694 114.96062992125984 62.99212598425197 le

1195.275590551181 2881.8897637795276 144.88188976377953 66.14173228346456 4
1251.9685039370079 2881.8897637795276 377.9527559055118 66.14173228346456 septembre
1543.3070866141732 2881.8897637795276 261.4173228346457 66.14173228346456 1729,
1718.1102362204724 2881.8897637795276 174.8031496062992 66.14173228346456 m.
1804.724409448819 2881.8897637795276 289.76377952755905 66.14173228346456 1765).
2007.8740157480315 2881.8897637795276 348.0314960629921 66.14173228346456 «Quoique
2269.2913385826773 2881.8897637795276 261.4173228346457 66.14173228346456 tard,
2444.0944881889764 2881.8897637795276 203.1496062992126 66.14173228346456 mon
2560.6299212598424 2881.8897637795276 233.0708661417323 66.14173228346456 cher
2705.511811023622 2881.8897637795276 377.9527559055118 66.14173228346456 maréchal,
2995.2755905511813 2881.8897637795276 174.8031496062992 66.14173228346456 ce
3083.464566929134 2881.8897637795276 261.4173228346457 66.14173228346456 n’est
3256.6929133858266 2881.8897637795276 203.1496062992126 66.14173228346456 pas
3373.228346456693 2881.8897637795276 233.0708661417323 66.14173228346456 avec
3518.1102362204724 2881.8897637795276 261.4173228346457 66.14173228346456 moins
3692.9133858267714 2881.8897637795276 174.8031496062992 66.14173228346456 de
3779.527559055118 2881.8897637795276 319.68503937007875 66.14173228346456 plaisir
4012.5984251968503 2881.8897637795276 203.1496062992126 66.14173228346456 que
4129.133858267716 2881.8897637795276 174.8031496062992 66.14173228346456 je
4215.748031496063 2881.8897637795276 319.68503937007875 66.14173228346456 respond
4448.818897637795 2881.8897637795276 144.88188976377953 66.14173228346456 à
4505.511811023622 2881.8897637795276 174.8031496062992 66.14173228346456 la
4563.779527559055 2881.8897637795276 174.8031496062992 66.14173228346456 joye

1195.275590551181 2946.4566929133857 206.29921259842519 62.99212598425197 que
1313.3858267716535 2946.4566929133857 236.2204724409449 62.99212598425197 vous
1461.4173228346456 2946.4566929133857 294.48818897637796 62.99212598425197 m’avez
1667.716535433071 2946.4566929133857 384.251968503937 62.99212598425197 témoignée
1962.2047244094488 2946.4566929133857 176.3779527559055 62.99212598425197 au
2051.968503937008 2946.4566929133857 266.1417322834646 62.99212598425197 sujet
2228.3464566929133 2946.4566929133857 176.3779527559055 62.99212598425197 de
2316.535433070866 2946.4566929133857 176.3779527559055 62.99212598425197 la
2376.3779527559054 2946.4566929133857 206.29921259842519 62.99212598425197 nais-

1193.7007874015749 3014.1732283464567 261.4173228346457 59.84251968503937 sance
1366.9291338582677 3014.1732283464567 173.22834645669292 59.84251968503937 de
1453.5433070866143 3014.1732283464567 203.1496062992126 59.84251968503937 mon
1570.0787401574803 3014.1732283464567 231.49606299212599 59.84251968503937 fils
1714.9606299212599 3014.1732283464567 203.1496062992126 59.84251968503937 que
1829.9212598425197 3014.1732283464567 231.49606299212599 59.84251968503937 Dieu
1976.3779527559054 3014.1732283464567 144.88188976377953 59.84251968503937 a
2033.0708661417323 3014.1732283464567 289.76377952755905 59.84251968503937 acordé
2236.220472440945 3014.1732283464567 144.88188976377953 59.84251968503937 à
2294.488188976378 3014.1732283464567 203.1496062992126 59.84251968503937 nos
2381.1023622047246 3014.1732283464567 203.1496062992126 59.84251968503937 vœux,

1188.976377952756 3078.740157480315 177.95275590551182 61.41732283464567 et
1278.740157480315 3078.740157480315 267.7165354330709 61.41732283464567 cette
1456.6929133858268 3078.740157480315 267.7165354330709 61.41732283464567 grâce
1634.6456692913387 3078.740157480315 177.95275590551182 61.41732283464567 de
1724.4094488188975 3078.740157480315 237.79527559055117 61.41732283464567 Dieu
1874.015748031496 3078.740157480315 207.8740157480315 61.41732283464567 est
1992.1259842519685 3078.740157480315 387.40157480314963 61.41732283464567 parfaite,
2289.763779527559 3078.740157480315 207.8740157480315 61.41732283464567 lui
2379.527559055118 3078.740157480315 207.8740157480315 61.41732283464567 ayant

1187.4015748031495 3144.8818897637793 267.7165354330709 59.84251968503937 donné
1365.3543307086613 3144.8818897637793 207.8740157480315 59.84251968503937 une
1485.0393700787401 3144.8818897637793 267.7165354330709 59.84251968503937 santé
1662.992125984252 3144.8818897637793 207.8740157480315 59.84251968503937 qui
1781.1023622047244 3144.8818897637793 177.95275590551182 59.84251968503937 ne
1870.8661417322835 3144.8818897637793 296.06299212598424 59.84251968503937 laisse
2078.740157480315 3144.8818897637793 237.79527559055117 59.84251968503937 rien
2226.771653543307 3144.8818897637793 148.03149606299212 59.84251968503937 à
2256.6929133858266 3144.8818897637793 325.98425196850394 59.84251968503937 désirer.»

1176.3779527559054 3305.511811023622 365.3543307086614 97.63779527559055 ★23★
1404.724409448819 3305.511811023622 411.0236220472441 97.63779527559055 LOUIS
1678.740157480315 3305.511811023622 365.3543307086614 97.63779527559055 XVI,
1907.0866141732283 3305.511811023622 274.01574803149606 97.63779527559055 n.
2044.0944881889764 3305.511811023622 228.3464566929134 97.63779527559055 à
2135.433070866142 3305.511811023622 685.0393700787401 97.63779527559055 Versailles,
2683.464566929134 3305.511811023622 274.01574803149606 97.63779527559055 23
2820.472440944882 3305.511811023622 365.3543307086614 97.63779527559055 août
3048.818897637795 3305.511811023622 411.0236220472441 97.63779527559055 1754,
3322.834645669291 3305.511811023622 639.3700787401575 97.63779527559055 petit-fils
3825.196850393701 3305.511811023622 274.01574803149606 97.63779527559055 de
3962.2047244094488 3305.511811023622 411.0236220472441 97.63779527559055 Louis
4236.220472440945 3305.511811023622 319.68503937007875 97.63779527559055 XV,
4418.897637795276 3305.511811023622 319.68503937007875 97.63779527559055 roi
4555.905511811024 3305.511811023622 182.6771653543307 97.63779527559055 le

1188.976377952756 3414.1732283464567 251.96850393700788 99.21259842519684 10
1314.9606299212599 3414.1732283464567 294.48818897637796 99.21259842519684 mai
1483.4645669291338 3414.1732283464567 377.9527559055118 99.21259842519684 1774,
1735.4330708661416 3414.1732283464567 503.93700787401576 99.21259842519684 décapité
2114.9606299212596 3414.1732283464567 209.4488188976378 99.21259842519684 à
2198.4251968503936 3414.1732283464567 377.9527559055118 99.21259842519684 Paris
2450.3937007874015 3414.1732283464567 251.96850393700788 99.21259842519684 le
2576.3779527559054 3414.1732283464567 251.96850393700788 99.21259842519684 21
2702.3622047244094 3414.1732283464567 462.99212598425197 99.21259842519684 janvier
2996.850393700787 3414.1732283464567 294.48818897637796 99.21259842519684 1793.

1261.4173228346456 3559.0551181102364 231.49606299212599 78.74015748031496 L.
1377.9527559055118 3559.0551181102364 231.49606299212599 78.74015748031496 A.
1494.4881889763778 3559.0551181102364 231.49606299212599 78.74015748031496 S.
1611.023622047244 3559.0551181102364 193.70078740157481 78.74015748031496 à
1688.1889763779527 3559.0551181102364 387.40157480314963 78.74015748031496 Amelot
1959.0551181102362 3559.0551181102364 503.93700787401576 78.74015748031496 (ministre
2346.4566929133857 3559.0551181102364 231.49606299212599 78.74015748031496 de
2461.417322834646 3559.0551181102364 231.49606299212599 78.74015748031496 la
2577.952755905512 3559.0551181102364 387.40157480314963 78.74015748031496 maison
2848.818897637795 3559.0551181102364 231.49606299212599 78.74015748031496 du
2965.3543307086616 3559.0551181102364 348.0314960629921 78.74015748031496 Roi);
3159.0551181102364 3559.0551181102364 348.0314960629921 78.74015748031496 Choisy,

1177.9527559055118 3647.244094488189 212.5984251968504 78.74015748031496 21
1285.0393700787401 3647.244094488189 285.03937007874015 78.74015748031496 août
1462.992125984252 3647.244094488189 319.68503937007875 78.74015748031496 1778,
1675.5905511811025 3647.244094488189 248.8188976377953 78.74015748031496 1/2
1818.8976377952756 3647.244094488189 212.5984251968504 78.74015748031496 p.
1924.4094488188975 3647.244094488189 319.68503937007875 78.74015748031496 in-8,
2138.582677165354 3647.244094488189 390.5511811023622 78.74015748031496 cachet.
2422.047244094488 3647.244094488189 177.95275590551182 78.74015748031496 —
2492.9133858267714 3647.244094488189 212.5984251968504 78.74015748031496 P.
2600.0 3647.244094488189 212.5984251968504 78.74015748031496 de
2670.8661417322833 3647.244094488189 355.90551181102364 78.74015748031496 Massart.

1237.7952755905512 3770.0787401574803 170.07874015748033 62.99212598425197 Il
1322.8346456692914 3770.0787401574803 170.07874015748033 62.99212598425197 le
1407.8740157480315 3770.0787401574803 283.46456692913387 62.99212598425197 charge
1606.2992125984251 3770.0787401574803 340.15748031496065 62.99212598425197 d’écrire
1862.992125984252 3770.0787401574803 141.73228346456693 62.99212598425197 à
1919.6850393700788 3770.0787401574803 453.54330708661416 62.99212598425197 l’archevêque
2288.1889763779527 3770.0787401574803 170.07874015748033 62.99212598425197 de
2373.228346456693 3770.0787401574803 255.11811023622047 62.99212598425197 Paris
2543.3070866141734 3770.0787401574803 425.1968503937008 62.99212598425197 (Christophe
2883.464566929134 3770.0787401574803 170.07874015748033 62.99212598425197 de
2970.0787401574803 3770.0787401574803 368.503937007874 62.99212598425197 Beaumont)
3253.5433070866143 3770.0787401574803 170.07874015748033 62.99212598425197 de
3310.236220472441 3770.0787401574803 198.4251968503937 62.99212598425197 faire

1177.9527559055118 3837.7952755905512 206.29921259842519 59.84251968503937 des
1296.0629921259842 3837.7952755905512 324.40944881889766 59.84251968503937 prières
1532.283464566929 3837.7952755905512 236.2204724409449 59.84251968503937 pour
1678.740157480315 3837.7952755905512 176.3779527559055 59.84251968503937 la
1768.5039370078741 3837.7952755905512 382.6771653543307 59.84251968503937 grossesse
2062.9921259842517 3837.7952755905512 176.3779527559055 59.84251968503937 de
2151.181102362205 3837.7952755905512 176.3779527559055 59.84251968503937 la
2239.3700787401576 3837.7952755905512 294.48818897637796 59.84251968503937 Reine.
2445.6692913385828 3837.7952755905512 148.03149606299212 59.84251968503937 —
2505.511811023622 3837.7952755905512 618.8976377952756 59.84251968503937 (Marie-Antoinette
3036.220472440945 3837.7952755905512 382.6771653543307 59.84251968503937 accoucha,
3330.7086614173227 3837.7952755905512 176.3779527559055 59.84251968503937 le
3388.9763779527557 3837.7952755905512 118.11023622047244 59.84251968503937 19

1181.1023622047244 3903.9370078740158 352.755905511811 62.99212598425197 décembre
1445.6692913385828 3903.9370078740158 264.56692913385825 62.99212598425197 1778,
1622.0472440944882 3903.9370078740158 264.56692913385825 62.99212598425197 d’une
1798.4251968503936 3903.9370078740158 294.48818897637796 62.99212598425197 fille,
2004.724409448819 3903.9370078740158 822.0472440944882 62.99212598425197 Marie-Thérèse-Charlotte,
2738.582677165354 3903.9370078740158 206.29921259842519 62.99212598425197 qui
2856.6929133858266 3903.9370078740158 294.48818897637796 62.99212598425197 devint
3061.417322834646 3903.9370078740158 352.755905511811 62.99212598425197 duchesse
3296.0629921259842 3903.9370078740158 206.29921259842519 62.99212598425197 d’An

1149.6062992125985 3973.228346456693 343.3070866141732 58.267716535433074 goulême.)

1157.4803149606298 4135.433070866142 447.244094488189 94.48818897637796 ★24★
1437.7952755905512 4135.433070866142 503.93700787401576 94.48818897637796 MARIE
1773.2283464566929 4135.433070866142 784.2519685039371 94.48818897637796 ANTOINETTE
2388.9763779527557 4135.433070866142 839.3700787401575 94.48818897637796 D’AUTRICHE,
3061.417322834646 4135.433070866142 335.43307086614175 94.48818897637796 n.
3228.3464566929133 4135.433070866142 280.31496062992125 94.48818897637796 à
3341.732283464567 4135.433070866142 559.0551181102362 94.48818897637796 Vienne
3732.283464566929 4135.433070866142 839.3700787401575 94.48818897637796 (Autriche),
4404.724409448819 4135.433070866142 280.31496062992125 94.48818897637796 2
4459.842519685039 4135.433070866142 280.31496062992125 94.48818897637796 no-

1165.3543307086613 4237.795275590551 440.9448818897638 99.21259842519684 vembre
1474.015748031496 4237.795275590551 396.8503937007874 99.21259842519684 1755,
1738.5826771653544 4237.795275590551 396.8503937007874 99.21259842519684 fille
2003.1496062992126 4237.795275590551 264.56692913385825 99.21259842519684 de
2137.0078740157483 4237.795275590551 617.3228346456693 99.21259842519684 l’empereur
2622.047244094488 4237.795275590551 529.1338582677165 99.21259842519684 François
3018.8976377952754 4237.795275590551 220.4724409448819 99.21259842519684 I
3107.0866141732286 4237.795275590551 264.56692913385825 99.21259842519684 et
3239.3700787401576 4237.795275590551 264.56692913385825 99.21259842519684 de
3371.6535433070867 4237.795275590551 264.56692913385825 99.21259842519684 la
3503.9370078740158 4237.795275590551 440.9448818897638 99.21259842519684 grande
3812.5984251968503 4237.795275590551 793.7007874015748 99.21259842519684 Marie-Thérèse,
4431.496062992126 4237.795275590551 308.66141732283467 99.21259842519684 femme

1166.9291338582677 4343.307086614173 261.4173228346457 97.63779527559055 de
1297.6377952755906 4343.307086614173 393.7007874015748 97.63779527559055 Louis
1560.6299212598426 4343.307086614173 305.51181102362204 97.63779527559055 XVI
1735.4330708661416 4343.307086614173 305.51181102362204 97.63779527559055 (16
1910.236220472441 4343.307086614173 305.51181102362204 97.63779527559055 mai
2085.0393700787404 4343.307086614173 436.2204724409449 97.63779527559055 1770),
2390.551181102362 4343.307086614173 568.503937007874 97.63779527559055 décapitée
2826.771653543307 4343.307086614173 218.89763779527559 97.63779527559055 à
2914.9606299212596 4343.307086614173 393.7007874015748 97.63779527559055 Paris
3176.3779527559054 4343.307086614173 261.4173228346457 97.63779527559055 le
3307.0866141732286 4343.307086614173 261.4173228346457 97.63779527559055 16
3439.3700787401576 4343.307086614173 480.31496062992125 97.63779527559055 octobre
3744.8818897637793 4343.307086614173 305.51181102362204 97.63779527559055 1793.

1255.1181102362204 4480.314960629921 217.3228346456693 83.46456692913385 P.
1363.7795275590552 4480.314960629921 253.54330708661416 83.46456692913385 S.,
1508.6614173228347 4480.314960629921 289.76377952755905 83.46456692913385 avec
1689.763779527559 4480.314960629921 217.3228346456693 83.46456692913385 le
1798.4251968503936 4480.314960629921 253.54330708661416 83.46456692913385 mot
1941.732283464567 4480.314960629921 398.4251968503937 83.46456692913385 «Payez»
2231.496062992126 4480.314960629921 541.7322834645669 83.46456692913385 autographe;
2666.1417322834645 4480.314960629921 541.7322834645669 83.46456692913385 Versailles,
3099.212598425197 4480.314960629921 181.10236220472441 83.46456692913385 1
3171.6535433070867 4480.314960629921 398.4251968503937 83.46456692913385 octobre
3461.417322834646 4480.314960629921 325.98425196850394 83.46456692913385 1783,
3678.740157480315 4480.314960629921 253.54330708661416 83.46456692913385 3/4
3823.6220472440946 4480.314960629921 217.3228346456693 83.46456692913385 de
3932.283464566929 4480.314960629921 217.3228346456693 83.46456692913385 p.
4039.3700787401576 4480.314960629921 398.4251968503937 83.46456692913385 in-fol.
4329.133858267716 4480.314960629921 181.10236220472441 83.46456692913385 —
4365.354330708661 4480.314960629921 144.88188976377953 83.46456692913385 P.

1237.7952755905512 4606.299212598426 274.01574803149606 62.99212598425197 Ordre
1420.4724409448818 4606.299212598426 182.6771653543307 62.99212598425197 de
1511.8110236220473 4606.299212598426 274.01574803149606 62.99212598425197 payer
1694.4881889763778 4606.299212598426 152.75590551181102 62.99212598425197 à
1754.3307086614172 4606.299212598426 335.43307086614175 62.99212598425197 Jacques
1998.4251968503936 4606.299212598426 335.43307086614175 62.99212598425197 Briant,
2240.9448818897636 4606.299212598426 303.93700787401576 62.99212598425197 maître
2455.1181102362207 4606.299212598426 152.75590551181102 62.99212598425197 à
2514.9606299212596 4606.299212598426 303.93700787401576 62.99212598425197 danser
2727.5590551181103 4606.299212598426 182.6771653543307 62.99212598425197 de
2818.8976377952754 4606.299212598426 212.5984251968504 62.99212598425197 ses
2910.236220472441 4606.299212598426 244.09448818897638 62.99212598425197 pages,

1179.5275590551182 4672.44094488189 176.3779527559055 62.99212598425197 la
1267.716535433071 4672.44094488189 266.1417322834646 62.99212598425197 somme
1445.6692913385828 4672.44094488189 176.3779527559055 62.99212598425197 de
1533.8582677165355 4672.44094488189 236.2204724409449 62.99212598425197 cent
1681.8897637795276 4672.44094488189 412.59842519685037 62.99212598425197 trente-six
2006.2992125984251 4672.44094488189 294.48818897637796 62.99212598425197 livres
2212.5984251968503 4672.44094488189 354.3307086614173 62.99212598425197 dix-sept
2478.740157480315 4672.44094488189 236.2204724409449 62.99212598425197 sous
2626.771653543307 4672.44094488189 206.29921259842519 62.99212598425197 six
2744.8818897637793 4672.44094488189 324.40944881889766 62.99212598425197 deniers
2951.181102362205 4672.44094488189 206.29921259842519 62.99212598425197 «pour

1176.3779527559054 4737.007874015748 185.82677165354332 62.99212598425197 sa
1269.291338582677 4737.007874015748 464.56692913385825 62.99212598425197 nourriture,
1640.9448818897638 4737.007874015748 185.82677165354332 62.99212598425197 en
1733.8582677165355 4737.007874015748 525.9842519685039 62.99212598425197 considération
2166.9291338582675 4737.007874015748 185.82677165354332 62.99212598425197 de
2259.8425196850394 4737.007874015748 185.82677165354332 62.99212598425197 ce
2351.181102362205 4737.007874015748 278.74015748031496 62.99212598425197 qu’il
2537.0078740157483 4737.007874015748 154.33070866141733 62.99212598425197 a
2600.0 4737.007874015748 308.66141732283467 62.99212598425197 montré
2815.748031496063 4737.007874015748 154.33070866141733 62.99212598425197 à
2877.165354330709 4737.007874015748 308.66141732283467 62.99212598425197 danser
3062.9921259842517 4737.007874015748 92.91338582677166 62.99212598425197 à

1177.9527559055118 4804.724409448819 209.4488188976378 62.99212598425197 nos
1297.6377952755906 4804.724409448819 239.37007874015748 62.99212598425197 dits
1447.244094488189 4804.724409448819 269.29133858267716 62.99212598425197 pages
1626.7716535433071 4804.724409448819 329.13385826771656 62.99212598425197 pendant
1867.716535433071 4804.724409448819 179.5275590551181 62.99212598425197 le
1957.4803149606298 4804.724409448819 359.0551181102362 62.99212598425197 quartier
2226.771653543307 4804.724409448819 179.5275590551181 62.99212598425197 de
2316.535433070866 4804.724409448819 359.0551181102362 62.99212598425197 juillet,
2585.8267716535433 4804.724409448819 269.29133858267716 62.99212598425197 aoust
2766.9291338582675 4804.724409448819 179.5275590551181 62.99212598425197 et
2826.771653543307 4804.724409448819 329.13385826771656 62.99212598425197 septembre

1177.9527559055118 4874.0157480314965 377.9527559055118 61.41732283464567 dernier.»
1467.716535433071 4874.0157480314965 144.88188976377953 61.41732283464567 —
1525.984251968504 4874.0157480314965 261.4173228346457 61.41732283464567 Cette
1700.7874015748032 4874.0157480314965 261.4173228346457 61.41732283464567 pièce
1875.5905511811025 4874.0157480314965 261.4173228346457 61.41732283464567 porte
2048.818897637795 4874.0157480314965 174.8031496062992 61.41732283464567 la
2137.0078740157483 4874.0157480314965 377.9527559055118 61.41732283464567 signature
2426.771653543307 4874.0157480314965 174.8031496062992 61.41732283464567 du
2514.9606299212596 4874.0157480314965 406.2992125984252 61.41732283464567 secrétaire
2834.6456692913384 4874.0157480314965 174.8031496062992 61.41732283464567 de
2921.259842519685 4874.0157480314965 174.8031496062992 61.41732283464567 la
2979.527559055118 4874.0157480314965 174.8031496062992 61.41732283464567 main

1182.6771653543308 4941.7322834645665 174.8031496062992 59.84251968503937 et
1270.8661417322835 4941.7322834645665 174.8031496062992 59.84251968503937 la
1359.0551181102362 4941.7322834645665 379.5275590551181 59.84251968503937 signature
1650.3937007874015 4941.7322834645665 409.4488188976378 59.84251968503937 autographe
1973.2283464566929 4941.7322834645665 174.8031496062992 59.84251968503937 de
2059.8425196850394 4941.7322834645665 174.8031496062992 59.84251968503937 la
2118.1102362204724 4941.7322834645665 234.64566929133858 59.84251968503937 Reine.

1160.6299212598426 5114.96062992126 403.1496062992126 97.63779527559055 ★25★
1412.5984251968505 5114.96062992126 453.54330708661416 97.63779527559055 LOUIS
1714.9606299212599 5114.96062992126 403.1496062992126 97.63779527559055 XVII
1966.9291338582677 5114.96062992126 908.6614173228346 97.63779527559055 (Louis-Charles
2724.4094488188975 5114.96062992126 302.3622047244094 97.63779527559055 de
2875.5905511811025 5114.96062992126 554.3307086614174 97.63779527559055 BOURBON
3278.740157480315 5114.96062992126 352.755905511811 97.63779527559055 duc
3480.314960629921 5114.96062992126 302.3622047244094 97.63779527559055 de
3631.496062992126 5114.96062992126 705.511811023622 97.63779527559055 Normandie,
4187.40157480315 5114.96062992126 453.54330708661416 97.63779527559055 dit),
4489.763779527559 5114.96062992126 302.3622047244094 97.63779527559055 n.
4590.5511811023625 5114.96062992126 151.1811023622047 97.63779527559055 à

1168.5039370078741 5220.472440944882 644.0944881889764 100.78740157480316 Versailles,
1683.4645669291338 5220.472440944882 256.6929133858268 100.78740157480316 27
1811.023622047244 5220.472440944882 343.3070866141732 100.78740157480316 mars
2026.7716535433071 5220.472440944882 385.8267716535433 100.78740157480316 1785,
2283.464566929134 5220.472440944882 428.34645669291336 100.78740157480316 second
2584.251968503937 5220.472440944882 343.3070866141732 100.78740157480316 fils
2798.4251968503936 5220.472440944882 300.78740157480314 100.78740157480316 des
2970.0787401574803 5220.472440944882 644.0944881889764 100.78740157480316 précédents,
3485.0393700787404 5220.472440944882 256.6929133858268 100.78740157480316 m.
3612.5984251968503 5220.472440944882 256.6929133858268 100.78740157480316 au
3741.732283464567 5220.472440944882 472.4409448818898 100.78740157480316 Temple,
4085.0393700787404 5220.472440944882 214.17322834645668 100.78740157480316 5
4170.078740157481 5220.472440944882 343.3070866141732 100.78740157480316 juin
4341.7322834645665 5220.472440944882 300.78740157480314 100.78740157480316 1795.

1258.267716535433 5359.055118110236 360.62992125984255 86.61417322834646 Devoir
1511.8110236220473 5359.055118110236 505.51181102362204 86.61417322834646 d’écriture
1908.6614173228347 5359.055118110236 505.51181102362204 86.61417322834646 autographe
2307.0866141732286 5359.055118110236 325.98425196850394 86.61417322834646 signé
2522.834645669291 5359.055118110236 360.62992125984255 86.61417322834646 «Louis
2776.3779527559054 5359.055118110236 469.29133858267716 86.61417322834646 DAUPHIN»,
3137.0078740157483 5359.055118110236 181.10236220472441 86.61417322834646 1
3209.448818897638 5359.055118110236 217.3228346456693 86.61417322834646 p.
3318.1102362204724 5359.055118110236 325.98425196850394 86.61417322834646 in-4.
3535.433070866142 5359.055118110236 469.29133858267716 86.61417322834646 (Coll.
3896.0629921259842 5359.055118110236 722.8346456692914 86.61417322834646 Dubrunfaut.)
4510.236220472441 5359.055118110236 181.10236220472441 86.61417322834646 —
4546.456692913386 5359.055118110236 144.88188976377953 86.61417322834646 P.

1244.0944881889764 5475.5905511811025 360.62992125984255 74.01574803149606 Précieux
1513.3858267716535 5475.5905511811025 420.4724409448819 74.01574803149606 autographe
1844.0944881889764 5475.5905511811025 390.5511811023622 74.01574803149606 provenant
2144.8818897637793 5475.5905511811025 179.5275590551181 74.01574803149606 de
2234.6456692913384 5475.5905511811025 179.5275590551181 74.01574803149606 M.
2324.4094488188975 5475.5905511811025 330.70866141732284 74.01574803149606 Jourdan
2563.779527559055 5475.5905511811025 390.5511811023622 74.01574803149606 Dumesnil,
2864.566929133858 5475.5905511811025 209.4488188976378 74.01574803149606 qui
2984.251968503937 5475.5905511811025 209.4488188976378 74.01574803149606 fut
3103.9370078740158 5475.5905511811025 179.5275590551181 74.01574803149606 le
3193.700787401575 5475.5905511811025 300.78740157480314 74.01574803149606 maître
3404.7244094488187 5475.5905511811025 420.4724409448819 74.01574803149606 d’écriture
3733.8582677165355 5475.5905511811025 179.5275590551181 74.01574803149606 du
3793.700787401575 5475.5905511811025 300.78740157480314 74.01574803149606 dauphin.

1163.7795275590552 5639.370078740158 417.3228346456693 124.40944881889764 ★26★
1423.6220472440946 5639.370078740158 521.2598425196851 124.40944881889764 COMITÉ
1788.976377952756 5639.370078740158 313.38582677165357 124.40944881889764 DE
1944.8818897637796 5639.370078740158 469.29133858267716 124.40944881889764 SALUT
2258.267716535433 5639.370078740158 521.2598425196851 124.40944881889764 PUBLIC
2623.6220472440946 5639.370078740158 365.3543307086614 124.40944881889764 (25
2831.496062992126 5639.370078740158 417.3228346456693 124.40944881889764 mars
3091.3385826771655 5639.370078740158 417.3228346456693 124.40944881889764 1793
3352.755905511811 5639.370078740158 313.38582677165357 124.40944881889764 au
3508.6614173228345 5639.370078740158 313.38582677165357 124.40944881889764 26
3666.1417322834645 5639.370078740158 573.2283464566929 124.40944881889764 octobre
4029.9212598425197 5639.370078740158 417.3228346456693 124.40944881889764 1795).

1259.8425196850394 5788.976377952756 229.92125984251967 92.91338582677166 1°
1374.8031496062993 5788.976377952756 229.92125984251967 92.91338582677166 P.
1488.1889763779527 5788.976377952756 229.92125984251967 92.91338582677166 S.
1603.1496062992126 5788.976377952756 267.7165354330709 92.91338582677166 par
1755.9055118110236 5788.976377952756 382.6771653543307 92.91338582677166 COLLOT
2023.6220472440946 5788.976377952756 535.4330708661417 92.91338582677166 D’HERBOIS,
2444.0944881889764 5788.976377952756 420.4724409448819 92.91338582677166 CARNOT,
2749.6062992125985 5788.976377952756 229.92125984251967 92.91338582677166 R.
2864.566929133858 5788.976377952756 420.4724409448819 92.91338582677166 LINDET,
3170.0787401574803 5788.976377952756 420.4724409448819 92.91338582677166 BARÈRE,
3475.5905511811025 5788.976377952756 420.4724409448819 92.91338582677166 BILLAUD
3781.1023622047246 5788.976377952756 420.4724409448819 92.91338582677166 VARENNE
4086.6141732283463 5788.976377952756 229.92125984251967 92.91338582677166 et
4201.574803149606 5788.976377952756 229.92125984251967 92.91338582677166 C.
4316.535433070866 5788.976377952756 229.92125984251967 92.91338582677166 A.
4393.700787401574 5788.976377952756 343.3070866141732 92.91338582677166 PRIEUR;

1182.6771653543308 5872.44094488189 335.43307086614175 91.33858267716535 Paris,
1417.3228346456692 5872.44094488189 168.50393700787401 91.33858267716535 2
1485.0393700787401 5872.44094488189 370.0787401574803 91.33858267716535 floréal
1754.3307086614172 5872.44094488189 201.5748031496063 91.33858267716535 an
1855.1181102362204 5872.44094488189 201.5748031496063 91.33858267716535 II
1955.9055118110236 5872.44094488189 234.64566929133858 91.33858267716535 (21
2089.763779527559 5872.44094488189 302.3622047244094 91.33858267716535 avril
2291.3385826771655 5872.44094488189 335.43307086614175 91.33858267716535 1794),
2525.984251968504 5872.44094488189 168.50393700787401 91.33858267716535 5
2593.700787401575 5872.44094488189 201.5748031496063 91.33858267716535 p.
2694.488188976378 5872.44094488189 234.64566929133858 91.33858267716535 1/2
2829.9212598425197 5872.44094488189 403.1496062992126 91.33858267716535 in-fol.,
3132.283464566929 5872.44094488189 403.1496062992126 91.33858267716535 vignette
3434.6456692913384 5872.44094488189 201.5748031496063 91.33858267716535 et
3535.433070866142 5872.44094488189 269.29133858267716 91.33858267716535 tête
3669.2913385826773 5872.44094488189 370.0787401574803 91.33858267716535 imprimée.
