3646 4648
729 595 535 58 12.
1034 595 688 58 CHEFS
1493 595 458 58 DE
1722 595 1223 58 GOUVERNEMENT
2639 595 382 58 S.1

811 885 230 41 Curieuse
984 885 192 41 épître
1118 885 115 41 au
1176 885 173 41 comte
1291 885 115 41 de
1348 885 230 41 Clermont
1521 885 154 41 (qui
1617 885 173 41 avait
1732 885 230 41 succède,
1905 885 115 41 en
1963 885 211 41 février
2117 885 173 41 1758,
2232 885 115 41 au
2289 885 230 41 maréchal
2462 885 115 41 de
2520 885 250 41 Richelieu
2712 885 154 41 dans
2808 885 115 41 le
2846 885 173 41 comman-

773 926 187 39 dement
904 926 112 39 de
961 926 206 39 l’armée
1110 926 112 39 de
1166 926 206 39 Hanovre
1316 926 112 39 et
1372 926 169 39 avait
1485 926 112 39 dû
1541 926 206 39 reculer
1691 926 187 39 devant
1822 926 112 39 le
1878 926 187 39 prince
2009 926 243 39 Ferdinand
2196 926 112 39 de
2252 926 281 39 Brunswick):
2477 926 225 39 «N’aiant
2646 926 150 39 qu’à
2739 926 150 39 vous
2814 926 206 39 plaindre,

774 968 128 44 mon
847 968 201 44 cousin,
993 968 201 44 jusqu’à
1139 968 219 44 présent,
1303 968 109 44 je
1358 968 146 44 n’ay
1449 968 128 44 pas
1522 968 109 44 pu
1577 968 109 44 me
1631 968 219 44 résoudre
1796 968 91 44 à
1832 968 201 44 prendre
1978 968 109 44 la
2033 968 164 44 plume
2142 968 146 44 pour
2233 968 146 44 vous
2325 968 201 44 écrire,
2471 968 146 44 mais
2562 968 274 44 aujourd’huy
2781 968 109 44 je
2836 968 146 44 m’en
2909 968 109 44 sert

774 1013 143 42 pour
864 1013 143 42 vous
953 1013 233 42 féliciter
1133 1013 108 42 en
1187 1013 108 42 me
1240 1013 251 42 félicitant
1438 1013 215 42 moy-même
1599 1013 126 42 sur
1671 1013 161 42 votre
1761 1013 161 42 prompte

771 1054 245 43 guérison,
960 1054 359 43 qu’heureusement
1262 1054 151 43 j’ay
1357 1054 151 43 sçue
1451 1054 170 43 aussy
1564 1054 151 43 tost
1659 1054 132 43 que
1734 1054 170 43 votre
1829 1054 94 43 ma-

770 1097 183 42 ladie.
898 1097 219 42 J’espère
1062 1097 128 42 que
1136 1097 146 42 vous
1227 1097 146 42 vous
1318 1097 238 42 ménagerés
1501 1097 110 42 et
1556 1097 128 42 que
1629 1097 146 42 vous
1721 1097 165 42 serés
1812 1097 110 42 plus

769 1138 119 43 en
829 1138 159 43 état
928 1138 119 43 de
988 1138 119 43 me
1047 1138 159 43 bien
1146 1138 199 43 servir
1285 1138 119 43 la
1345 1138 238 43 campagne
1524 1138 139 43 qui
1603 1138 298 43 s’ensuivra.
1822 1138 99 43 Par

768 1181 260 40 l’ancienne
973 1181 298 40 connoissance
1215 1181 112 40 et
1271 1181 186 40 amitié
1401 1181 149 40 vous
1494 1181 112 40 me
1550 1181 260 40 permettrés
1755 1181 112 40 de
1792 1181 130 40 finir

769 1223 146 41 sans
860 1223 274 41 compliments
1079 1223 110 41 ny
1134 1223 237 41 souhaits,
1316 1223 110 41 et
1371 1223 146 41 tout
1463 1223 201 41 court.»
1609 1223 91 41 —
1645 1223 183 41 (Cette
1755 1223 164 41 lettre,

768 1266 149 41 dont
861 1266 111 41 le
917 1266 130 41 ton
991 1266 149 41 peut
1084 1266 204 41 sembler
1233 1266 241 41 ironique,
1419 1266 111 41 ne
1474 1266 204 41 changea
1623 1266 130 41 pas
1697 1266 111 41 la
1734 1266 186 41 mauvaise

764 1308 219 41 fortune
923 1308 119 41 du
983 1308 179 41 comte
1102 1308 119 41 de
1162 1308 258 41 Clermont,
1360 1308 139 41 qui
1440 1308 219 41 éprouva
1599 1308 119 41 de
1659 1308 239 41 nouveaux
1818 1308 99 41 re-

767 1351 162 41 vers,
875 1351 126 41 fut
947 1351 162 41 battu
1055 1351 90 41 à
1091 1351 198 41 Crevelt
1235 1351 126 41 par
1307 1351 108 41 le
1360 1351 180 41 prince
1486 1351 108 41 de
1540 1351 234 41 Brunswick
1720 1351 108 41 le
1774 1351 108 41 23
1810 1351 108 41 juin

767 1393 207 41 suivant,
922 1393 104 41 et
974 1393 121 41 fut
1043 1393 207 41 aussitôt
1199 1393 156 41 après
1302 1393 190 41 rappelé
1441 1393 86 41 à
1475 1393 104 41 la
1510 1393 138 41 cour.)

753 1498 248 66 ★22★
908 1498 279 66 MARIE
1094 1498 434 66 LECZINSKA,
1434 1498 186 66 n.
1527 1498 186 66 23
1620 1498 248 66 juin
1775 1498 279 66 1703,
1961 1498 279 66 fille
2147 1498 186 66 du
2240 1498 217 66 roi
2364 1498 186 66 de
2457 1498 341 66 Pologne
2673 1498 341 66 Stanislas

755 1565 386 65 Leczinski,
1058 1565 248 65 femme
1224 1565 165 65 de
1306 1565 248 65 Louis
1472 1565 165 65 XV
1554 1565 165 65 (5
1637 1565 358 65 septembre
1912 1565 275 65 1725),
2105 1565 165 65 m.
2188 1565 138 65 à
2243 1565 413 65 Versailles,
2573 1565 165 65 24
2656 1565 220 65 juin
2766 1565 193 65 1768.

807 1657 144 53 L.
879 1657 144 53 A.
951 1657 144 53 S.
1023 1657 144 53 au
1095 1657 288 53 maréchal
1310 1657 144 53 du
1382 1657 216 53 Bourg
1526 1657 431 53 (Léonore-Marie
1886 1657 144 53 du
1957 1657 240 53 Maine,
2125 1657 144 53 n.
2197 1657 216 53 1655,
2341 1657 288 53 maréchal
2557 1657 144 53 en
2629 1657 216 53 1724,
2772 1657 144 53 m.
2820 1657 192 53 1739);

759 1713 348 52 (Versailles),
1045 1713 102 52 2
1086 1713 246 52 décembre
1270 1713 225 52 (1729),
1434 1713 102 52 1
1475 1713 123 52 p.
1536 1713 143 52 pl.
1618 1713 184 52 in-4,
1741 1713 225 52 cachets
1905 1713 123 52 et
1966 1713 205 52 soies.
2109 1713 266 52 <i>(Coll.
2314 1713 409 52 Dubrunfaut.)</i>
2662 1713 102 52 —
2682 1713 82 52 P.

796 1789 200 40 Superbe
941 1789 182 40 lettre
1068 1789 109 40 où
1123 1789 145 40 elle
1213 1789 109 40 le
1268 1789 218 40 remercie
1431 1789 109 40 de
1486 1789 127 40 ses
1558 1789 272 40 compliments
1776 1789 91 40 à
1813 1789 254 40 l’occasion
2012 1789 109 40 de
2067 1789 109 40 la
2121 1789 236 40 naissance
2303 1789 109 40 de
2357 1789 127 40 son
2430 1789 145 40 fils
2521 1789 200 40 (Louis,
2666 1789 109 40 né
2720 1789 91 40 à
2757 1789 254 40 Versailles
2938 1789 73 40 le

759 1830 92 42 4
795 1830 240 42 septembre
980 1830 166 42 1729,
1091 1830 111 42 m.
1146 1830 184 42 1765).
1275 1830 221 42 «Quoique
1441 1830 166 42 tard,
1552 1830 129 42 mon
1626 1830 148 42 cher
1718 1830 240 42 maréchal,
1902 1830 111 42 ce
1958 1830 166 42 n’est
2068 1830 129 42 pas
2142 1830 148 42 avec
2234 1830 166 42 moins
2345 1830 111 42 de
2400 1830 203 42 plaisir
2548 1830 129 42 que
2622 1830 111 42 je
2677 1830 203 42 respond
2825 1830 92 42 à
2861 1830 111 42 la
2898 1830 111 42 joye

759 1871 131 40 que
834 1871 150 40 vous
928 1871 187 40 m’avez
1059 1871 244 40 témoignée
1246 1871 112 40 au
1303 1871 169 40 sujet
1415 1871 112 40 de
1471 1871 112 40 la
1509 1871 131 40 nais-

758 1914 166 38 sance
868 1914 110 38 de
923 1914 129 38 mon
997 1914 147 38 fils
1089 1914 129 38 que
1162 1914 147 38 Dieu
1255 1914 92 38 a
1291 1914 184 38 acordé
1420 1914 92 38 à
1457 1914 129 38 nos
1512 1914 129 38 vœux,

755 1955 113 39 et
812 1955 170 39 cette
925 1955 170 39 grâce
1038 1955 113 39 de
1095 1955 151 39 Dieu
1190 1955 132 39 est
1265 1955 246 39 parfaite,
1454 1955 132 39 lui
1511 1955 132 39 ayant

754 1997 170 38 donné
867 1997 132 38 une
943 1997 170 38 santé
1056 1997 132 38 qui
1131 1997 113 38 ne
1188 1997 188 38 laisse
1320 1997 151 38 rien
1414 1997 94 38 à
1433 1997 207 38 désirer.»

747 2099 232 62 ★23★
892 2099 261 62 LOUIS
1066 2099 232 62 XVI,
1211 2099 174 62 n.
1298 2099 145 62 à
1356 2099 435 62 Versailles,
1704 2099 174 62 23
1791 2099 232 62 août
1936 2099 261 62 1754,
2110 2099 406 62 petit-fils
2429 2099 174 62 de
2516 2099 261 62 Louis
2690 2099 203 62 XV,
2806 2099 203 62 roi
2893 2099 116 62 le

755 2168 160 63 10
835 2168 187 63 mai
942 2168 240 63 1774,
1102 2168 320 63 décapité
1343 2168 133 63 à
1396 2168 240 63 Paris
1556 2168 160 63 le
1636 2168 160 63 21
1716 2168 294 63 janvier
1903 2168 187 63 1793.

801 2260 147 50 L.
875 2260 147 50 A.
949 2260 147 50 S.
1023 2260 123 50 à
1072 2260 246 50 Amelot
1244 2260 320 50 (ministre
1490 2260 147 50 de
1563 2260 147 50 la
1637 2260 246 50 maison
1809 2260 147 50 du
1883 2260 221 50 Roi);
2006 2260 221 50 Choisy,

748 2316 135 50 21
816 2316 181 50 août
929 2316 203 50 1778,
1064 2316 158 50 1/2
1155 2316 135 50 p.
1222 2316 203 50 in-8,
1358 2316 248 50 cachet.
1538 2316 113 50 —
1583 2316 135 50 P.
1651 2316 135 50 de
1696 2316 226 50 Massart.

786 2394 108 40 Il
840 2394 108 40 le
894 2394 180 40 charge
1020 2394 216 40 d’écrire
1183 2394 90 40 à
1219 2394 288 40 l’archevêque
1453 2394 108 40 de
1507 2394 162 40 Paris
1615 2394 270 40 (Christophe
1831 2394 108 40 de
1886 2394 234 40 Beaumont)
2066 2394 108 40 de
2102 2394 126 40 faire

748 2437 131 38 des
823 2437 206 38 prières
973 2437 150 38 pour
1066 2437 112 38 la
1123 2437 243 38 grossesse
1310 2437 112 38 de
1366 2437 112 38 la
1422 2437 187 38 Reine.
1553 2437 94 38 —
1591 2437 393 38 (Marie-Antoinette
1928 2437 243 38 accoucha,
2115 2437 112 38 le
2152 2437 75 38 19

750 2479 224 40 décembre
918 2479 168 40 1778,
1030 2479 168 40 d’une
1142 2479 187 40 fille,
1273 2479 522 40 Marie-Thérèse-Charlotte,
1739 2479 131 40 qui
1814 2479 187 40 devint
1944 2479 224 40 duchesse
2093 2479 131 40 d’An

730 2523 218 37 goulême.)

735 2626 284 60 ★24★
913 2626 320 60 MARIE
1126 2626 498 60 ANTOINETTE
1517 2626 533 60 D’AUTRICHE,
1944 2626 213 60 n.
2050 2626 178 60 à
2122 2626 355 60 Vienne
2370 2626 533 60 (Autriche),
2797 2626 178 60 2
2832 2626 178 60 no-

740 2691 280 63 vembre
936 2691 252 63 1755,
1104 2691 252 63 fille
1272 2691 168 63 de
1357 2691 392 63 l’empereur
1665 2691 336 63 François
1917 2691 140 63 I
1973 2691 168 63 et
2057 2691 168 63 de
2141 2691 168 63 la
2225 2691 280 63 grande
2421 2691 504 63 Marie-Thérèse,
2814 2691 196 63 femme

741 2758 166 62 de
824 2758 250 62 Louis
991 2758 194 62 XVI
1102 2758 194 62 (16
1213 2758 194 62 mai
1324 2758 277 62 1770),
1518 2758 361 62 décapitée
1795 2758 139 62 à
1851 2758 250 62 Paris
2017 2758 166 62 le
2100 2758 166 62 16
2184 2758 305 62 octobre
2378 2758 194 62 1793.

797 2845 138 53 P.
866 2845 161 53 S.,
958 2845 184 53 avec
1073 2845 138 53 le
1142 2845 161 53 mot
1233 2845 253 53 «Payez»
1417 2845 344 53 autographe;
1693 2845 344 53 Versailles,
1968 2845 115 53 1
2014 2845 253 53 octobre
2198 2845 207 53 1783,
2336 2845 161 53 3/4
2428 2845 138 53 de
2497 2845 138 53 p.
2565 2845 253 53 in-fol.
2749 2845 115 53 —
2772 2845 92 53 P.

786 2925 174 40 Ordre
902 2925 116 40 de
960 2925 174 40 payer
1076 2925 97 40 à
1114 2925 213 40 Jacques
1269 2925 213 40 Briant,
1423 2925 193 40 maître
1559 2925 97 40 à
1597 2925 193 40 danser
1732 2925 116 40 de
1790 2925 135 40 ses
1848 2925 155 40 pages,

749 2967 112 40 la
805 2967 169 40 somme
918 2967 112 40 de
974 2967 150 40 cent
1068 2967 262 40 trente-six
1274 2967 187 40 livres
1405 2967 225 40 dix-sept
1574 2967 150 40 sous
1668 2967 131 40 six
1743 2967 206 40 deniers
1874 2967 131 40 «pour

747 3008 118 40 sa
806 3008 295 40 nourriture,
1042 3008 118 40 en
1101 3008 334 40 considération
1376 3008 118 40 de
1435 3008 118 40 ce
1493 3008 177 40 qu’il
1611 3008 98 40 a
1651 3008 196 40 montré
1788 3008 98 40 à
1827 3008 196 40 danser
1945 3008 59 40 à

748 3051 133 40 nos
824 3051 152 40 dits
919 3051 171 40 pages
1033 3051 209 40 pendant
1186 3051 114 40 le
1243 3051 228 40 quartier
1414 3051 114 40 de
1471 3051 228 40 juillet,
1642 3051 171 40 aoust
1757 3051 114 40 et
1795 3051 209 40 septembre

748 3095 240 39 dernier.»
932 3095 92 39 —
969 3095 166 39 Cette
1080 3095 166 39 pièce
1191 3095 166 39 porte
1301 3095 111 39 la
1357 3095 240 39 signature
1541 3095 111 39 du
1597 3095 258 39 secrétaire
1800 3095 111 39 de
1855 3095 111 39 la
1892 3095 111 39 main

751 3138 111 38 et
807 3138 111 38 la
863 3138 241 38 signature
1048 3138 260 38 autographe
1253 3138 111 38 de
1308 3138 111 38 la
1345 3138 149 38 Reine.

737 3248 256 62 ★25★
897 3248 288 62 LOUIS
1089 3248 256 62 XVII
1249 3248 577 62 (Louis-Charles
1730 3248 192 62 de
1826 3248 352 62 BOURBON
2082 3248 224 62 duc
2210 3248 192 62 de
2306 3248 448 62 Normandie,
2659 3248 288 62 dit),
2851 3248 192 62 n.
2915 3248 96 62 à

742 3315 409 64 Versailles,
1069 3315 163 64 27
1150 3315 218 64 mars
1287 3315 245 64 1785,
1450 3315 272 64 second
1641 3315 218 64 fils
1777 3315 191 64 des
1886 3315 409 64 précédents,
2213 3315 163 64 m.
2294 3315 163 64 au
2376 3315 300 64 Temple,
2594 3315 136 64 5
2648 3315 218 64 juin
2757 3315 191 64 1795.

799 3403 229 55 Devoir
960 3403 321 55 d’écriture
1212 3403 321 55 autographe
1465 3403 207 55 signé
1602 3403 229 55 «Louis
1763 3403 298 55 DAUPHIN»,
1992 3403 115 55 1
2038 3403 138 55 p.
2107 3403 207 55 in-4.
2245 3403 298 55 <i>(Coll.
2474 3403 459 55 Dubrunfaut.)</i>
2864 3403 115 55 —
2887 3403 92 55 P.

790 3477 229 47 Précieux
961 3477 267 47 autographe
1171 3477 248 47 provenant
1362 3477 114 47 de
1419 3477 114 47 M.
1476 3477 210 47 Jourdan
1628 3477 248 47 Dumesnil,
1819 3477 133 47 qui
1895 3477 133 47 fut
1971 3477 114 47 le
2028 3477 191 47 maître
2162 3477 267 47 d’écriture
2371 3477 114 47 du
2409 3477 191 47 dauphin.

739 3581 265 79 ★26★
904 3581 331 79 COMITÉ
1136 3581 199 79 DE
1235 3581 298 79 SALUT
1434 3581 331 79 PUBLIC
1666 3581 232 79 (25
1798 3581 265 79 mars
1963 3581 265 79 1793
2129 3581 199 79 au
2228 3581 199 79 26
2328 3581 364 79 octobre
2559 3581 265 79 1795).

800 3676 146 59 1°
873 3676 146 59 P.
945 3676 146 59 S.
1018 3676 170 59 par
1115 3676 243 59 COLLOT
1285 3676 340 59 D’HERBOIS,
1552 3676 267 59 CARNOT,
1746 3676 146 59 R.
1819 3676 267 59 LINDET,
2013 3676 267 59 BARÈRE,
2207 3676 267 59 BILLAUD
2401 3676 267 59 VARENNE
2595 3676 146 59 et
2668 3676 146 59 C.
2741 3676 146 59 A.
2790 3676 218 59 PRIEUR;

751 3729 213 58 Paris,
900 3729 107 58 2
943 3729 235 58 floréal
1114 3729 128 58 an
1178 3729 128 58 II
1242 3729 149 58 (21
1327 3729 192 58 avril
1455 3729 213 58 1794),
1604 3729 107 58 5
1647 3729 128 58 p.
1711 3729 149 58 1/2
1797 3729 256 58 in-fol.,
1989 3729 256 58 vignette
2181 3729 128 58 et
2245 3729 171 58 tête
2330 3729 235 58 imprimée.
