3637 4663
707 599 475 58 14
944 599 712 58 CHEFS
1419 599 475 58 DE
1656 599 1266 58 GOUVERNEMENT
2605 599 396 58 S.1

793 886 114 41 Le
850 886 190 41 Comité
983 886 114 41 de
1040 886 171 41 Salut
1155 886 190 41 public
1288 886 209 41 ordonne
1440 886 133 41 que
1516 886 133 41 les
1592 886 305 41 départements
1840 886 114 41 de
1897 886 362 41 Seine-et-Marne,
2202 886 114 41 de
2259 886 209 41 l’Oise,
2411 886 114 41 de
2468 886 190 41 l’Eure
2601 886 114 41 et
2658 886 114 41 de
2715 886 114 41 la
2754 886 247 41 Seine-

756 928 191 42 rieure
890 928 267 42 fourniront
1100 928 153 42 sept
1195 928 153 42 cent
1291 928 248 42 cinquante
1482 928 229 42 voitures
1654 928 153 42 pour
1749 928 210 42 assurer
1902 928 134 42 les
1979 928 191 42 moyens
2112 928 115 42 de
2170 928 248 42 transport
2361 928 115 42 de
2418 928 210 42 l’armée
2571 928 115 42 du
2609 928 134 42 Nord.

792 2561 143 52 2°
864 2561 143 52 L.
935 2561 143 52 S.
1006 2561 166 52 par
1101 2561 357 52 CAMBACÉRÈS,
1387 2561 238 52 MERLIN
1553 2561 143 52 DE
1624 2561 238 52 DOUAI,
1791 2561 238 52 DAUNOU
1957 2561 143 52 et
2028 2561 238 52 GAMON,
2195 2561 143 52 au
2266 2561 261 52 citoyen
2456 2561 238 52 Pille;
2623 2561 238 52 Paris,
2789 2561 143 52 16
2837 2561 166 52 fruc-

744 2617 199 49 tidor
877 2617 133 49 an
943 2617 155 49 III
1032 2617 133 49 (2
1098 2617 288 49 septembre
1319 2617 221 49 1795),
1474 2617 111 49 1
1519 2617 133 49 p.
1585 2617 266 49 in-fol.,
1784 2617 266 49 vignette
1984 2617 133 49 et
2050 2617 177 49 tête
2138 2617 244 49 imprimée.

784 2693 141 40 Ils
865 2693 121 40 le
925 2693 303 40 préviennent
1168 2693 141 40 que
1248 2693 121 40 le
1309 2693 222 40 général
1471 2693 242 40 Bonnaud,
1652 2693 141 40 qui
1733 2693 242 40 commande
1915 2693 101 40 à
1956 2693 222 40 Angers,
2117 2693 222 40 demande
2279 2693 182 40 qu’il
2400 2693 162 40 soit
2501 2693 162 40 pris
2602 2693 141 40 des
2683 2693 222 40 mesures
2824 2693 182 40 sévères

750 2737 145 39 pour
841 2737 236 39 maintenir
1023 2737 109 39 la
1077 2737 255 39 discipline
1277 2737 109 39 et
1332 2737 109 39 se
1386 2737 182 39 plaint
1514 2737 164 39 qu’il
1623 2737 91 39 y
1659 2737 91 39 a
1696 2737 145 39 dans
1786 2737 127 39 les
1859 2737 200 39 prisons
2005 2737 236 39 plusieurs
2187 2737 255 39 militaires
2387 2737 109 39 et
2441 2737 200 39 chouans
2587 2737 127 39 qui
2659 2737 109 39 ne
2714 2737 145 39 sont
2805 2737 127 39 pas
2860 2737 145 39 encore

749 2775 190 41 jugés.
882 2775 95 41 —
920 2775 133 41 (Le
995 2775 209 41 général
1147 2775 227 41 Bonnaud,
1318 2775 114 41 un
1375 2775 133 41 des
1450 2775 171 41 héros
1564 2775 114 41 de
1621 2775 209 41 l’armée
1773 2775 114 41 de
1830 2775 379 41 Sambre-et-Meuse,
2152 2775 190 41 périt,
2285 2775 209 41 l’année
2436 2775 246 41 suivante,
2626 2775 114 41 en
2683 2775 171 41 1796,
2796 2775 209 41 pendant
2929 2775 76 41 la

749 2819 195 35 célèbre
891 2819 213 35 retraite
1051 2819 107 35 de
1087 2819 195 35 Jourdan.)

734 2918 270 74 ★27★
903 2918 472 74 DIRECTOIRE
1274 2918 405 74 EXÉCUTIF
1577 2918 202 74 (1
1679 2918 405 74 novembre
1982 2918 270 74 1795
2151 2918 202 74 au
2252 2918 169 74 9
2319 2918 405 74 novembre
2589 2918 270 74 1799.)

793 3025 163 49 1°
874 3025 163 49 L.
956 3025 163 49 S.
1037 3025 190 49 par
1146 3025 299 49 CARNOT,
1363 3025 299 49 REUBELL
1580 3025 163 49 et
1635 3025 217 49 REVEL-

742 3080 465 50 LIÈRE-LÉPEAUX,
1130 3080 181 50 aux
1233 3080 413 50 commissaires
1569 3080 155 50 du
1621 3080 233 50 gouver-

740 3134 258 51 nement
921 3134 284 51 chargés
1128 3134 155 51 de
1205 3134 362 51 recueillir
1489 3134 181 51 les
1593 3134 258 51 objets
1748 3134 103 51 de

741 3191 283 49 sciences
954 3191 142 49 et
1024 3191 236 49 d’arts
1190 3191 142 49 en
1260 3191 259 49 Italie,
1449 3191 118 49 à
1496 3191 259 49 Modène;
1661 3191 189 49 Paris,

742 3246 145 51 25
814 3246 290 51 brumaire
1032 3246 145 51 an
1104 3246 121 51 V
1152 3246 169 51 (15
1249 3246 290 51 novembre
1467 3246 242 51 1796),
1636 3246 121 51 1
1684 3246 145 51 p.
1732 3246 121 51 1/4

744 3299 201 53 in-4,
878 3299 179 53 tête
967 3299 246 53 imprimée.

781 3378 134 40 Ils
857 3378 248 40 expriment
1048 3378 153 40 leur
1144 3378 305 40 satisfaction
1392 3378 115 40 de
1449 3378 115 40 ce
1506 3378 134 40 que
1583 3378 115 40 le
1640 3378 210 40 général
1774 3378 76 40 de

746 3419 213 42 l’armée
901 3419 233 42 d’Italie
1075 3419 291 42 (Bonaparte)
1308 3419 136 42 ait
1385 3419 194 42 pourvu
1521 3419 349 42 convenablement
1792 3419 58 42 à

747 3462 152 41 tous
842 3462 133 41 les
918 3462 209 41 besoins
1070 3462 304 41 particuliers
1318 3462 133 41 que
1394 3462 133 41 les
1470 3462 304 41 commissaires
1717 3462 133 41 ont
1774 3462 76 41 pu

748 3502 233 36 éprouver
922 3502 194 36 durant
1058 3502 116 36 le
1116 3502 175 36 cours
1232 3502 116 36 de
1291 3502 155 36 leur
1368 3502 194 36 mission.

781 3573 252 44 (Carnot,
970 3573 231 44 Reubell
1138 3573 126 44 et
1201 3573 462 44 Revellière-Lépeaux
1599 3573 231 44 avaient
1746 3573 105 44 été

746 3616 230 43 nommés
907 3616 138 43 le
976 3616 115 43 1
1022 3616 276 43 novembre
1229 3616 184 43 1795
1343 3616 138 43 en
1412 3616 184 43 même
1527 3616 207 43 temps
1665 3616 161 43 que
1734 3616 115 43 Le-

749 3657 228 41 tourneur
920 3657 114 41 et
977 3657 209 41 Barras.
1129 3657 190 41 Carnot
1262 3657 133 41 fut
1338 3657 228 41 proscrit
1509 3657 171 41 après
1623 3657 114 41 le
1680 3657 114 41 18
1718 3657 133 41 fruc-

748 3696 194 45 tidor;
883 3696 213 45 Reubell
1038 3696 136 45 fut
1116 3696 233 45 remplacé
1290 3696 136 45 par
1368 3696 194 45 Sieyès
1503 3696 116 45 le
1561 3696 116 45 16
1620 3696 136 45 mai
1697 3696 155 45 1798
1775 3696 78 45 et

751 3740 428 40 Revellière-Lépeaux,
1123 3740 112 40 le
1179 3740 112 40 18
1235 3740 149 40 juin
1328 3740 167 40 1799,
1439 3740 130 40 par
1495 3740 279 40 Roger
