5727.55905511811 7343.307086614173
1113.3858267716535 943.3070866141733 748.0314960629921 91.33858267716535 14
1486.6141732283465 943.3070866141733 1121.259842519685 91.33858267716535 CHEFS
2234.6456692913384 943.3070866141733 748.0314960629921 91.33858267716535 DE
2607.8740157480315 943.3070866141733 1993.7007874015749 91.33858267716535 GOUVERNEMENT
4102.36220472441 943.3070866141733 623.6220472440945 91.33858267716535 S.1

1248.8188976377953 1395.275590551181 179.5275590551181 64.56692913385827 Le
1338.5826771653544 1395.275590551181 299.21259842519686 64.56692913385827 Comité
1548.0314960629921 1395.275590551181 179.5275590551181 64.56692913385827 de
1637.7952755905512 1395.275590551181 269.29133858267716 64.56692913385827 Salut
1818.8976377952756 1395.275590551181 299.21259842519686 64.56692913385827 public
2028.3464566929133 1395.275590551181 329.13385826771656 64.56692913385827 ordonne
2267.716535433071 1395.275590551181 209.4488188976378 64.56692913385827 que
2387.4015748031497 1395.275590551181 209.4488188976378 64.56692913385827 les
2507.0866141732286 1395.275590551181 480.31496062992125 64.56692913385827 départements
2897.6377952755906 1395.275590551181 179.5275590551181 64.56692913385827 de
2987.4015748031497 1395.275590551181 570.0787401574803 64.56692913385827 Seine-et-Marne,
3467.716535433071 1395.275590551181 179.5275590551181 64.56692913385827 de
3557.48031496063 1395.275590551181 329.13385826771656 64.56692913385827 l’Oise,
3796.850393700787 1395.275590551181 179.5275590551181 64.56692913385827 de
3886.6141732283463 1395.275590551181 299.21259842519686 64.56692913385827 l’Eure
4096.062992125984 1395.275590551181 179.5275590551181 64.56692913385827 et
4185.826771653543 1395.275590551181 179.5275590551181 64.56692913385827 de
4275.5905511811025 1395.275590551181 179.5275590551181 64.56692913385827 la
4337.007874015748 1395.275590551181 388.9763779527559 64.56692913385827 Seine-

1190.5511811023623 1461.4173228346456 300.78740157480314 66.14173228346456 rieure
1401.5748031496064 1461.4173228346456 420.4724409448819 66.14173228346456 fourniront
1732.283464566929 1461.4173228346456 240.9448818897638 66.14173228346456 sept
1881.8897637795276 1461.4173228346456 240.9448818897638 66.14173228346456 cent
2033.0708661417323 1461.4173228346456 390.5511811023622 66.14173228346456 cinquante
2333.8582677165355 1461.4173228346456 360.62992125984255 66.14173228346456 voitures
2604.7244094488187 1461.4173228346456 240.9448818897638 66.14173228346456 pour
2754.3307086614172 1461.4173228346456 330.70866141732284 66.14173228346456 assurer
2995.2755905511813 1461.4173228346456 211.0236220472441 66.14173228346456 les
3116.535433070866 1461.4173228346456 300.78740157480314 66.14173228346456 moyens
3325.984251968504 1461.4173228346456 181.10236220472441 66.14173228346456 de
3417.3228346456694 1461.4173228346456 390.5511811023622 66.14173228346456 transport
3718.1102362204724 1461.4173228346456 181.10236220472441 66.14173228346456 de
3807.8740157480315 1461.4173228346456 330.70866141732284 66.14173228346456 l’armée
4048.818897637795 1461.4173228346456 181.10236220472441 66.14173228346456 du
4108.6614173228345 1461.4173228346456 211.0236220472441 66.14173228346456 Nord.

1247.244094488189 4033.0708661417325 225.1968503937008 81.88976377952756 2°
1360.6299212598426 4033.0708661417325 225.1968503937008 81.88976377952756 L.
1472.4409448818897 4033.0708661417325 225.1968503937008 81.88976377952756 S.
1584.251968503937 4033.0708661417325 261.4173228346457 81.88976377952756 par
1733.8582677165355 4033.0708661417325 562.2047244094488 81.88976377952756 CAMBACÉRÈS,
2184.251968503937 4033.0708661417325 374.8031496062992 81.88976377952756 MERLIN
2445.6692913385828 4033.0708661417325 225.1968503937008 81.88976377952756 DE
2557.48031496063 4033.0708661417325 374.8031496062992 81.88976377952756 DOUAI,
2820.472440944882 4033.0708661417325 374.8031496062992 81.88976377952756 DAUNOU
3081.8897637795276 4033.0708661417325 225.1968503937008 81.88976377952756 et
3193.700787401575 4033.0708661417325 374.8031496062992 81.88976377952756 GAMON,
3456.6929133858266 4033.0708661417325 225.1968503937008 81.88976377952756 au
3568.503937007874 4033.0708661417325 411.0236220472441 81.88976377952756 citoyen
3867.716535433071 4033.0708661417325 374.8031496062992 81.88976377952756 Pille;
4130.708661417323 4033.0708661417325 374.8031496062992 81.88976377952756 Paris,
4392.1259842519685 4033.0708661417325 225.1968503937008 81.88976377952756 16
4467.716535433071 4033.0708661417325 261.4173228346457 81.88976377952756 fruc-

1171.6535433070867 4121.259842519685 313.38582677165357 77.16535433070867 tidor
1381.1023622047244 4121.259842519685 209.4488188976378 77.16535433070867 an
1485.0393700787401 4121.259842519685 244.09448818897638 77.16535433070867 III
1625.1968503937007 4121.259842519685 209.4488188976378 77.16535433070867 (2
1729.1338582677165 4121.259842519685 453.54330708661416 77.16535433070867 septembre
2077.165354330709 4121.259842519685 348.0314960629921 77.16535433070867 1795),
2321.259842519685 4121.259842519685 174.8031496062992 77.16535433070867 1
2392.1259842519685 4121.259842519685 209.4488188976378 77.16535433070867 p.
2496.0629921259842 4121.259842519685 418.8976377952756 77.16535433070867 in-fol.,
2809.448818897638 4121.259842519685 418.8976377952756 77.16535433070867 vignette
3124.4094488188975 4121.259842519685 209.4488188976378 77.16535433070867 et
3228.3464566929133 4121.259842519685 278.74015748031496 77.16535433070867 tête
3366.9291338582675 4121.259842519685 384.251968503937 77.16535433070867 imprimée.

1234.6456692913387 4240.944881889764 222.04724409448818 62.99212598425197 Ils
1362.2047244094488 4240.944881889764 190.5511811023622 62.99212598425197 le
1456.6929133858268 4240.944881889764 477.1653543307087 62.99212598425197 préviennent
1839.3700787401574 4240.944881889764 222.04724409448818 62.99212598425197 que
1965.3543307086613 4240.944881889764 190.5511811023622 62.99212598425197 le
2061.417322834646 4240.944881889764 349.6062992125984 62.99212598425197 général
2316.535433070866 4240.944881889764 381.1023622047244 62.99212598425197 Bonnaud,
2601.5748031496064 4240.944881889764 222.04724409448818 62.99212598425197 qui
2729.1338582677167 4240.944881889764 381.1023622047244 62.99212598425197 commande
3015.748031496063 4240.944881889764 159.0551181102362 62.99212598425197 à
3080.314960629921 4240.944881889764 349.6062992125984 62.99212598425197 Angers,
3333.8582677165355 4240.944881889764 349.6062992125984 62.99212598425197 demande
3588.9763779527557 4240.944881889764 286.61417322834643 62.99212598425197 qu’il
3779.527559055118 4240.944881889764 255.11811023622047 62.99212598425197 soit
3938.582677165354 4240.944881889764 255.11811023622047 62.99212598425197 pris
4097.63779527559 4240.944881889764 222.04724409448818 62.99212598425197 des
4225.1968503937005 4240.944881889764 349.6062992125984 62.99212598425197 mesures
4447.244094488189 4240.944881889764 286.61417322834643 62.99212598425197 sévères

1181.1023622047244 4310.236220472441 228.3464566929134 61.41732283464567 pour
1324.4094488188975 4310.236220472441 371.65354330708664 61.41732283464567 maintenir
1611.023622047244 4310.236220472441 171.6535433070866 61.41732283464567 la
1696.0629921259842 4310.236220472441 401.5748031496063 61.41732283464567 discipline
2011.023622047244 4310.236220472441 171.6535433070866 61.41732283464567 et
2097.6377952755906 4310.236220472441 171.6535433070866 61.41732283464567 se
2182.6771653543306 4310.236220472441 286.61417322834643 61.41732283464567 plaint
2384.251968503937 4310.236220472441 258.26771653543307 61.41732283464567 qu’il
2555.9055118110236 4310.236220472441 143.30708661417322 61.41732283464567 y
2612.5984251968503 4310.236220472441 143.30708661417322 61.41732283464567 a
2670.8661417322833 4310.236220472441 228.3464566929134 61.41732283464567 dans
2812.5984251968503 4310.236220472441 200.0 61.41732283464567 les
2927.5590551181103 4310.236220472441 314.96062992125985 61.41732283464567 prisons
3157.48031496063 4310.236220472441 371.65354330708664 61.41732283464567 plusieurs
3444.0944881889764 4310.236220472441 401.5748031496063 61.41732283464567 militaires
3759.0551181102364 4310.236220472441 171.6535433070866 61.41732283464567 et
3844.0944881889764 4310.236220472441 314.96062992125985 61.41732283464567 chouans
4074.015748031496 4310.236220472441 200.0 61.41732283464567 qui
4187.40157480315 4310.236220472441 171.6535433070866 61.41732283464567 ne
4274.0157480314965 4310.236220472441 228.3464566929134 61.41732283464567 sont
4417.322834645669 4310.236220472441 200.0 61.41732283464567 pas
4503.937007874016 4310.236220472441 228.3464566929134 61.41732283464567 encore

1179.5275590551182 4370.078740157481 299.21259842519686 64.56692913385827 jugés.
1388.976377952756 4370.078740157481 149.60629921259843 64.56692913385827 —
1448.8188976377953 4370.078740157481 209.4488188976378 64.56692913385827 (Le
1566.9291338582677 4370.078740157481 329.13385826771656 64.56692913385827 général
1806.2992125984251 4370.078740157481 357.4803149606299 64.56692913385827 Bonnaud,
2075.5905511811025 4370.078740157481 179.5275590551181 64.56692913385827 un
2165.3543307086616 4370.078740157481 209.4488188976378 64.56692913385827 des
2283.464566929134 4370.078740157481 269.29133858267716 64.56692913385827 héros
2462.9921259842517 4370.078740157481 179.5275590551181 64.56692913385827 de
2552.755905511811 4370.078740157481 329.13385826771656 64.56692913385827 l’armée
2792.1259842519685 4370.078740157481 179.5275590551181 64.56692913385827 de
2881.8897637795276 4370.078740157481 596.8503937007874 64.56692913385827 Sambre-et-Meuse,
3388.9763779527557 4370.078740157481 299.21259842519686 64.56692913385827 périt,
3598.4251968503936 4370.078740157481 329.13385826771656 64.56692913385827 l’année
3836.220472440945 4370.078740157481 387.40157480314963 64.56692913385827 suivante,
4135.433070866142 4370.078740157481 179.5275590551181 64.56692913385827 en
4225.1968503937005 4370.078740157481 269.29133858267716 64.56692913385827 1796,
4403.149606299213 4370.078740157481 329.13385826771656 64.56692913385827 pendant
4612.59842519685 4370.078740157481 119.68503937007874 64.56692913385827 la

1179.5275590551182 4439.370078740158 307.0866141732283 55.118110236220474 célèbre
1403.1496062992126 4439.370078740158 335.43307086614175 55.118110236220474 retraite
1655.1181102362204 4439.370078740158 168.50393700787401 55.118110236220474 de
1711.8110236220473 4439.370078740158 307.0866141732283 55.118110236220474 Jourdan.)

1155.9055118110236 4595.275590551181 425.1968503937008 116.53543307086615 ★27★
1422.0472440944882 4595.275590551181 743.3070866141733 116.53543307086615 DIRECTOIRE
2006.2992125984251 4595.275590551181 637.7952755905512 116.53543307086615 EXÉCUTIF
2483.464566929134 4595.275590551181 318.1102362204724 116.53543307086615 (1
2644.0944881889764 4595.275590551181 637.7952755905512 116.53543307086615 novembre
3121.259842519685 4595.275590551181 425.1968503937008 116.53543307086615 1795
3387.4015748031497 4595.275590551181 318.1102362204724 116.53543307086615 au
3546.4566929133857 4595.275590551181 266.1417322834646 116.53543307086615 9
3651.968503937008 4595.275590551181 637.7952755905512 116.53543307086615 novembre
4077.165354330709 4595.275590551181 425.1968503937008 116.53543307086615 1799.)

1248.8188976377953 4763.779527559055 256.6929133858268 77.16535433070867 1°
1376.3779527559054 4763.779527559055 256.6929133858268 77.16535433070867 L.
1505.5118110236222 4763.779527559055 256.6929133858268 77.16535433070867 S.
1633.0708661417323 4763.779527559055 299.21259842519686 77.16535433070867 par
1804.724409448819 4763.779527559055 470.86614173228344 77.16535433070867 CARNOT,
2146.4566929133857 4763.779527559055 470.86614173228344 77.16535433070867 REUBELL
2488.1889763779527 4763.779527559055 256.6929133858268 77.16535433070867 et
2574.803149606299 4763.779527559055 341.73228346456693 77.16535433070867 REVEL-

1168.5039370078741 4850.393700787402 732.2834645669292 78.74015748031496 LIÈRE-LÉPEAUX,
1779.5275590551182 4850.393700787402 285.03937007874015 78.74015748031496 aux
1941.732283464567 4850.393700787402 650.3937007874016 78.74015748031496 commissaires
2470.8661417322833 4850.393700787402 244.09448818897638 78.74015748031496 du
2552.755905511811 4850.393700787402 366.92913385826773 78.74015748031496 gouver-

1165.3543307086613 4935.433070866142 406.2992125984252 80.31496062992126 nement
1450.3937007874015 4935.433070866142 447.244094488189 80.31496062992126 chargés
1776.3779527559054 4935.433070866142 244.09448818897638 80.31496062992126 de
1897.6377952755906 4935.433070866142 570.0787401574803 80.31496062992126 recueillir
2344.8818897637793 4935.433070866142 285.03937007874015 80.31496062992126 les
2508.6614173228345 4935.433070866142 406.2992125984252 80.31496062992126 objets
2752.755905511811 4935.433070866142 162.20472440944883 80.31496062992126 de

1166.9291338582677 5025.1968503937005 445.6692913385827 77.16535433070867 sciences
1502.3622047244094 5025.1968503937005 223.6220472440945 77.16535433070867 et
1612.5984251968505 5025.1968503937005 371.65354330708664 77.16535433070867 d’arts
1874.015748031496 5025.1968503937005 223.6220472440945 77.16535433070867 en
1984.251968503937 5025.1968503937005 407.87401574803147 77.16535433070867 Italie,
2281.8897637795276 5025.1968503937005 185.82677165354332 77.16535433070867 à
2355.9055118110236 5025.1968503937005 407.87401574803147 77.16535433070867 Modène;
2615.748031496063 5025.1968503937005 297.6377952755906 77.16535433070867 Paris,

1168.5039370078741 5111.811023622047 228.3464566929134 80.31496062992126 25
1281.8897637795276 5111.811023622047 456.6929133858268 80.31496062992126 brumaire
1625.1968503937007 5111.811023622047 228.3464566929134 80.31496062992126 an
1738.5826771653544 5111.811023622047 190.5511811023622 80.31496062992126 V
1814.1732283464567 5111.811023622047 266.1417322834646 80.31496062992126 (15
1966.9291338582677 5111.811023622047 456.6929133858268 80.31496062992126 novembre
2310.236220472441 5111.811023622047 381.1023622047244 80.31496062992126 1796),
2576.3779527559054 5111.811023622047 190.5511811023622 80.31496062992126 1
2651.968503937008 5111.811023622047 228.3464566929134 80.31496062992126 p.
2727.5590551181103 5111.811023622047 190.5511811023622 80.31496062992126 1/4

1171.6535433070867 5195.275590551181 316.53543307086613 83.46456692913385 in-4,
1382.6771653543308 5195.275590551181 281.8897637795276 83.46456692913385 tête
1522.8346456692914 5195.275590551181 387.40157480314963 83.46456692913385 imprimée.

1229.9212598425197 5319.685039370079 211.0236220472441 62.99212598425197 Ils
1349.6062992125985 5319.685039370079 390.5511811023622 62.99212598425197 expriment
1650.3937007874015 5319.685039370079 240.9448818897638 62.99212598425197 leur
1801.5748031496064 5319.685039370079 480.31496062992125 62.99212598425197 satisfaction
2192.1259842519685 5319.685039370079 181.10236220472441 62.99212598425197 de
2281.8897637795276 5319.685039370079 181.10236220472441 62.99212598425197 ce
2371.6535433070867 5319.685039370079 211.0236220472441 62.99212598425197 que
2492.9133858267714 5319.685039370079 181.10236220472441 62.99212598425197 le
2582.6771653543306 5319.685039370079 330.70866141732284 62.99212598425197 général
2793.700787401575 5319.685039370079 119.68503937007874 62.99212598425197 de

1174.8031496062993 5384.251968503937 335.43307086614175 66.14173228346456 l’armée
1418.8976377952756 5384.251968503937 366.92913385826773 66.14173228346456 d’Italie
1692.9133858267717 5384.251968503937 458.26771653543307 66.14173228346456 (Bonaparte)
2059.8425196850394 5384.251968503937 214.17322834645668 66.14173228346456 ait
2181.1023622047246 5384.251968503937 305.51181102362204 66.14173228346456 pourvu
2395.2755905511813 5384.251968503937 549.6062992125984 66.14173228346456 convenablement
2822.047244094488 5384.251968503937 91.33858267716535 66.14173228346456 à

1176.3779527559054 5451.968503937008 239.37007874015748 64.56692913385827 tous
1325.984251968504 5451.968503937008 209.4488188976378 64.56692913385827 les
1445.6692913385828 5451.968503937008 329.13385826771656 64.56692913385827 besoins
1685.0393700787401 5451.968503937008 478.74015748031496 64.56692913385827 particuliers
2075.5905511811025 5451.968503937008 209.4488188976378 64.56692913385827 que
2195.2755905511813 5451.968503937008 209.4488188976378 64.56692913385827 les
2314.9606299212596 5451.968503937008 478.74015748031496 64.56692913385827 commissaires
2703.9370078740158 5451.968503937008 209.4488188976378 64.56692913385827 ont
2793.700787401575 5451.968503937008 119.68503937007874 64.56692913385827 pu

1177.9527559055118 5514.96062992126 366.92913385826773 56.69291338582677 éprouver
1451.9685039370079 5514.96062992126 305.51181102362204 56.69291338582677 durant
1666.1417322834645 5514.96062992126 182.6771653543307 56.69291338582677 le
1757.4803149606298 5514.96062992126 275.59055118110234 56.69291338582677 cours
1940.1574803149606 5514.96062992126 182.6771653543307 56.69291338582677 de
2033.0708661417323 5514.96062992126 244.09448818897638 56.69291338582677 leur
2154.3307086614172 5514.96062992126 305.51181102362204 56.69291338582677 mission.

1229.9212598425197 5626.771653543307 396.8503937007874 69.29133858267717 (Carnot,
1527.5590551181103 5626.771653543307 363.7795275590551 69.29133858267717 Reubell
1792.1259842519685 5626.771653543307 198.4251968503937 69.29133858267717 et
1891.3385826771653 5626.771653543307 727.5590551181102 69.29133858267717 Revellière-Lépeaux
2518.1102362204724 5626.771653543307 363.7795275590551 69.29133858267717 avaient
2749.6062992125985 5626.771653543307 165.35433070866142 69.29133858267717 été

1174.8031496062993 5694.488188976378 362.20472440944883 67.71653543307086 nommés
1428.3464566929133 5694.488188976378 217.3228346456693 67.71653543307086 le
1537.007874015748 5694.488188976378 181.10236220472441 67.71653543307086 1
1609.4488188976377 5694.488188976378 434.6456692913386 67.71653543307086 novembre
1935.4330708661416 5694.488188976378 289.76377952755905 67.71653543307086 1795
2114.9606299212596 5694.488188976378 217.3228346456693 67.71653543307086 en
2223.6220472440946 5694.488188976378 289.76377952755905 67.71653543307086 même
2404.7244094488187 5694.488188976378 325.98425196850394 67.71653543307086 temps
2622.047244094488 5694.488188976378 253.54330708661416 67.71653543307086 que
2730.7086614173227 5694.488188976378 181.10236220472441 67.71653543307086 Le-

1179.5275590551182 5759.055118110236 359.0551181102362 64.56692913385827 tourneur
1448.8188976377953 5759.055118110236 179.5275590551181 64.56692913385827 et
1538.5826771653544 5759.055118110236 329.13385826771656 64.56692913385827 Barras.
1777.9527559055118 5759.055118110236 299.21259842519686 64.56692913385827 Carnot
1987.4015748031495 5759.055118110236 209.4488188976378 64.56692913385827 fut
2107.0866141732286 5759.055118110236 359.0551181102362 64.56692913385827 proscrit
2376.3779527559054 5759.055118110236 269.29133858267716 64.56692913385827 après
2555.9055118110236 5759.055118110236 179.5275590551181 64.56692913385827 le
2645.6692913385828 5759.055118110236 179.5275590551181 64.56692913385827 18
2705.511811023622 5759.055118110236 209.4488188976378 64.56692913385827 fruc-

1177.9527559055118 5820.472440944882 305.51181102362204 70.86614173228347 tidor;
1390.5511811023623 5820.472440944882 335.43307086614175 70.86614173228347 Reubell
1634.6456692913387 5820.472440944882 214.17322834645668 70.86614173228347 fut
1757.4803149606298 5820.472440944882 366.92913385826773 70.86614173228347 remplacé
2031.4960629921259 5820.472440944882 214.17322834645668 70.86614173228347 par
2154.3307086614172 5820.472440944882 305.51181102362204 70.86614173228347 Sieyès
2366.9291338582675 5820.472440944882 182.6771653543307 70.86614173228347 le
2458.267716535433 5820.472440944882 182.6771653543307 70.86614173228347 16
2551.181102362205 5820.472440944882 214.17322834645668 70.86614173228347 mai
2672.4409448818897 5820.472440944882 244.09448818897638 70.86614173228347 1798
2795.2755905511813 5820.472440944882 122.83464566929133 70.86614173228347 et

1182.6771653543308 5889.763779527559 674.0157480314961 62.99212598425197 Revellière-Lépeaux,
1768.5039370078741 5889.763779527559 176.3779527559055 62.99212598425197 le
1856.6929133858268 5889.763779527559 176.3779527559055 62.99212598425197 18
1944.8818897637796 5889.763779527559 234.64566929133858 62.99212598425197 juin
2091.3385826771655 5889.763779527559 262.99212598425197 62.99212598425197 1799,
2266.1417322834645 5889.763779527559 204.7244094488189 62.99212598425197 par
2354.3307086614172 5889.763779527559 439.37007874015745 62.99212598425197 Roger
