5962.204724409449 7318.110236220473
886.6141732283464 897.6377952755905 844.0944881889764 110.23622047244095 S.1
1489.763779527559 897.6377952755905 1085.0393700787401 110.23622047244095 CHEFS
2214.1732283464567 897.6377952755905 724.4094488188977 110.23622047244095 DE
2576.3779527559054 897.6377952755905 1929.1338582677165 110.23622047244095 GOUVERNEMENT
4023.6220472440946 897.6377952755905 481.8897637795276 110.23622047244095 15

1051.9685039370079 1370.0787401574803 212.5984251968504 80.31496062992126 2°
1159.0551181102362 1370.0787401574803 212.5984251968504 80.31496062992126 L.
1266.1417322834645 1370.0787401574803 212.5984251968504 80.31496062992126 A.
1371.6535433070867 1370.0787401574803 212.5984251968504 80.31496062992126 S.
1478.740157480315 1370.0787401574803 212.5984251968504 80.31496062992126 de
1584.251968503937 1370.0787401574803 354.3307086614173 80.31496062992126 MERLIN
1833.0708661417323 1370.0787401574803 212.5984251968504 80.31496062992126 DE
1938.5826771653544 1370.0787401574803 319.68503937007875 80.31496062992126 DOUAI
2151.181102362205 1370.0787401574803 283.46456692913387 80.31496062992126 (qui
2329.1338582677167 1370.0787401574803 248.8188976377953 80.31496062992126 fut
2470.8661417322833 1370.0787401574803 461.4173228346457 80.31496062992126 directeur
2825.196850393701 1370.0787401574803 212.5984251968504 80.31496062992126 du
2932.283464566929 1370.0787401574803 212.5984251968504 80.31496062992126 10
3037.7952755905512 1370.0787401574803 461.4173228346457 80.31496062992126 septembre
3393.700787401575 1370.0787401574803 283.46456692913387 80.31496062992126 1797
3570.0787401574803 1370.0787401574803 212.5984251968504 80.31496062992126 au
3677.165354330709 1370.0787401574803 212.5984251968504 80.31496062992126 18
3782.6771653543306 1370.0787401574803 283.46456692913387 80.31496062992126 juin
3960.6299212598424 1370.0787401574803 354.3307086614173 80.31496062992126 1799),
4207.8740157480315 1370.0787401574803 177.95275590551182 80.31496062992126 à
4244.094488188976 1370.0787401574803 283.46456692913387 80.31496062992126 Milet-

981.1023622047244 1450.3937007874015 387.40157480314963 96.06299212598425 Mureau;
1261.4173228346456 1450.3937007874015 351.18110236220474 96.06299212598425 Paris,
1507.0866141732283 1450.3937007874015 211.0236220472441 96.06299212598425 21
1612.5984251968505 1450.3937007874015 422.0472440944882 96.06299212598425 germinal
1929.1338582677165 1450.3937007874015 211.0236220472441 96.06299212598425 an
2034.6456692913387 1450.3937007874015 245.66929133858267 96.06299212598425 VII
2176.3779527559054 1450.3937007874015 245.66929133858267 96.06299212598425 (10
2316.535433070866 1450.3937007874015 316.53543307086613 96.06299212598425 avril
2527.5590551181103 1450.3937007874015 351.18110236220474 96.06299212598425 1799),
2773.228346456693 1450.3937007874015 245.66929133858267 96.06299212598425 3/4
2913.3858267716537 1450.3937007874015 211.0236220472441 96.06299212598425 de
3018.8976377952754 1450.3937007874015 211.0236220472441 96.06299212598425 p.
3089.763779527559 1450.3937007874015 245.66929133858267 96.06299212598425 in

977.9527559055118 1533.8582677165355 428.34645669291336 100.78740157480316 vignette
1299.2125984251968 1533.8582677165355 214.17322834645668 100.78740157480316 et
1406.2992125984251 1533.8582677165355 285.03937007874015 100.78740157480316 tête
1584.251968503937 1533.8582677165355 464.56692913385825 100.78740157480316 imprimée.
1941.732283464567 1533.8582677165355 285.03937007874015 100.78740157480316 Très
2119.685039370079 1533.8582677165355 321.25984251968504 100.78740157480316 jolie
2333.8582677165355 1533.8582677165355 357.4803149606299 100.78740157480316 pièce.
2584.251968503937 1533.8582677165355 177.95275590551182 100.78740157480316 —
2655.1181102362207 1533.8582677165355 214.17322834645668 100.78740157480316 P.
2762.2047244094488 1533.8582677165355 214.17322834645668 100.78740157480316 de
2833.0708661417325 1533.8582677165355 357.4803149606299 100.78740157480316 Déjabin.

1042.5196850393702 1655.1181102362204 171.6535433070866 78.74015748031496 Il
1127.5590551181103 1655.1181102362204 286.61417322834643 78.74015748031496 appuie
1329.1338582677165 1655.1181102362204 201.5748031496063 78.74015748031496 une
1444.0944881889764 1655.1181102362204 316.53543307086613 78.74015748031496 demande
1674.015748031496 1655.1181102362204 258.26771653543307 78.74015748031496 faite
1845.6692913385828 1655.1181102362204 201.5748031496063 78.74015748031496 par
1960.6299212598426 1655.1181102362204 171.6535433070866 78.74015748031496 le
2047.244094488189 1655.1181102362204 258.26771653543307 78.74015748031496 jeune
2220.472440944882 1655.1181102362204 316.53543307086613 78.74015748031496 Lesage,
2450.3937007874015 1655.1181102362204 201.5748031496063 78.74015748031496 qui
2565.3543307086616 1655.1181102362204 201.5748031496063 78.74015748031496 est
2678.740157480315 1655.1181102362204 229.92125984251967 78.74015748031496 très
2823.6220472440946 1655.1181102362204 258.26771653543307 78.74015748031496 brave
2995.2755905511813 1655.1181102362204 171.6535433070866 78.74015748031496 et
3081.8897637795276 1655.1181102362204 201.5748031496063 78.74015748031496 qui
3168.503937007874 1655.1181102362204 171.6535433070866 78.74015748031496 aime

990.5511811023622 1740.1574803149606 162.20472440944883 53.54330708661417 le
1070.8661417322835 1740.1574803149606 270.86614173228344 53.54330708661417 métier
1261.4173228346456 1740.1574803149606 162.20472440944883 53.54330708661417 de
1341.732283464567 1740.1574803149606 162.20472440944883 53.54330708661417 la
1395.275590551181 1740.1574803149606 244.09448818897638 53.54330708661417 guerre.

970.0787401574803 1842.5196850393702 414.1732283464567 105.51181102362204 ★28★
1228.3464566929133 1842.5196850393702 672.4409448818898 105.51181102362204 BONAPARTE
1746.4566929133857 1842.5196850393702 776.3779527559055 105.51181102362204 (Napoléon),
2366.9291338582675 1842.5196850393702 516.5354330708661 105.51181102362204 consul
2729.1338582677167 1842.5196850393702 310.23622047244095 105.51181102362204 de
2883.464566929134 1842.5196850393702 310.23622047244095 105.51181102362204 la
3039.3700787401576 1842.5196850393702 724.4094488188977 105.51181102362204 République
3607.8740157480315 1842.5196850393702 672.4409448818898 105.51181102362204 française
4124.4094488188975 1842.5196850393702 362.20472440944883 105.51181102362204 (10
4280.314960629921 1842.5196850393702 258.26771653543307 105.51181102362204 no-

981.1023622047244 1946.4566929133857 444.09448818897636 110.23622047244095 vembre
1291.3385826771653 1946.4566929133857 444.09448818897636 110.23622047244095 1799),
1603.1496062992126 1946.4566929133857 488.18897637795277 110.23622047244095 premier
1959.0551181102362 1946.4566929133857 444.09448818897636 110.23622047244095 consul
2269.2913385826773 1946.4566929133857 266.1417322834646 110.23622047244095 et
2403.149606299213 1946.4566929133857 444.09448818897636 110.23622047244095 consul
2713.3858267716537 1946.4566929133857 222.04724409448818 110.23622047244095 à
2803.149606299213 1946.4566929133857 311.81102362204723 110.23622047244095 vie
2979.527559055118 1946.4566929133857 311.81102362204723 110.23622047244095 (24
3157.48031496063 1946.4566929133857 533.8582677165355 110.23622047244095 décembre
3557.48031496063 1946.4566929133857 355.90551181102364 110.23622047244095 1799
3779.527559055118 1946.4566929133857 266.1417322834646 110.23622047244095 au
3913.3858267716537 1946.4566929133857 266.1417322834646 110.23622047244095 18
4047.244094488189 1946.4566929133857 311.81102362204723 110.23622047244095 mai
4179.527559055118 1946.4566929133857 355.90551181102364 110.23622047244095 1804).

1062.992125984252 2083.464566929134 215.748031496063 91.33858267716535 L.
1171.6535433070867 2083.464566929134 215.748031496063 91.33858267716535 S.
1278.740157480315 2083.464566929134 215.748031496063 91.33858267716535 au
1385.8267716535433 2083.464566929134 429.9212598425197 91.33858267716535 ministre
1708.6614173228347 2083.464566929134 215.748031496063 91.33858267716535 de
1815.748031496063 2083.464566929134 215.748031496063 91.33858267716535 la
1924.4094488188975 2083.464566929134 359.0551181102362 91.33858267716535 guerre
2174.803149606299 2083.464566929134 538.5826771653543 91.33858267716535 (l’illustre
2604.7244094488187 2083.464566929134 359.0551181102362 91.33858267716535 Lazare
2856.6929133858266 2083.464566929134 393.7007874015748 91.33858267716535 Carnot,
3143.3070866141734 2083.464566929134 250.39370078740157 91.33858267716535 qui
3286.6141732283463 2083.464566929134 322.8346456692913 91.33858267716535 était
3502.3622047244094 2083.464566929134 429.9212598425197 91.33858267716535 ministre
3825.196850393701 2083.464566929134 359.0551181102362 91.33858267716535 depuis
4075.5905511811025 2083.464566929134 286.61417322834643 91.33858267716535 cinq
4218.897637795276 2083.464566929134 322.8346456692913 91.33858267716535 jours);

995.2755905511812 2165.3543307086616 359.0551181102362 99.21259842519684 Paris,
1247.244094488189 2165.3543307086616 215.748031496063 99.21259842519684 17
1354.3307086614172 2165.3543307086616 429.9212598425197 99.21259842519684 germinal
1677.1653543307086 2165.3543307086616 215.748031496063 99.21259842519684 an
1784.251968503937 2165.3543307086616 286.61417322834643 99.21259842519684 VIII
1963.7795275590552 2165.3543307086616 215.748031496063 99.21259842519684 (7
2072.4409448818897 2165.3543307086616 322.8346456692913 99.21259842519684 avril
2286.6141732283463 2165.3543307086616 359.0551181102362 99.21259842519684 1800),
2538.582677165354 2165.3543307086616 250.39370078740157 99.21259842519684 1/2
2681.8897637795276 2165.3543307086616 215.748031496063 99.21259842519684 p.
2754.3307086614172 2165.3543307086616 250.39370078740157 99.21259842519684 in

990.5511811023622 2250.3937007874015 434.6456692913386 99.21259842519684 vignette
1316.5354330708662 2250.3937007874015 217.3228346456693 99.21259842519684 et
1425.1968503937007 2250.3937007874015 289.76377952755905 99.21259842519684 tête
1606.2992125984251 2250.3937007874015 470.86614173228344 99.21259842519684 imprimée.
1968.5039370078741 2250.3937007874015 181.10236220472441 99.21259842519684 —
2040.9448818897638 2250.3937007874015 217.3228346456693 99.21259842519684 P.
2149.6062992125985 2250.3937007874015 217.3228346456693 99.21259842519684 de
2222.047244094488 2250.3937007874015 470.86614173228344 99.21259842519684 Bonneville.

1062.992125984252 2368.503937007874 256.6929133858268 70.86614173228347 Prière
1242.5196850393702 2368.503937007874 359.0551181102362 70.86614173228347 d’ordonner
1524.4094488188975 2368.503937007874 154.33070866141733 70.86614173228347 au
1600.0 2368.503937007874 281.8897637795276 70.86614173228347 citoyen
1804.724409448819 2368.503937007874 436.2204724409449 70.86614173228347 Villesurarce,
2163.779527559055 2368.503937007874 307.0866141732283 70.86614173228347 officier
2395.2755905511813 2368.503937007874 409.4488188976378 70.86614173228347 d’artillerie
2702.3622047244094 2368.503937007874 307.0866141732283 70.86614173228347 cisalpine,

1001.5748031496063 2433.0708661417325 198.4251968503937 83.46456692913385 qui
1114.9606299212599 2433.0708661417325 198.4251968503937 83.46456692913385 est
1228.3464566929133 2433.0708661417325 141.73228346456693 83.46456692913385 à
1285.0393700787401 2433.0708661417325 340.15748031496065 83.46456692913385 Antibes,
1538.5826771653544 2433.0708661417325 170.07874015748033 83.46456692913385 de
1623.6220472440946 2433.0708661417325 255.11811023622047 83.46456692913385 venir
1793.7007874015749 2433.0708661417325 141.73228346456693 83.46456692913385 à
1850.3937007874015 2433.0708661417325 255.11811023622047 83.46456692913385 Paris
2020.4724409448818 2433.0708661417325 226.77165354330708 83.46456692913385 pour
2162.2047244094488 2433.0708661417325 283.46456692913387 83.46456692913385 rendre
2360.6299212598424 2433.0708661417325 283.46456692913387 83.46456692913385 compte
2557.48031496063 2433.0708661417325 170.07874015748033 83.46456692913385 de
2642.51968503937 2433.0708661417325 170.07874015748033 83.46456692913385 la
2699.212598425197 2433.0708661417325 311.81102362204723 83.46456692913385 situation

1004.7244094488188 2508.6614173228345 206.29921259842519 69.29133858267717 dans
1133.8582677165355 2508.6614173228345 310.23622047244095 69.29133858267717 laquelle
1366.9291338582677 2508.6614173228345 181.10236220472441 69.29133858267717 est
1469.291338582677 2508.6614173228345 233.0708661417323 69.29133858267717 cette
1598.4251968503936 2508.6614173228345 337.00787401574803 69.29133858267717 artillerie.

987.4015748031496 2622.047244094488 396.8503937007874 121.25984251968504 ★29★
1234.6456692913387 2622.047244094488 595.2755905511812 121.25984251968504 NAPOLÉON
1680.3149606299212 2622.047244094488 297.6377952755906 121.25984251968504 I,
1828.3464566929133 2622.047244094488 595.2755905511812 121.25984251968504 empereur
2275.5905511811025 2622.047244094488 346.45669291338584 121.25984251968504 des
2472.4409448818897 2622.047244094488 644.0944881889764 121.25984251968504 Français,
2968.503937007874 2622.047244094488 297.6377952755906 121.25984251968504 du
3118.1102362204724 2622.047244094488 297.6377952755906 121.25984251968504 18
3266.1417322834645 2622.047244094488 346.45669291338584 121.25984251968504 mai
3464.566929133858 2622.047244094488 396.8503937007874 121.25984251968504 1804
3711.8110236220473 2622.047244094488 297.6377952755906 121.25984251968504 au
3859.8425196850394 2622.047244094488 297.6377952755906 121.25984251968504 22
4009.448818897638 2622.047244094488 396.8503937007874 121.25984251968504 juin
4207.8740157480315 2622.047244094488 346.45669291338584 121.25984251968504 1815,

996.8503937007874 2732.283464566929 332.2834645669291 103.93700787401575 date
1203.1496062992126 2732.283464566929 248.8188976377953 103.93700787401575 de
1327.5590551181103 2732.283464566929 289.76377952755905 103.93700787401575 son
1492.9133858267717 2732.283464566929 622.0472440944882 103.93700787401575 abdication,
1990.5511811023623 2732.283464566929 248.8188976377953 103.93700787401575 n.
2114.9606299212596 2732.283464566929 207.8740157480315 103.93700787401575 à
2198.4251968503936 2732.283464566929 455.11811023622045 103.93700787401575 Ajaccio
2529.1338582677167 2732.283464566929 497.6377952755906 103.93700787401575 (Corse),
2902.3622047244094 2732.283464566929 248.8188976377953 103.93700787401575 15
3026.771653543307 2732.283464566929 332.2834645669291 103.93700787401575 août
3234.6456692913384 2732.283464566929 373.2283464566929 103.93700787401575 1768,
3483.464566929134 2732.283464566929 248.8188976377953 103.93700787401575 m.
3607.8740157480315 2732.283464566929 579.5275590551181 103.93700787401575 prisonnier
4062.9921259842517 2732.283464566929 289.76377952755905 103.93700787401575 des
4187.40157480315 2732.283464566929 373.2283464566929 103.93700787401575 Anglais

995.2755905511812 2847.244094488189 348.0314960629921 92.91338582677166 dans
1214.1732283464567 2847.244094488189 392.12598425196853 92.91338582677166 l'île
1475.5905511811025 2847.244094488189 261.4173228346457 92.91338582677166 de
1606.2992125984251 2847.244094488189 784.2519685039371 92.91338582677166 Sainte-Hélène,
2259.8425196850394 2847.244094488189 217.3228346456693 92.91338582677166 5
2346.4566929133857 2847.244094488189 305.51181102362204 92.91338582677166 mai
2477.165354330709 2847.244094488189 305.51181102362204 92.91338582677166 1821.

1083.4645669291338 2990.551181102362 217.3228346456693 78.74015748031496 L.
1192.1259842519685 2990.551181102362 217.3228346456693 78.74015748031496 S.
1300.7874015748032 2990.551181102362 217.3228346456693 78.74015748031496 au
1409.4488188976377 2990.551181102362 253.54330708661416 78.74015748031496 roi
1554.3307086614172 2990.551181102362 217.3228346456693 78.74015748031496 de
1662.992125984252 2990.551181102362 289.76377952755905 78.74015748031496 Saxe
1844.0944881889764 2990.551181102362 470.86614173228344 78.74015748031496 (Frédéric
2206.299212598425 2990.551181102362 434.6456692913386 78.74015748031496 Auguste,
2532.283464566929 2990.551181102362 325.98425196850394 78.74015748031496 qu’il
2713.3858267716537 2990.551181102362 253.54330708661416 78.74015748031496 avait

1004.7244094488188 3078.740157480315 308.66141732283467 78.74015748031496 créé
1196.8503937007874 3078.740157480315 269.29133858267716 78.74015748031496 roi
1351.1811023622047 3078.740157480315 231.49606299212599 78.74015748031496 le
1466.1417322834645 3078.740157480315 231.49606299212599 78.74015748031496 11
1581.1023622047244 3078.740157480315 461.4173228346457 78.74015748031496 décembre
1927.5590551181103 3078.740157480315 384.251968503937 78.74015748031496 1806);
2196.850393700787 3078.740157480315 538.5826771653543 78.74015748031496 Compiègne,
2620.472440944882 3078.740157480315 231.49606299212599 78.74015748031496 22
2697.6377952755906 3078.740157480315 269.29133858267716 78.74015748031496 avril

1015.7480314960629 3165.3543307086616 322.8346456692913 80.31496062992126 1810,
1231.4960629921259 3165.3543307086616 250.39370078740157 80.31496062992126 3/4
1374.8031496062993 3165.3543307086616 215.748031496063 80.31496062992126 de
1481.8897637795276 3165.3543307086616 215.748031496063 80.31496062992126 p.
1590.5511811023623 3165.3543307086616 322.8346456692913 80.31496062992126 in-4,
1804.724409448819 3165.3543307086616 395.2755905511811 80.31496062992126 cachets
2091.3385826771655 3165.3543307086616 215.748031496063 80.31496062992126 et
2200.0 3165.3543307086616 359.0551181102362 80.31496062992126 soies.
2450.3937007874015 3165.3543307086616 179.5275590551181 80.31496062992126 —
2486.6141732283463 3165.3543307086616 143.30708661417322 80.31496062992126 P.

1074.015748031496 3286.6141732283463 302.3622047244094 64.56692913385827 Superbe
1292.9133858267717 3286.6141732283463 275.59055118110234 64.56692913385827 lettre
1486.6141732283465 3286.6141732283463 192.1259842519685 64.56692913385827 par
1595.275590551181 3286.6141732283463 330.70866141732284 64.56692913385827 laquelle
1844.0944881889764 3286.6141732283463 165.35433070866142 64.56692913385827 il
1925.984251968504 3286.6141732283463 165.35433070866142 64.56692913385827 le
2009.4488188976377 3286.6141732283463 330.70866141732284 64.56692913385827 remercie
2256.6929133858266 3286.6141732283463 192.1259842519685 64.56692913385827 des
2366.9291338582675 3286.6141732283463 412.59842519685037 64.56692913385827 compliments
2696.0629921259842 3286.6141732283463 247.24409448818898 64.56692913385827 qu’il
2834.6456692913384 3286.6141732283463 137.00787401574803 64.56692913385827 lui

1018.8976377952756 3351.181102362205 146.45669291338584 61.41732283464567 a
1077.1653543307086 3351.181102362205 349.6062992125984 61.41732283464567 adressés
1338.5826771653544 3351.181102362205 146.45669291338584 61.41732283464567 à
1396.8503937007874 3351.181102362205 407.87401574803147 61.41732283464567 l’occasion
1718.1102362204724 3351.181102362205 174.8031496062992 61.41732283464567 de
1804.724409448819 3351.181102362205 204.7244094488189 61.41732283464567 son
1921.259842519685 3351.181102362205 321.25984251968504 61.41732283464567 mariage
2154.3307086614172 3351.181102362205 233.0708661417323 61.41732283464567 avec
2300.787401574803 3351.181102362205 554.3307086614174 61.41732283464567 l’archiduchesse
2737.0078740157483 3351.181102362205 233.0708661417323 61.41732283464567 Marie-

1020.4724409448819 3423.6220472440946 264.56692913385825 59.84251968503937 Louise
1206.2992125984251 3423.6220472440946 316.53543307086613 59.84251968503937 (célébré
1444.0944881889764 3423.6220472440946 159.0551181102362 59.84251968503937 le
1522.8346456692914 3423.6220472440946 132.28346456692913 59.84251968503937 1
1549.6062992125985 3423.6220472440946 237.79527559055117 59.84251968503937 avril).

1000.0 3525.984251968504 414.1732283464567 108.66141732283465 ★30★
1259.8425196850394 3525.984251968504 622.0472440944882 108.66141732283465 NAPOLÉON
1725.984251968504 3525.984251968504 310.23622047244095 108.66141732283465 I,
1880.3149606299212 3525.984251968504 622.0472440944882 108.66141732283465 empereur
2346.4566929133857 3525.984251968504 362.20472440944883 108.66141732283465 des
2502.3622047244094 3525.984251968504 570.0787401574803 108.66141732283465 Français.

1097.6377952755906 3669.2913385826773 222.04724409448818 91.33858267716535 L.
1207.8740157480315 3669.2913385826773 222.04724409448818 91.33858267716535 S.
1318.1102362204724 3669.2913385826773 296.06299212598424 91.33858267716535 NP.,
1503.9370078740158 3669.2913385826773 296.06299212598424 91.33858267716535 avec
1688.1889763779527 3669.2913385826773 258.26771653543307 91.33858267716535 des
1836.2204724409448 3669.2913385826773 554.3307086614174 91.33858267716535 corrections
2280.314960629921 3669.2913385826773 592.1259842519685 91.33858267716535 autographes,
2762.2047244094488 3669.2913385826773 184.251968503937 91.33858267716535 à
2836.220472440945 3669.2913385826773 258.26771653543307 91.33858267716535 son
2984.251968503937 3669.2913385826773 518.1102362204724 91.33858267716535 beau-frère
3390.551181102362 3669.2913385826773 444.09448818897636 91.33858267716535 (Joachim
3724.4094488188975 3669.2913385826773 370.0787401574803 91.33858267716535 Murat,
3982.6771653543306 3669.2913385826773 258.26771653543307 91.33858267716535 roi
4130.708661417323 3669.2913385826773 222.04724409448818 91.33858267716535 de
4204.724409448819 3669.2913385826773 370.0787401574803 91.33858267716535 Naples);

1018.8976377952756 3751.181102362205 325.98425196850394 86.61417322834646 Düben
1236.2204724409448 3751.181102362205 325.98425196850394 86.61417322834646 (près
1453.5433070866143 3751.181102362205 217.3228346456693 86.61417322834646 de
1562.2047244094488 3751.181102362205 470.86614173228344 86.61417322834646 Leipzig),
1925.984251968504 3751.181102362205 217.3228346456693 86.61417322834646 13
2034.6456692913387 3751.181102362205 398.4251968503937 86.61417322834646 octobre
2324.4094488188975 3751.181102362205 325.98425196850394 86.61417322834646 1813,
2541.732283464567 3751.181102362205 253.54330708661416 86.61417322834646 dix
2686.6141732283463 3751.181102362205 362.20472440944883 86.61417322834646 heures
2941.732283464567 3751.181102362205 217.3228346456693 86.61417322834646 du
3050.3937007874015 3751.181102362205 362.20472440944883 86.61417322834646 matin,
3303.9370078740158 3751.181102362205 181.10236220472441 86.61417322834646 3
3376.3779527559054 3751.181102362205 217.3228346456693 86.61417322834646 p.
3485.0393700787404 3751.181102362205 253.54330708661416 86.61417322834646 1/4
3629.9212598425197 3751.181102362205 325.98425196850394 86.61417322834646 in-4.
3847.244094488189 3751.181102362205 398.4251968503937 86.61417322834646 Superbe
4138.582677165355 3751.181102362205 362.20472440944883 86.61417322834646 pièce.
4392.1259842519685 3751.181102362205 181.10236220472441 86.61417322834646 —
4428.346456692913 3751.181102362205 144.88188976377953 86.61417322834646 P.

1081.8897637795276 3870.8661417322833 266.1417322834646 67.71653543307086 Pièce
1259.8425196850394 3870.8661417322833 414.1732283464567 67.71653543307086 historique
1585.8267716535433 3870.8661417322833 207.8740157480315 67.71653543307086 sur
1703.9370078740158 3870.8661417322833 207.8740157480315 67.71653543307086 les
1822.0472440944882 3870.8661417322833 503.93700787401576 67.71653543307086 préliminaires
2237.7952755905512 3870.8661417322833 177.95275590551182 67.71653543307086 de
2325.984251968504 3870.8661417322833 177.95275590551182 67.71653543307086 la
2415.748031496063 3870.8661417322833 355.90551181102364 67.71653543307086 bataille
2681.8897637795276 3870.8661417322833 177.95275590551182 67.71653543307086 de
2770.0787401574803 3870.8661417322833 355.90551181102364 67.71653543307086 Leipzig.
3037.7952755905512 3870.8661417322833 474.01574803149606 67.71653543307086 Instructions
3422.047244094488 3870.8661417322833 236.2204724409449 67.71653543307086 pour
3570.0787401574803 3870.8661417322833 177.95275590551182 67.71653543307086 la
3659.8425196850394 3870.8661417322833 444.09448818897636 67.71653543307086 disposition
4015.748031496063 3870.8661417322833 177.95275590551182 67.71653543307086 du
4103.937007874016 3870.8661417322833 266.1417322834646 67.71653543307086 corps
4281.889763779527 3870.8661417322833 177.95275590551182 67.71653543307086 du
4370.078740157481 3870.8661417322833 207.8740157480315 67.71653543307086 duc
4459.842519685039 3870.8661417322833 118.11023622047244 67.71653543307086 de

1028.3464566929133 3935.433070866142 319.68503937007875 75.59055118110236 Raguse,
1259.8425196850394 3935.433070866142 261.4173228346457 75.59055118110236 qu’il
1434.6456692913387 3935.433070866142 233.0708661417323 75.59055118110236 faut
1581.1023622047244 3935.433070866142 291.33858267716533 75.59055118110236 placer
1784.251968503937 3935.433070866142 144.88188976377953 75.59055118110236 à
1842.5196850393702 3935.433070866142 466.1417322834646 75.59055118110236 Breitenfeld,
2222.047244094488 3935.433070866142 349.6062992125984 75.59055118110236 appuyant
2483.464566929134 3935.433070866142 174.8031496062992 75.59055118110236 sa
2570.0787401574803 3935.433070866142 291.33858267716533 75.59055118110236 gauche
2774.803149606299 3935.433070866142 144.88188976377953 75.59055118110236 à
2833.0708661417325 3935.433070866142 349.6062992125984 75.59055118110236 l’Elster
3094.488188976378 3935.433070866142 174.8031496062992 75.59055118110236 et
3182.6771653543306 3935.433070866142 174.8031496062992 75.59055118110236 sa
3269.2913385826773 3935.433070866142 291.33858267716533 75.59055118110236 droite
3472.4409448818897 3935.433070866142 144.88188976377953 75.59055118110236 à
3530.7086614173227 3935.433070866142 174.8031496062992 75.59055118110236 la
3618.8976377952754 3935.433070866142 319.68503937007875 75.59055118110236 Partha.
3851.968503937008 3935.433070866142 524.4094488188977 75.59055118110236 Recommandation
4288.188976377953 3935.433070866142 174.8031496062992 75.59055118110236 de
4376.377952755905 3935.433070866142 174.8031496062992 75.59055118110236 ne
4434.645669291339 3935.433070866142 144.88188976377953 75.59055118110236 pas

1026.7716535433071 4000.0 379.5275590551181 67.71653543307086 affaiblir
1319.6850393700788 4000.0 174.8031496062992 67.71653543307086 sa
1406.2992125984251 4000.0 291.33858267716533 67.71653543307086 ligne:
1611.023622047244 4000.0 291.33858267716533 67.71653543307086 «C’est
1814.1732283464567 4000.0 174.8031496062992 67.71653543307086 ce
1902.3622047244094 4000.0 379.5275590551181 67.71653543307086 mouvement
2193.700787401575 4000.0 204.7244094488189 67.71653543307086 qui
2310.236220472441 4000.0 233.0708661417323 67.71653543307086 fait
2455.1181102362207 4000.0 291.33858267716533 67.71653543307086 perdre
2659.8425196850394 4000.0 291.33858267716533 67.71653543307086 toutes
2862.9921259842517 4000.0 204.7244094488189 67.71653543307086 les
2979.527559055118 4000.0 407.87401574803147 67.71653543307086 batailles,
3300.787401574803 4000.0 204.7244094488189 67.71653543307086 car
3417.3228346456694 4000.0 262.99212598425197 67.71653543307086 elles
3592.1259842519685 4000.0 174.8031496062992 67.71653543307086 ne
3678.740157480315 4000.0 174.8031496062992 67.71653543307086 se
3766.9291338582675 4000.0 321.25984251968504 67.71653543307086 gagnent
4000.0 4000.0 262.99212598425197 67.71653543307086 qu’en
4174.8031496062995 4000.0 407.87401574803147 67.71653543307086 renforçant
4466.141732283465 4000.0 116.53543307086615 67.71653543307086 la

1028.3464566929133 4062.9921259842517 256.6929133858268 78.74015748031496 ligne
1198.4251968503936 4062.9921259842517 228.3464566929134 78.74015748031496 dans
1341.732283464567 4062.9921259842517 170.07874015748033 78.74015748031496 le
1426.7716535433071 4062.9921259842517 285.03937007874015 78.74015748031496 moment
1625.1968503937007 4062.9921259842517 398.4251968503937 78.74015748031496 critique.»
1938.5826771653544 4062.9921259842517 170.07874015748033 78.74015748031496 Il
2023.6220472440946 4062.9921259842517 141.73228346456693 78.74015748031496 a
2081.8897637795276 4062.9921259842517 228.3464566929134 78.74015748031496 pris
2223.6220472440946 4062.9921259842517 170.07874015748033 78.74015748031496 la
2308.6614173228345 4062.9921259842517 285.03937007874015 78.74015748031496 veille
2508.6614173228345 4062.9921259842517 170.07874015748033 78.74015748031496 un
2593.700787401575 4062.9921259842517 256.6929133858268 78.74015748031496 ordre
2763.779527559055 4062.9921259842517 170.07874015748033 78.74015748031496 du
2850.3937007874015 4062.9921259842517 228.3464566929134 78.74015748031496 jour
2992.1259842519685 4062.9921259842517 228.3464566929134 78.74015748031496 pour
3133.8582677165355 4062.9921259842517 341.73228346456693 78.74015748031496 ordonner
3390.551181102362 4062.9921259842517 228.3464566929134 78.74015748031496 que,
3532.283464566929 4062.9921259842517 398.4251968503937 78.74015748031496 désormais,
3845.6692913385828 4062.9921259842517 200.0 78.74015748031496 son
3959.0551181102364 4062.9921259842517 398.4251968503937 78.74015748031496 infanterie
4272.44094488189 4062.9921259842517 200.0 78.74015748031496 fût
4357.48031496063 4062.9921259842517 228.3464566929134 78.74015748031496 placée

1031.4960629921259 4130.708661417323 195.2755905511811 70.86614173228347 sur
1143.3070866141732 4130.708661417323 223.6220472440945 70.86614173228347 deux
1283.4645669291338 4130.708661417323 251.96850393700788 70.86614173228347 rangs
1451.9685039370079 4130.708661417323 392.12598425196853 70.86614173228347 seulement,
1759.0551181102362 4130.708661417323 195.2755905511811 70.86614173228347 car
1870.8661417322835 4130.708661417323 168.50393700787401 70.86614173228347 le
1955.9055118110236 4130.708661417323 195.2755905511811 70.86614173228347 feu
2067.716535433071 4130.708661417323 168.50393700787401 70.86614173228347 et
2151.181102362205 4130.708661417323 168.50393700787401 70.86614173228347 la
2234.6456692913384 4130.708661417323 392.12598425196853 70.86614173228347 bayonnette
2543.3070866141734 4130.708661417323 168.50393700787401 70.86614173228347 du
2626.771653543307 4130.708661417323 363.7795275590551 70.86614173228347 troisième
2907.0866141732286 4130.708661417323 223.6220472440945 70.86614173228347 rang
3047.244094488189 4130.708661417323 223.6220472440945 70.86614173228347 sont
3187.4015748031497 4130.708661417323 503.93700787401576 70.86614173228347 insignifiants.
3606.299212598425 4130.708661417323 168.50393700787401 70.86614173228347 Un
3689.763779527559 4130.708661417323 195.2755905511811 70.86614173228347 des
3801.5748031496064 4130.708661417323 363.7795275590551 70.86614173228347 avantages
4081.8897637795276 4130.708661417323 168.50393700787401 70.86614173228347 de
4165.354330708661 4130.708661417323 251.96850393700788 70.86614173228347 cette
4305.511811023622 4130.708661417323 280.31496062992125 70.86614173228347 nouvelle

1033.0708661417323 4195.275590551181 395.2755905511811 70.86614173228347 disposition
1349.6062992125985 4195.275590551181 211.0236220472441 70.86614173228347 sera
1480.3149606299212 4195.275590551181 157.48031496062993 70.86614173228347 de
1559.0551181102362 4195.275590551181 236.2204724409449 70.86614173228347 faire
1718.1102362204724 4195.275590551181 262.99212598425197 70.86614173228347 croire
1900.7874015748032 4195.275590551181 132.28346456692913 70.86614173228347 à
1954.3307086614172 4195.275590551181 314.96062992125985 70.86614173228347 l’ennemi
2190.551181102362 4195.275590551181 289.76377952755905 70.86614173228347 l’armée
2401.5748031496064 4195.275590551181 211.0236220472441 70.86614173228347 d’un
2532.283464566929 4195.275590551181 236.2204724409449 70.86614173228347 tiers
2689.763779527559 4195.275590551181 211.0236220472441 70.86614173228347 plus
2822.047244094488 4195.275590551181 236.2204724409449 70.86614173228347 forte
2979.527559055118 4195.275590551181 289.76377952755905 70.86614173228347 qu'elle
3190.551181102362 4195.275590551181 262.99212598425197 70.86614173228347 n’est.
3374.803149606299 4195.275590551181 236.2204724409449 70.86614173228347 (Voir
3532.283464566929 4195.275590551181 132.28346456692913 70.86614173228347 à
3584.251968503937 4195.275590551181 157.48031496062993 70.86614173228347 ce
3662.9921259842517 4195.275590551181 262.99212598425197 70.86614173228347 sujet:
3847.244094488189 4195.275590551181 395.2755905511811 70.86614173228347 Histoire
4163.779527559055 4195.275590551181 157.48031496062993 70.86614173228347 du
4215.748031496063 4195.275590551181 368.503937007874 70.86614173228347 Consulat

1034.6456692913387 4259.842519685039 240.9448818897638 72.44094488188976 et
1195.275590551181 4259.842519685039 160.62992125984252 72.44094488188976 de
1275.5905511811025 4259.842519685039 453.54330708661416 72.44094488188976 l’Empire,
1648.8188976377953 4259.842519685039 187.4015748031496 72.44094488188976 par
1755.9055118110236 4259.842519685039 294.48818897637796 72.44094488188976 Thiers,
1970.0787401574803 4259.842519685039 160.62992125984252 72.44094488188976 t.
2050.3937007874015 4259.842519685039 214.17322834645668 72.44094488188976 XVI,
2182.6771653543306 4259.842519685039 160.62992125984252 72.44094488188976 p.
2262.9921259842517 4259.842519685039 240.9448818897638 72.44094488188976 532.)
2423.6220472440946 4259.842519685039 187.4015748031496 72.44094488188976 «Il
2530.7086614173227 4259.842519685039 187.4015748031496 72.44094488188976 est
2637.7952755905512 4259.842519685039 321.25984251968504 72.44094488188976 probable
2877.165354330709 4259.842519685039 187.4015748031496 72.44094488188976 que
2984.251968503937 4259.842519685039 160.62992125984252 72.44094488188976 je
3064.566929133858 4259.842519685039 321.25984251968504 72.44094488188976 viendrai
3305.511811023622 4259.842519685039 240.9448818897638 72.44094488188976 cette
3466.1417322834645 4259.842519685039 214.17322834645668 72.44094488188976 nuit
3598.4251968503936 4259.842519685039 294.48818897637796 72.44094488188976 prendre
3812.5984251968503 4259.842519685039 321.25984251968504 72.44094488188976 position
4053.5433070866143 4259.842519685039 160.62992125984252 72.44094488188976 du
4133.858267716535 4259.842519685039 214.17322834645668 72.44094488188976 côté
4266.141732283465 4259.842519685039 160.62992125984252 72.44094488188976 de
4319.685039370079 4259.842519685039 267.7165354330709 72.44094488188976 Hohleine

1033.0708661417323 4324.4094488188975 234.64566929133858 86.61417322834646 avec
1181.1023622047244 4324.4094488188975 264.56692913385825 86.61417322834646 toute
1357.4803149606298 4324.4094488188975 176.3779527559055 86.61417322834646 ma
1445.6692913385828 4324.4094488188975 264.56692913385825 86.61417322834646 garde
1622.0472440944882 4324.4094488188975 176.3779527559055 86.61417322834646 et
1708.6614173228347 4324.4094488188975 206.29921259842519 86.61417322834646 les
1826.7716535433071 4324.4094488188975 440.9448818897638 86.61417322834646 cuirassiers
2179.527559055118 4324.4094488188975 176.3779527559055 86.61417322834646 de
2267.716535433071 4324.4094488188975 617.3228346456693 86.61417322834646 Latour-Maubourg.»
2796.850393700787 4324.4094488188975 146.45669291338584 86.61417322834646 —
2855.1181102362207 4324.4094488188975 206.29921259842519 86.61417322834646 (Le
2973.228346456693 4324.4094488188975 176.3779527559055 86.61417322834646 16
3061.417322834646 4324.4094488188975 322.8346456692913 86.61417322834646 octobre
3296.0629921259842 4324.4094488188975 352.755905511811 86.61417322834646 commença
3560.6299212598424 4324.4094488188975 176.3779527559055 86.61417322834646 la
3648.818897637795 4324.4094488188975 322.8346456692913 86.61417322834646 fameuse
3883.464566929134 4324.4094488188975 352.755905511811 86.61417322834646 bataille
4148.031496062992 4324.4094488188975 176.3779527559055 86.61417322834646 de
4236.220472440945 4324.4094488188975 322.8346456692913 86.61417322834646 Leipzig
4442.51968503937 4324.4094488188975 146.45669291338584 86.61417322834646 qui

1036.2204724409448 4396.850393700787 168.50393700787401 66.14173228346456 ne
1121.259842519685 4396.850393700787 168.50393700787401 66.14173228346456 se
1204.724409448819 4396.850393700787 310.23622047244095 66.14173228346456 termina
1429.9212598425197 4396.850393700787 196.8503937007874 66.14173228346456 que
1543.3070866141732 4396.850393700787 168.50393700787401 66.14173228346456 le
1600.0 4396.850393700787 168.50393700787401 66.14173228346456 19.)

1029.9212598425197 4513.385826771653 390.5511811023622 111.81102362204724 ★31★
1274.015748031496 4513.385826771653 634.6456692913385 111.81102362204724 JOSÉPHINE
1762.2047244094488 4513.385826771653 1122.8346456692914 111.81102362204724 (Marie-Josèphe-Rose
2738.582677165354 4513.385826771653 537.007874015748 111.81102362204724 TASCHER
3127.5590551181103 4513.385826771653 292.9133858267717 111.81102362204724 DE
3274.015748031496 4513.385826771653 292.9133858267717 111.81102362204724 LA
3420.472440944882 4513.385826771653 634.6456692913385 111.81102362204724 PAGERIE),
3908.6614173228345 4513.385826771653 292.9133858267717 111.81102362204724 n.
4055.1181102362207 4513.385826771653 341.73228346456693 111.81102362204724 aux
4201.574803149606 4513.385826771653 390.5511811023622 111.81102362204724 Trois-

1036.2204724409448 4618.897637795276 381.1023622047244 113.38582677165354 Ilets
1289.763779527559 4618.897637795276 719.6850393700787 113.38582677165354 (Martinique),
1883.4645669291338 4618.897637795276 253.54330708661416 113.38582677165354 23
2011.023622047244 4618.897637795276 338.5826771653543 113.38582677165354 juin
2222.047244094488 4618.897637795276 381.1023622047244 113.38582677165354 1763,
2475.5905511811025 4618.897637795276 381.1023622047244 113.38582677165354 femme
2730.7086614173227 4618.897637795276 253.54330708661416 113.38582677165354 de
2856.6929133858266 4618.897637795276 551.1811023622047 113.38582677165354 Bonaparte
3280.314960629921 4618.897637795276 253.54330708661416 113.38582677165354 (9
3407.8740157480315 4618.897637795276 338.5826771653543 113.38582677165354 mars
3618.8976377952754 4618.897637795276 423.62204724409446 113.38582677165354 1796),
3916.535433070866 4618.897637795276 634.6456692913385 113.38582677165354 impératrice
4382.677165354331 4618.897637795276 211.0236220472441 113.38582677165354 des

1037.7952755905512 4721.259842519685 489.76377952755905 116.53543307086615 Français
1404.724409448819 4721.259842519685 244.09448818897638 116.53543307086615 le
1527.5590551181103 4721.259842519685 244.09448818897638 116.53543307086615 18
1650.3937007874015 4721.259842519685 285.03937007874015 116.53543307086615 mai
1812.5984251968505 4721.259842519685 366.92913385826773 116.53543307086615 1804,
2058.267716535433 4721.259842519685 489.76377952755905 116.53543307086615 répudiée
2425.196850393701 4721.259842519685 244.09448818897638 116.53543307086615 le
2548.031496062992 4721.259842519685 244.09448818897638 116.53543307086615 16
2669.2913385826773 4721.259842519685 489.76377952755905 116.53543307086615 décembre
3037.7952755905512 4721.259842519685 366.92913385826773 116.53543307086615 1809,
3281.8897637795276 4721.259842519685 244.09448818897638 116.53543307086615 m.
3404.7244094488187 4721.259842519685 204.7244094488189 116.53543307086615 à
3486.6141732283463 4721.259842519685 244.09448818897638 116.53543307086615 la
3607.8740157480315 4721.259842519685 571.6535433070866 116.53543307086615 Malmaison,
4056.6929133858266 4721.259842519685 244.09448818897638 116.53543307086615 29
4179.527559055118 4721.259842519685 285.03937007874015 116.53543307086615 mai
4302.36220472441 4721.259842519685 285.03937007874015 116.53543307086615 1814.

1114.9606299212599 4862.992125984252 222.04724409448818 91.33858267716535 L.
1226.7716535433071 4862.992125984252 222.04724409448818 91.33858267716535 A.
1338.5826771653544 4862.992125984252 222.04724409448818 91.33858267716535 S.
1448.8188976377953 4862.992125984252 222.04724409448818 91.33858267716535 au
1560.6299212598426 4862.992125984252 407.87401574803147 91.33858267716535 citoyen
1856.6929133858268 4862.992125984252 518.1102362204724 91.33858267716535 Bessières,
2262.9921259842517 4862.992125984252 296.06299212598424 91.33858267716535 chef
2448.818897637795 4862.992125984252 222.04724409448818 91.33858267716535 de
2559.0551181102364 4862.992125984252 407.87401574803147 91.33858267716535 brigade
2855.1181102362207 4862.992125984252 407.87401574803147 91.33858267716535 (depuis
3151.181102362205 4862.992125984252 444.09448818897636 91.33858267716535 maréchal
3485.0393700787404 4862.992125984252 222.04724409448818 91.33858267716535 de
3595.2755905511813 4862.992125984252 481.8897637795276 91.33858267716535 l’Empire,
3965.3543307086616 4862.992125984252 222.04724409448818 91.33858267716535 né
4077.165354330709 4862.992125984252 185.82677165354332 91.33858267716535 à
4151.181102362205 4862.992125984252 444.09448818897636 91.33858267716535 Preissac
4447.244094488189 4862.992125984252 148.03149606299212 91.33858267716535 le

1042.5196850393702 4948.031496062992 170.07874015748033 97.63779527559055 6
1111.8110236220473 4948.031496062992 274.01574803149606 97.63779527559055 août
1281.8897637795276 4948.031496062992 307.0866141732283 97.63779527559055 1768,
1486.6141732283465 4948.031496062992 239.37007874015748 97.63779527559055 tué
1623.6220472440946 4948.031496062992 274.01574803149606 97.63779527559055 près
1793.7007874015749 4948.031496062992 204.7244094488189 97.63779527559055 de
1897.6377952755906 4948.031496062992 376.37795275590554 97.63779527559055 Rippach
2170.0787401574803 4948.031496062992 204.7244094488189 97.63779527559055 le
2272.4409448818897 4948.031496062992 170.07874015748033 97.63779527559055 1
2341.732283464567 4948.031496062992 239.37007874015748 97.63779527559055 mai
2477.165354330709 4948.031496062992 341.73228346456693 97.63779527559055 1813),
2716.535433070866 4948.031496062992 170.07874015748033 97.63779527559055 à
2784.251968503937 4948.031496062992 341.73228346456693 97.63779527559055 Milan;
3023.6220472440946 4948.031496062992 376.37795275590554 97.63779527559055 (Turin,
3297.6377952755906 4948.031496062992 376.37795275590554 97.63779527559055 octobre
3570.0787401574803 4948.031496062992 341.73228346456693 97.63779527559055 1797),
3809.448818897638 4948.031496062992 170.07874015748033 97.63779527559055 1
3878.740157480315 4948.031496062992 204.7244094488189 97.63779527559055 p.
3981.1023622047246 4948.031496062992 307.0866141732283 97.63779527559055 in-8,
4185.826771653543 4948.031496062992 376.37795275590554 97.63779527559055 cachet.
4425.1968503937005 4948.031496062992 170.07874015748033 97.63779527559055 —P.

1107.0866141732283 5070.866141732284 281.8897637795276 75.59055118110236 Lettre
1303.9370078740158 5070.866141732284 281.8897637795276 75.59055118110236 écrite
1502.3622047244094 5070.866141732284 253.54330708661416 75.59055118110236 alors
1670.8661417322835 5070.866141732284 310.23622047244095 75.59055118110236 qu’elle
1896.0629921259842 5070.866141732284 338.5826771653543 75.59055118110236 revenait
2149.6062992125985 5070.866141732284 168.50393700787401 75.59055118110236 de
2234.6456692913384 5070.866141732284 225.1968503937008 75.59055118110236 Rome
2374.803149606299 5070.866141732284 140.15748031496062 75.59055118110236 à
2431.496062992126 5070.866141732284 281.8897637795276 75.59055118110236 Paris,
2628.3464566929133 5070.866141732284 253.54330708661416 75.59055118110236 après
2798.4251968503936 5070.866141732284 168.50393700787401 75.59055118110236 le
2881.8897637795276 5070.866141732284 281.8897637795276 75.59055118110236 traité
3080.314960629921 5070.866141732284 168.50393700787401 75.59055118110236 de
3163.779527559055 5070.866141732284 478.74015748031496 75.59055118110236 Campo-Formio.
3559.0551181102364 5070.866141732284 225.1968503937008 75.59055118110236 Elle
3699.212598425197 5070.866141732284 196.8503937007874 75.59055118110236 est
3812.5984251968503 5070.866141732284 310.23622047244095 75.59055118110236 arrivée
4037.7952755905512 5070.866141732284 140.15748031496062 75.59055118110236 à
4094.488188976378 5070.866141732284 253.54330708661416 75.59055118110236 Turin
4262.992125984252 5070.866141732284 253.54330708661416 75.59055118110236 cette
4404.724409448819 5070.866141732284 196.8503937007874 75.59055118110236 nuit,

1050.3937007874015 5138.582677165355 138.58267716535434 74.01574803149606 à
1107.0866141732283 5138.582677165355 250.39370078740157 74.01574803149606 trois
1272.4409448818897 5138.582677165355 305.51181102362204 74.01574803149606 heures,
1496.0629921259842 5138.582677165355 166.9291338582677 74.01574803149606 et
1577.9527559055118 5138.582677165355 222.04724409448818 74.01574803149606 elle
1718.1102362204724 5138.582677165355 222.04724409448818 74.01574803149606 doit
1856.6929133858268 5138.582677165355 277.1653543307087 74.01574803149606 passer
2050.3937007874015 5138.582677165355 166.9291338582677 74.01574803149606 le
2133.8582677165355 5138.582677165355 388.9763779527559 74.01574803149606 Mont-Cenis
2439.3700787401576 5138.582677165355 305.51181102362204 74.01574803149606 demain.
2661.417322834646 5138.582677165355 193.70078740157481 74.01574803149606 «Le
2773.228346456693 5138.582677165355 222.04724409448818 74.01574803149606 tems
2911.8110236220473 5138.582677165355 193.70078740157481 74.01574803149606 est
3023.6220472440946 5138.582677165355 333.8582677165354 74.01574803149606 affreux,
3272.4409448818897 5138.582677165355 193.70078740157481 74.01574803149606 les
3384.251968503937 5138.582677165355 305.51181102362204 74.01574803149606 chemins
3606.299212598425 5138.582677165355 444.09448818897636 74.01574803149606 détestables.
3966.9291338582675 5138.582677165355 222.04724409448818 74.01574803149606 J’ai
4107.086614173229 5138.582677165355 305.51181102362204 74.01574803149606 acheter
4329.133858267716 5138.582677165355 222.04724409448818 74.01574803149606 deux
4439.370078740158 5138.582677165355 166.9291338582677 74.01574803149606 cent

1055.1181102362204 5215.748031496063 377.9527559055118 64.56692913385827 bouteilles
1352.755905511811 5215.748031496063 162.20472440944883 64.56692913385827 de
1433.0708661417323 5215.748031496063 324.40944881889766 64.56692913385827 liqueurs
1677.1653543307086 5215.748031496063 188.9763779527559 64.56692913385827 que
1757.4803149606298 5215.748031496063 162.20472440944883 64.56692913385827 j’ai

1055.1181102362204 5285.03937007874 231.49606299212599 61.41732283464567 fait
1200.0 5285.03937007874 289.76377952755905 61.41732283464567 mettre
1403.1496062992126 5285.03937007874 144.88188976377953 61.41732283464567 à
1459.8425196850394 5285.03937007874 376.37795275590554 61.41732283464567 l’auberge
1751.1811023622047 5285.03937007874 173.22834645669292 61.41732283464567 de
1807.8740157480315 5285.03937007874 116.53543307086615 61.41732283464567 la

1053.5433070866143 5355.905511811024 327.5590551181102 56.69291338582677 bonne
1272.4409448818897 5355.905511811024 363.7795275590551 56.69291338582677 femme.
1527.5590551181103 5355.905511811024 327.5590551181102 56.69291338582677 Elles
1708.6614173228347 5355.905511811024 218.89763779527559 56.69291338582677 sont

1066.1417322834645 5415.748031496063 269.29133858267716 77.16535433070867 payés.
1255.1181102362204 5415.748031496063 377.9527559055118 77.16535433070867 Faites-moi
1551.1811023622047 5415.748031496063 162.20472440944883 77.16535433070867 le
1633.0708661417323 5415.748031496063 296.06299212598424 77.16535433070867 plaisir
1820.4724409448818 5415.748031496063 108.66141732283465 77.16535433070867 de

1062.992125984252 5488.188976377953 173.22834645669292 70.86614173228347 ne
1149.6062992125985 5488.188976377953 261.4173228346457 70.86614173228347 point
1322.8346456692914 5488.188976377953 203.1496062992126 70.86614173228347 les
1439.3700787401574 5488.188976377953 348.0314960629921 70.86614173228347 oubliers
1670.8661417322835 5488.188976377953 261.4173228346457 70.86614173228347 lorsque

1064.5669291338584 5557.48031496063 223.6220472440945 67.71653543307086 vous
1204.724409448819 5557.48031496063 392.12598425196853 67.71653543307086 passerai.»
1513.3858267716535 5557.48031496063 140.15748031496062 67.71653543307086 —
1570.0787401574803 5557.48031496063 251.96850393700788 67.71653543307086 (Elle
1710.236220472441 5557.48031496063 223.6220472440945 67.71653543307086 rentra

1067.716535433071 5622.047244094489 251.96850393700788 56.69291338582677 alors
1236.2204724409448 5622.047244094489 223.6220472440945 56.69291338582677 dans
1374.8031496062993 5622.047244094489 195.2755905511811 56.69291338582677 son
1486.6141732283465 5622.047244094489 251.96850393700788 56.69291338582677 hôtel
1655.1181102362204 5622.047244094489 166.9291338582677 56.69291338582677 de
1738.5826771653544 5622.047244094489 166.9291338582677 56.69291338582677 la
1793.7007874015749 5622.047244094489 140.15748031496062 56.69291338582677 rue

1069.291338582677 5692.913385826771 480.31496062992125 59.84251968503937 Chantereine,
1458.267716535433 5692.913385826771 179.5275590551181 59.84251968503937 où
1549.6062992125985 5692.913385826771 388.9763779527559 59.84251968503937 Bonaparte
1818.8976377952756 5692.913385826771 119.68503937007874 59.84251968503937 et

1067.716535433071 5755.905511811024 231.49606299212599 64.56692913385827 elle
1211.023622047244 5755.905511811024 346.45669291338584 64.56692913385827 vécurent
1470.8661417322835 5755.905511811024 318.1102362204724 64.56692913385827 jusqu'à
1674.015748031496 5755.905511811024 259.84251968503935 64.56692913385827 l’expé-

1075.5905511811025 5829.921259842519 275.59055118110234 59.84251968503937 dition
1239.3700787401574 5829.921259842519 330.70866141732284 59.84251968503937 d’Egypte.)
