3786 4647
563 570 536 70 S.1
946 570 689 70 CHEFS
1406 570 460 70 DE
1636 570 1225 70 GOUVERNEMENT
2555 570 306 70 15

668 870 135 51 2°
736 870 135 51 L.
804 870 135 51 A.
871 870 135 51 S.
939 870 135 51 de
1006 870 225 51 MERLIN
1164 870 135 51 DE
1231 870 203 51 DOUAI
1366 870 180 51 (qui
1479 870 158 51 fut
1569 870 293 51 directeur
1794 870 135 51 du
1862 870 135 51 10
1929 870 293 51 septembre
2155 870 180 51 1797
2267 870 135 51 au
2335 870 135 51 18
2402 870 180 51 juin
2515 870 225 51 1799),
2672 870 113 51 à
2695 870 180 51 Milet-

623 921 246 61 Mureau;
801 921 223 61 Paris,
957 921 134 61 21
1024 921 268 61 germinal
1225 921 134 61 an
1292 921 156 61 VII
1382 921 156 61 (10
1471 921 201 61 avril
1605 921 223 61 1799),
1761 921 156 61 3/4
1850 921 134 61 de
1917 921 134 61 p.
1962 921 156 61 in

621 974 272 64 vignette
825 974 136 64 et
893 974 181 64 tête
1006 974 295 64 imprimée.
1233 974 181 64 Très
1346 974 204 64 jolie
1482 974 227 64 pièce.
1641 974 113 64 —
1686 974 136 64 P.
1754 974 136 64 de
1799 974 227 64 Déjabin.

662 1051 109 50 Il
716 1051 182 50 appuie
844 1051 128 50 une
917 1051 201 50 demande
1063 1051 164 50 faite
1172 1051 128 50 par
1245 1051 109 50 le
1300 1051 164 50 jeune
1410 1051 201 50 Lesage,
1556 1051 128 50 qui
1629 1051 128 50 est
1701 1051 146 50 très
1793 1051 164 50 brave
1902 1051 109 50 et
1957 1051 128 50 qui
2012 1051 109 50 aime

629 1105 103 34 le
680 1105 172 34 métier
801 1105 103 34 de
852 1105 103 34 la
886 1105 155 34 guerre.

616 1170 263 67 ★28★
780 1170 427 67 BONAPARTE
1109 1170 493 67 (Napoléon),
1503 1170 328 67 consul
1733 1170 197 67 de
1831 1170 197 67 la
1930 1170 460 67 République
2291 1170 427 67 française
2619 1170 230 67 (10
2718 1170 164 67 no-

623 1236 282 70 vembre
820 1236 282 70 1799),
1018 1236 310 70 premier
1244 1236 282 70 consul
1441 1236 169 70 et
1526 1236 282 70 consul
1723 1236 141 70 à
1780 1236 198 70 vie
1892 1236 198 70 (24
2005 1236 339 70 décembre
2259 1236 226 70 1799
2400 1236 169 70 au
2485 1236 169 70 18
2570 1236 198 70 mai
2654 1236 226 70 1804).

675 1323 137 58 L.
744 1323 137 58 S.
812 1323 137 58 au
880 1323 273 58 ministre
1085 1323 137 58 de
1153 1323 137 58 la
1222 1323 228 58 guerre
1381 1323 342 58 (l’illustre
1654 1323 228 58 Lazare
1814 1323 250 58 Carnot,
1996 1323 159 58 qui
2087 1323 205 58 était
2224 1323 273 58 ministre
2429 1323 228 58 depuis
2588 1323 182 58 cinq
2679 1323 205 58 jours);

632 1375 228 63 Paris,
792 1375 137 63 17
860 1375 273 63 germinal
1065 1375 137 63 an
1133 1375 182 63 VIII
1247 1375 137 63 (7
1316 1375 205 63 avril
1452 1375 228 63 1800),
1612 1375 159 63 1/2
1703 1375 137 63 p.
1749 1375 159 63 in

629 1429 276 63 vignette
836 1429 138 63 et
905 1429 184 63 tête
1020 1429 299 63 imprimée.
1250 1429 115 63 —
1296 1429 138 63 P.
1365 1429 138 63 de
1411 1429 299 63 Bonneville.

675 1504 163 45 Prière
789 1504 228 45 d’ordonner
968 1504 98 45 au
1016 1504 179 45 citoyen
1146 1504 277 45 Villesurarce,
1374 1504 195 45 officier
1521 1504 260 45 d’artillerie
1716 1504 195 45 cisalpine,

636 1545 126 53 qui
708 1545 126 53 est
780 1545 90 53 à
816 1545 216 53 Antibes,
977 1545 108 53 de
1031 1545 162 53 venir
1139 1545 90 53 à
1175 1545 162 53 Paris
1283 1545 144 53 pour
1373 1545 180 53 rendre
1499 1545 180 53 compte
1624 1545 108 53 de
1678 1545 108 53 la
1714 1545 198 53 situation

638 1593 131 44 dans
720 1593 197 44 laquelle
868 1593 115 44 est
933 1593 148 44 cette
1015 1593 214 44 artillerie.

627 1665 252 77 ★29★
784 1665 378 77 NAPOLÉON
1067 1665 189 77 I,
1161 1665 378 77 empereur
1445 1665 220 77 des
1570 1665 409 77 Français,
1885 1665 189 77 du
1980 1665 189 77 18
2074 1665 220 77 mai
2200 1665 252 77 1804
2357 1665 189 77 au
2451 1665 189 77 22
2546 1665 252 77 juin
2672 1665 220 77 1815,

633 1735 211 66 date
764 1735 158 66 de
843 1735 184 66 son
948 1735 395 66 abdication,
1264 1735 158 66 n.
1343 1735 132 66 à
1396 1735 289 66 Ajaccio
1606 1735 316 66 (Corse),
1843 1735 158 66 15
1922 1735 211 66 août
2054 1735 237 66 1768,
2212 1735 158 66 m.
2291 1735 368 66 prisonnier
2580 1735 184 66 des
2659 1735 237 66 Anglais

632 1808 221 59 dans
771 1808 249 59 l'île
937 1808 166 59 de
1020 1808 498 59 Sainte-Hélène,
1435 1808 138 59 5
1490 1808 194 59 mai
1573 1808 194 59 1821.

688 1899 138 50 L.
757 1899 138 50 S.
826 1899 138 50 au
895 1899 161 50 roi
987 1899 138 50 de
1056 1899 184 50 Saxe
1171 1899 299 50 (Frédéric
1401 1899 276 50 Auguste,
1608 1899 207 50 qu’il
1723 1899 161 50 avait

638 1955 196 50 créé
760 1955 171 50 roi
858 1955 147 50 le
931 1955 147 50 11
1004 1955 293 50 décembre
1224 1955 244 50 1806);
1395 1955 342 50 Compiègne,
1664 1955 147 50 22
1713 1955 171 50 avril

645 2010 205 51 1810,
782 2010 159 51 3/4
873 2010 137 51 de
941 2010 137 51 p.
1010 2010 205 51 in-4,
1146 2010 251 51 cachets
1328 2010 137 51 et
1397 2010 228 51 soies.
1556 2010 114 51 —
1579 2010 91 51 P.

682 2087 192 41 Superbe
821 2087 175 41 lettre
944 2087 122 41 par
1013 2087 210 41 laquelle
1171 2087 105 41 il
1223 2087 105 41 le
1276 2087 210 41 remercie
1433 2087 122 41 des
1503 2087 262 41 compliments
1712 2087 157 41 qu’il
1800 2087 87 41 lui

647 2128 93 39 a
684 2128 222 39 adressés
850 2128 93 39 à
887 2128 259 39 l’occasion
1091 2128 111 39 de
1146 2128 130 39 son
1220 2128 204 39 mariage
1368 2128 148 39 avec
1461 2128 352 39 l’archiduchesse
1738 2128 148 39 Marie-

648 2174 168 38 Louise
766 2174 201 38 (célébré
917 2174 101 38 le
967 2174 84 38 1
984 2174 151 38 avril).

635 2239 263 69 ★30★
800 2239 395 69 NAPOLÉON
1096 2239 197 69 I,
1194 2239 395 69 empereur
1490 2239 230 69 des
1589 2239 362 69 Français.

697 2330 141 58 L.
767 2330 141 58 S.
837 2330 188 58 NP.,
955 2330 188 58 avec
1072 2330 164 58 des
1166 2330 352 58 corrections
1448 2330 376 58 autographes,
1754 2330 117 58 à
1801 2330 164 58 son
1895 2330 329 58 beau-frère
2153 2330 282 58 (Joachim
2365 2330 235 58 Murat,
2529 2330 164 58 roi
2623 2330 141 58 de
2670 2330 235 58 Naples);

647 2382 207 55 Düben
785 2382 207 55 (près
923 2382 138 55 de
992 2382 299 55 Leipzig),
1223 2382 138 55 13
1292 2382 253 55 octobre
1476 2382 207 55 1813,
1614 2382 161 55 dix
1706 2382 230 55 heures
1868 2382 138 55 du
1937 2382 230 55 matin,
2098 2382 115 55 3
2144 2382 138 55 p.
2213 2382 161 55 1/4
2305 2382 207 55 in-4.
2443 2382 253 55 Superbe
2628 2382 230 55 pièce.
2789 2382 115 55 —
2812 2382 92 55 P.

687 2458 169 43 Pièce
800 2458 263 43 historique
1007 2458 132 43 sur
1082 2458 132 43 les
1157 2458 320 43 préliminaires
1421 2458 113 43 de
1477 2458 113 43 la
1534 2458 226 43 bataille
1703 2458 113 43 de
1759 2458 226 43 Leipzig.
1929 2458 301 43 Instructions
2173 2458 150 43 pour
2267 2458 113 43 la
2324 2458 282 43 disposition
2550 2458 113 43 du
2606 2458 169 43 corps
2719 2458 113 43 du
2775 2458 132 43 duc
2832 2458 75 43 de

653 2499 203 48 Raguse,
800 2499 166 48 qu’il
911 2499 148 48 faut
1004 2499 185 48 placer
1133 2499 92 48 à
1170 2499 296 48 Breitenfeld,
1411 2499 222 48 appuyant
1577 2499 111 48 sa
1632 2499 185 48 gauche
1762 2499 92 48 à
1799 2499 222 48 l’Elster
1965 2499 111 48 et
2021 2499 111 48 sa
2076 2499 185 48 droite
2205 2499 92 48 à
2242 2499 111 48 la
2298 2499 203 48 Partha.
2446 2499 333 48 Recommandation
2723 2499 111 48 de
2779 2499 111 48 ne
2816 2499 92 48 pas

652 2540 241 43 affaiblir
838 2540 111 43 sa
893 2540 185 43 ligne:
1023 2540 185 43 «C’est
1152 2540 111 43 ce
1208 2540 241 43 mouvement
1393 2540 130 43 qui
1467 2540 148 43 fait
1559 2540 185 43 perdre
1689 2540 185 43 toutes
1818 2540 130 43 les
1892 2540 259 43 batailles,
2096 2540 130 43 car
2170 2540 167 43 elles
2281 2540 111 43 ne
2336 2540 111 43 se
2392 2540 204 43 gagnent
2540 2540 167 43 qu’en
2651 2540 259 43 renforçant
2836 2540 74 43 la

653 2580 163 50 ligne
761 2580 145 50 dans
852 2580 108 50 le
906 2580 181 50 moment
1032 2580 253 50 critique.»
1231 2580 108 50 Il
1285 2580 90 50 a
1322 2580 145 50 pris
1412 2580 108 50 la
1466 2580 181 50 veille
1593 2580 108 50 un
1647 2580 163 50 ordre
1755 2580 108 50 du
1810 2580 145 50 jour
1900 2580 145 50 pour
1990 2580 217 50 ordonner
2153 2580 145 50 que,
2243 2580 253 50 désormais,
2442 2580 127 50 son
2514 2580 253 50 infanterie
2713 2580 127 50 fût
2767 2580 145 50 placée

655 2623 124 45 sur
726 2623 142 45 deux
815 2623 160 45 rangs
922 2623 249 45 seulement,
1117 2623 124 45 car
1188 2623 107 45 le
1242 2623 124 45 feu
1313 2623 107 45 et
1366 2623 107 45 la
1419 2623 249 45 bayonnette
1615 2623 107 45 du
1668 2623 231 45 troisième
1846 2623 142 45 rang
1935 2623 142 45 sont
2024 2623 320 45 insignifiants.
2290 2623 107 45 Un
2343 2623 124 45 des
2414 2623 231 45 avantages
2592 2623 107 45 de
2645 2623 160 45 cette
2734 2623 178 45 nouvelle

656 2664 251 45 disposition
857 2664 134 45 sera
940 2664 100 45 de
990 2664 150 45 faire
1091 2664 167 45 croire
1207 2664 84 45 à
1241 2664 200 45 l’ennemi
1391 2664 184 45 l’armée
1525 2664 134 45 d’un
1608 2664 150 45 tiers
1708 2664 134 45 plus
1792 2664 150 45 forte
1892 2664 184 45 qu'elle
2026 2664 167 45 n’est.
2143 2664 150 45 (Voir
2243 2664 84 45 à
2276 2664 100 45 ce
2326 2664 167 45 sujet:
2443 2664 251 45 <i>Histoire
2644 2664 100 45 du
2677 2664 234 45 Consulat</i>

657 2705 153 46 <i>et
759 2705 102 46 de
810 2705 288 46 l’Empire</i>,
1047 2705 119 46 par
1115 2705 187 46 Thiers,
1251 2705 102 46 t.
1302 2705 136 46 XVI,
1386 2705 102 46 p.
1437 2705 153 46 532.)
1539 2705 119 46 «Il
1607 2705 119 46 est
1675 2705 204 46 probable
1827 2705 119 46 que
1895 2705 102 46 je
1946 2705 204 46 viendrai
2099 2705 153 46 cette
2201 2705 136 46 nuit
2285 2705 187 46 prendre
2421 2705 204 46 position
2574 2705 102 46 du
2625 2705 136 46 côté
2709 2705 102 46 de
2743 2705 170 46 Hohleine

656 2746 149 55 avec
750 2746 168 55 toute
862 2746 112 55 ma
918 2746 168 55 garde
1030 2746 112 55 et
1085 2746 131 55 les
1160 2746 280 55 cuirassiers
1384 2746 112 55 de
1440 2746 392 55 Latour-Maubourg.»
1776 2746 93 55 —
1813 2746 131 55 (Le
1888 2746 112 55 16
1944 2746 205 55 octobre
2093 2746 224 55 commença
2261 2746 112 55 la
2317 2746 205 55 fameuse
2466 2746 224 55 bataille
2634 2746 112 55 de
2690 2746 205 55 Leipzig
2821 2746 93 55 qui

658 2792 107 42 ne
712 2792 107 42 se
765 2792 197 42 termina
908 2792 125 42 que
980 2792 107 42 le
1016 2792 107 42 19.)

654 2866 248 71 ★31★
809 2866 403 71 JOSÉPHINE
1119 2866 713 71 (Marie-Josèphe-Rose
1739 2866 341 71 TASCHER
1986 2866 186 71 DE
2079 2866 186 71 LA
2172 2866 403 71 PAGERIE),
2482 2866 186 71 n.
2575 2866 217 71 aux
2668 2866 248 71 Trois-

658 2933 242 72 Ilets
819 2933 457 72 (Martinique),
1196 2933 161 72 23
1277 2933 215 72 juin
1411 2933 242 72 1763,
1572 2933 242 72 femme
1734 2933 161 72 de
1814 2933 350 72 Bonaparte
2083 2933 161 72 (9
2164 2933 215 72 mars
2298 2933 269 72 1796),
2487 2933 403 72 impératrice
2783 2933 134 72 des

659 2998 311 74 Français
892 2998 155 74 le
970 2998 155 74 18
1048 2998 181 74 mai
1151 2998 233 74 1804,
1307 2998 311 74 répudiée
1540 2998 155 74 le
1618 2998 155 74 16
1695 2998 311 74 décembre
1929 2998 233 74 1809,
2084 2998 155 74 m.
2162 2998 130 74 à
2214 2998 155 74 la
2291 2998 363 74 Malmaison,
2576 2998 155 74 29
2654 2998 181 74 mai
2732 2998 181 74 1814.

708 3088 141 58 L.
779 3088 141 58 A.
850 3088 141 58 S.
920 3088 141 58 au
991 3088 259 58 citoyen
1179 3088 329 58 Bessières,
1437 3088 188 58 chef
1555 3088 141 58 de
1625 3088 259 58 brigade
1813 3088 259 58 (depuis
2001 3088 282 58 maréchal
2213 3088 141 58 de
2283 3088 306 58 l’Empire,
2518 3088 141 58 né
2589 3088 118 58 à
2636 3088 282 58 Preissac
2824 3088 94 58 le

662 3142 108 62 6
706 3142 174 62 août
814 3142 195 62 1768,
944 3142 152 62 tué
1031 3142 174 62 près
1139 3142 130 62 de
1205 3142 239 62 Rippach
1378 3142 130 62 le
1443 3142 108 62 1
1487 3142 152 62 mai
1573 3142 217 62 1813),
1725 3142 108 62 à
1768 3142 217 62 Milan;
1920 3142 239 62 (Turin,
2094 3142 239 62 octobre
2267 3142 217 62 1797),
2419 3142 108 62 1
2463 3142 130 62 p.
2528 3142 195 62 in-8,
2658 3142 239 62 cachet.
2810 3142 108 62 —P.

703 3220 179 48 Lettre
828 3220 179 48 écrite
954 3220 161 48 alors
1061 3220 197 48 qu’elle
1204 3220 215 48 revenait
1365 3220 107 48 de
1419 3220 143 48 Rome
1508 3220 89 48 à
1544 3220 179 48 Paris,
1669 3220 161 48 après
1777 3220 107 48 le
1830 3220 179 48 traité
1956 3220 107 48 de
2009 3220 304 48 Campo-Formio.
2260 3220 143 48 Elle
2349 3220 125 48 est
2421 3220 197 48 arrivée
2564 3220 89 48 à
2600 3220 161 48 Turin
2707 3220 161 48 cette
2797 3220 125 48 nuit,

667 3263 88 47 à
703 3263 159 47 trois
808 3263 194 47 heures,
950 3263 106 47 et
1002 3263 141 47 elle
1091 3263 141 47 doit
1179 3263 176 47 passer
1302 3263 106 47 le
1355 3263 247 47 Mont-Cenis
1549 3263 194 47 demain.
1690 3263 123 47 «Le
1761 3263 141 47 tems
1849 3263 123 47 est
1920 3263 212 47 affreux,
2078 3263 123 47 les
2149 3263 194 47 chemins
2290 3263 282 47 détestables.
2519 3263 141 47 J’ai
2608 3263 194 47 acheter
2749 3263 141 47 deux
2819 3263 106 47 cent

670 3312 240 41 bouteilles
859 3312 103 41 de
910 3312 206 41 liqueurs
1065 3312 120 41 que
1116 3312 103 41 j’ai

670 3356 147 39 fait
762 3356 184 39 mettre
891 3356 92 39 à
927 3356 239 39 l’auberge
1112 3356 110 39 de
1148 3356 74 39 la

669 3401 208 36 bonne
808 3401 231 36 femme.
970 3401 208 36 Elles
1085 3401 139 36 sont

677 3439 171 49 payés.
797 3439 240 49 Faites-moi
985 3439 103 49 le
1037 3439 188 49 plaisir
1156 3439 69 49 de

675 3485 110 45 ne
730 3485 166 45 point
840 3485 129 45 les
914 3485 221 45 oubliers
1061 3485 166 45 lorsque

676 3529 142 43 vous
765 3529 249 43 passerai.»
961 3529 89 43 —
997 3529 160 43 (Elle
1086 3529 142 43 rentra

678 3570 160 36 alors
785 3570 142 36 dans
873 3570 124 36 son
944 3570 160 36 hôtel
1051 3570 106 36 de
1104 3570 106 36 la
1139 3570 89 36 rue

679 3615 305 38 Chantereine,
926 3615 114 38 où
984 3615 247 38 Bonaparte
1155 3615 76 38 et

678 3655 147 41 elle
769 3655 220 41 vécurent
934 3655 202 41 jusqu'à
1063 3655 165 41 l’expé-

683 3702 175 38 dition
787 3702 210 38 d’Egypte.)
