5727.55905511811 7343.307086614173
1182.6771653543308 933.8582677165355 741.7322834645669 83.46456692913385 16
1554.3307086614172 933.8582677165355 1113.3858267716535 83.46456692913385 CHEFS
2296.0629921259842 933.8582677165355 741.7322834645669 83.46456692913385 DE
2667.716535433071 933.8582677165355 1979.5275590551182 83.46456692913385 GOUVERNEMENT
4151.181102362205 933.8582677165355 618.8976377952756 83.46456692913385 S.1

1215.748031496063 1404.724409448819 431.496062992126 97.63779527559055 ★32★
1485.0393700787401 1404.724409448819 485.03937007874015 97.63779527559055 MARIE
1809.4488188976377 1404.724409448819 540.1574803149606 97.63779527559055 LOUISE
2185.8267716535433 1404.724409448819 809.4488188976378 97.63779527559055 D’AUTRICHE,
2834.6456692913384 1404.724409448819 324.40944881889766 97.63779527559055 n.
2995.2755905511813 1404.724409448819 269.29133858267716 97.63779527559055 à
3103.9370078740158 1404.724409448819 540.1574803149606 97.63779527559055 Vienne
3481.8897637795276 1404.724409448819 809.4488188976378 97.63779527559055 (Autriche),
4129.133858267716 1404.724409448819 324.40944881889766 97.63779527559055 12
4236.220472440945 1404.724409448819 540.1574803149606 97.63779527559055 décembre

1239.3700787401574 1510.236220472441 382.6771653543307 102.36220472440945 1791,
1494.4881889763778 1510.236220472441 382.6771653543307 102.36220472440945 fille
1749.6062992125985 1510.236220472441 382.6771653543307 102.36220472440945 aînée
2006.2992125984251 1510.236220472441 255.11811023622047 102.36220472440945 de
2133.8582677165355 1510.236220472441 596.8503937007874 102.36220472440945 l’empereur
2601.5748031496064 1510.236220472441 596.8503937007874 102.36220472440945 d’Autriche
3070.8661417322833 1510.236220472441 510.23622047244095 102.36220472440945 François
3453.5433070866143 1510.236220472441 255.11811023622047 102.36220472440945 I,
3581.1023622047246 1510.236220472441 467.7165354330709 102.36220472440945 seconde
3921.259842519685 1510.236220472441 382.6771653543307 102.36220472440945 femme
4176.377952755905 1510.236220472441 255.11811023622047 102.36220472440945 de
4305.511811023622 1510.236220472441 510.23622047244095 102.36220472440945 Napoléon
4645.669291338582 1510.236220472441 127.55905511811024 102.36220472440945 I

1226.7716535433071 1617.3228346456692 264.56692913385825 100.78740157480316 (1
1359.0551181102362 1617.3228346456692 398.4251968503937 100.78740157480316 avril
1625.1968503937007 1617.3228346456692 442.5196850393701 100.78740157480316 1810),
1933.8582677165355 1617.3228346456692 530.7086614173228 100.78740157480316 duchesse
2332.283464566929 1617.3228346456692 264.56692913385825 100.78740157480316 de
2464.566929133858 1617.3228346456692 398.4251968503937 100.78740157480316 Parme
2729.1338582677167 1617.3228346456692 486.61417322834643 100.78740157480316 (1814),
3083.464566929134 1617.3228346456692 264.56692913385825 100.78740157480316 m.
3215.748031496063 1617.3228346456692 220.4724409448819 100.78740157480316 à
3303.9370078740158 1617.3228346456692 486.61417322834643 100.78740157480316 Vienne,
3658.267716535433 1617.3228346456692 264.56692913385825 100.78740157480316 18
3790.551181102362 1617.3228346456692 530.7086614173228 100.78740157480316 décembre
4144.881889763779 1617.3228346456692 308.66141732283467 100.78740157480316 1847.

1314.9606299212599 1755.9055118110236 228.3464566929134 77.16535433070867 L.
1428.3464566929133 1755.9055118110236 228.3464566929134 77.16535433070867 A.
1543.3070866141732 1755.9055118110236 228.3464566929134 77.16535433070867 S.
1658.267716535433 1755.9055118110236 190.5511811023622 77.16535433070867 à
1733.8582677165355 1755.9055118110236 228.3464566929134 77.16535433070867 la
1848.8188976377953 1755.9055118110236 458.26771653543307 77.16535433070867 comtesse
2192.1259842519685 1755.9055118110236 228.3464566929134 77.16535433070867 Du
2307.0866141732286 1755.9055118110236 420.4724409448819 77.16535433070867 Perron,
2612.5984251968503 1755.9055118110236 190.5511811023622 77.16535433070867 à
2689.763779527559 1755.9055118110236 381.1023622047244 77.16535433070867 Turin;
2955.9055118110236 1755.9055118110236 686.6141732283464 77.16535433070867 Aix-en-Savoie,
3529.1338582677167 1755.9055118110236 228.3464566929134 77.16535433070867 31
3644.0944881889764 1755.9055118110236 420.4724409448819 77.16535433070867 juillet
3949.6062992125985 1755.9055118110236 343.3070866141732 77.16535433070867 1814,
4177.952755905511 1755.9055118110236 267.7165354330709 77.16535433070867 3/4
4330.708661417323 1755.9055118110236 228.3464566929134 77.16535433070867 de
4445.669291338582 1755.9055118110236 228.3464566929134 77.16535433070867 p.
4521.259842519685 1755.9055118110236 267.7165354330709 77.16535433070867 in

1237.7952755905512 1845.6692913385828 425.1968503937008 80.31496062992126 enveloppe
1565.3543307086613 1845.6692913385828 196.8503937007874 80.31496062992126 et
1662.992125984252 1845.6692913385828 359.0551181102362 80.31496062992126 cachet.
1924.4094488188975 1845.6692913385828 425.1968503937008 80.31496062992126 (Coll.
2251.968503937008 1845.6692913385828 653.5433070866142 80.31496062992126 Dubrunfaut.)
2807.8740157480315 1845.6692913385828 163.7795275590551 80.31496062992126 —
2840.9448818897636 1845.6692913385828 130.70866141732284 80.31496062992126 P.

1297.6377952755906 1968.5039370078741 258.26771653543307 61.41732283464567 Jolie
1469.291338582677 1968.5039370078741 316.53543307086613 61.41732283464567 lettre,
1699.2125984251968 1968.5039370078741 286.61417322834643 61.41732283464567 écrite
1900.7874015748032 1968.5039370078741 316.53543307086613 61.41732283464567 pendant
2130.7086614173227 1968.5039370078741 171.6535433070866 61.41732283464567 la
2215.748031496063 1968.5039370078741 344.88188976377955 61.41732283464567 première
2475.5905511811025 1968.5039370078741 488.18897637795277 61.41732283464567 restauration.
2877.165354330709 1968.5039370078741 229.92125984251967 61.41732283464567 Elle
3020.472440944882 1968.5039370078741 171.6535433070866 61.41732283464567 la
3107.0866141732286 1968.5039370078741 344.88188976377955 61.41732283464567 remercie
3365.3543307086616 1968.5039370078741 201.5748031496063 61.41732283464567 des
3451.968503937008 1968.5039370078741 258.26771653543307 61.41732283464567 marques

1239.3700787401574 2033.0708661417323 483.46456692913387 66.14173228346456 d'attachement
1637.7952755905512 2033.0708661417323 313.38582677165357 66.14173228346456 qu’elle
1864.5669291338584 2033.0708661417323 198.4251968503937 66.14173228346456 lui
1977.9527559055118 2033.0708661417323 141.73228346456693 66.14173228346456 a
2034.6456692913387 2033.0708661417323 313.38582677165357 66.14173228346456 données
2262.9921259842517 2033.0708661417323 170.07874015748033 66.14173228346456 et
2348.031496062992 2033.0708661417323 341.73228346456693 66.14173228346456 l’assure
2603.149606299213 2033.0708661417323 198.4251968503937 66.14173228346456 des
2716.535433070866 2033.0708661417323 398.4251968503937 66.14173228346456 sentiments
3029.9212598425197 2033.0708661417323 341.73228346456693 66.14173228346456 d’estime
3285.0393700787404 2033.0708661417323 170.07874015748033 66.14173228346456 et
3370.0787401574803 2033.0708661417323 170.07874015748033 66.14173228346456 de
3428.3464566929133 2033.0708661417323 283.46456692913387 66.14173228346456 considé-

1247.244094488189 2102.3622047244094 274.01574803149606 64.56692913385827 ration
1439.3700787401574 2102.3622047244094 302.3622047244094 64.56692913385827 qu’elle
1658.267716535433 2102.3622047244094 192.1259842519685 64.56692913385827 lui
1768.5039370078741 2102.3622047244094 137.00787401574803 64.56692913385827 a
1823.6220472440946 2102.3622047244094 247.24409448818898 64.56692913385827 voués
1987.4015748031495 2102.3622047244094 165.35433070866142 64.56692913385827 et
2070.8661417322833 2102.3622047244094 302.3622047244094 64.56692913385827 qu’elle
2289.763779527559 2102.3622047244094 192.1259842519685 64.56692913385827 lui
2371.6535433070867 2102.3622047244094 302.3622047244094 64.56692913385827 conserve.

1225.1968503937007 2264.566929133858 390.5511811023622 111.81102362204724 ★33★
1469.291338582677 2264.566929133858 585.8267716535433 111.81102362204724 NAPOLÉON
1908.6614173228347 2264.566929133858 292.9133858267717 111.81102362204724 II
2055.1181102362207 2264.566929133858 1366.9291338582677 111.81102362204724 (François-Charles-Joseph
3277.165354330709 2264.566929133858 634.6456692913385 111.81102362204724 BONAPARTE
3765.3543307086616 2264.566929133858 439.37007874015745 111.81102362204724 dit),
4058.267716535433 2264.566929133858 292.9133858267717 111.81102362204724 n.
4204.724409448819 2264.566929133858 244.09448818897638 111.81102362204724 à
4302.36220472441 2264.566929133858 488.18897637795277 111.81102362204724 Paris,
4595.275590551181 2264.566929133858 195.2755905511811 111.81102362204724 20

1228.3464566929133 2384.251968503937 370.0787401574803 97.63779527559055 mars
1459.8425196850394 2384.251968503937 417.3228346456693 97.63779527559055 1811,
1737.007874015748 2384.251968503937 370.0787401574803 97.63779527559055 fils
1968.5039370078741 2384.251968503937 462.99212598425197 97.63779527559055 unique
2292.9133858267714 2384.251968503937 277.1653543307087 97.63779527559055 de
2431.496062992126 2384.251968503937 555.9055118110236 97.63779527559055 Napoléon
2847.244094488189 2384.251968503937 231.49606299212599 97.63779527559055 I
2940.1574803149606 2384.251968503937 277.1653543307087 97.63779527559055 et
3078.740157480315 2384.251968503937 277.1653543307087 97.63779527559055 de
3218.8976377952754 2384.251968503937 787.4015748031496 97.63779527559055 Marie-Louise,
3866.1417322834645 2384.251968503937 324.40944881889766 97.63779527559055 roi
4051.968503937008 2384.251968503937 277.1653543307087 97.63779527559055 de
4190.5511811023625 2384.251968503937 417.3228346456693 97.63779527559055 Rome,
4467.716535433071 2384.251968503937 324.40944881889766 97.63779527559055 duc
4606.299212598426 2384.251968503937 185.82677165354332 97.63779527559055 de

1239.3700787401574 2494.488188976378 573.2283464566929 92.91338582677166 Reichstadt
1689.763779527559 2494.488188976378 286.61417322834643 92.91338582677166 (22
1853.5433070866143 2494.488188976378 450.3937007874016 92.91338582677166 juillet
2141.732283464567 2494.488188976378 327.5590551181102 92.91338582677166 1818),

1234.6456692913387 2596.850393700787 297.6377952755906 97.63779527559055 m.
1382.6771653543308 2596.850393700787 247.24409448818898 97.63779527559055 à
1481.8897637795276 2596.850393700787 741.7322834645669 97.63779527559055 Schœnbrunn,
2075.5905511811025 2596.850393700787 395.2755905511811 97.63779527559055 près
2272.4409448818897 2596.850393700787 198.4251968503937 97.63779527559055 de

1240.9448818897638 2710.236220472441 445.6692913385827 83.46456692913385 Vienne,
1565.3543307086613 2710.236220472441 242.51968503937007 83.46456692913385 22
1686.6141732283465 2710.236220472441 445.6692913385827 83.46456692913385 juillet
1970.0787401574803 2710.236220472441 283.46456692913387 83.46456692913385 1832.

1319.6850393700788 2840.9448818897636 349.6062992125984 74.01574803149606 Minute
1563.7795275590552 2840.9448818897636 209.4488188976378 74.01574803149606 de
1667.716535433071 2840.9448818897636 349.6062992125984 74.01574803149606 lettre
1913.3858267716535 2840.9448818897636 278.74015748031496 74.01574803149606 aut.
2086.6141732283463 2840.9448818897636 313.38582677165357 74.01574803149606 sig.,
2261.417322834646 2840.9448818897636 209.4488188976378 74.01574803149606 avec

1240.9448818897638 2925.984251968504 411.0236220472441 72.44094488188976 ratures
1540.1574803149606 2925.984251968504 223.6220472440945 72.44094488188976 et
1651.9685039370079 2925.984251968504 596.8503937007874 72.44094488188976 corrections,
2137.0078740157483 2925.984251968504 185.82677165354332 72.44094488188976 à
2211.0236220472443 2925.984251968504 223.6220472440945 72.44094488188976 un
2286.6141732283463 2925.984251968504 185.82677165354332 72.44094488188976 gé-

1240.9448818897638 3004.7244094488187 384.251968503937 78.74015748031496 néral;
1508.6614173228347 3004.7244094488187 422.0472440944882 78.74015748031496 Vienne,
1815.748031496063 3004.7244094488187 229.92125984251967 78.74015748031496 10
1930.708661417323 3004.7244094488187 422.0472440944882 78.74015748031496 janvier
2200.0 3004.7244094488187 267.7165354330709 78.74015748031496 1829,

1251.9685039370079 3094.488188976378 177.95275590551182 75.59055118110236 1
1324.4094488188975 3094.488188976378 214.17322834645668 75.59055118110236 p.
1431.4960629921259 3094.488188976378 248.8188976377953 75.59055118110236 1/2
1573.2283464566929 3094.488188976378 321.25984251968504 75.59055118110236 in-4.
1787.4015748031495 3094.488188976378 177.95275590551182 75.59055118110236 —
1822.0472440944882 3094.488188976378 143.30708661417322 75.59055118110236 P.

1296.0629921259842 3214.1732283464567 554.3307086614174 50.39370078740158 Remercîments
1746.4566929133857 3214.1732283464567 207.8740157480315 50.39370078740158 de
1850.3937007874015 3214.1732283464567 242.51968503937007 50.39370078740158 ses
1987.4015748031495 3214.1732283464567 277.1653543307087 50.39370078740158 vœux
2160.6299212598424 3214.1732283464567 207.8740157480315 50.39370078740158 de
2229.9212598425197 3214.1732283464567 242.51968503937007 50.39370078740158 bonne

1242.5196850393702 3280.314960629921 307.0866141732283 50.39370078740158 année.
1458.267716535433 3280.314960629921 400.0 50.39370078740158 Nouvelles
1766.9291338582677 3280.314960629921 184.251968503937 50.39370078740158 de
1858.267716535433 3280.314960629921 215.748031496063 50.39370078740158 ses
1981.1023622047244 3280.314960629921 307.0866141732283 50.39370078740158 études
2196.850393700787 3280.314960629921 184.251968503937 50.39370078740158 et
2289.763779527559 3280.314960629921 184.251968503937 50.39370078740158 de
2351.181102362205 3280.314960629921 122.83464566929133 50.39370078740158 la

1239.3700787401574 3344.8818897637793 283.46456692913387 62.99212598425197 cour.
1428.3464566929133 3344.8818897637793 220.4724409448819 62.99212598425197 Ses
1554.3307086614172 3344.8818897637793 316.53543307086613 62.99212598425197 études
1776.3779527559054 3344.8818897637793 188.9763779527559 62.99212598425197 de
1870.8661417322835 3344.8818897637793 537.007874015748 62.99212598425197 jurisprudence
2281.8897637795276 3344.8818897637793 188.9763779527559 62.99212598425197 sont

1239.3700787401574 3414.1732283464567 510.23622047244095 64.56692913385827 interrompues,
1659.8425196850394 3414.1732283464567 240.9448818897638 64.56692913385827 mais
1809.4488188976377 3414.1732283464567 211.0236220472441 64.56692913385827 ses
1930.708661417323 3414.1732283464567 300.78740157480314 64.56692913385827 études
2110.236220472441 3414.1732283464567 360.62992125984255 64.56692913385827 militaires

1239.3700787401574 3485.0393700787404 188.9763779527559 61.41732283464567 ne
1333.8582677165355 3485.0393700787404 314.96062992125985 61.41732283464567 feront
1554.3307086614172 3485.0393700787404 251.96850393700788 61.41732283464567 qu’y
1711.8110236220473 3485.0393700787404 346.45669291338584 61.41732283464567 gagner.
1965.3543307086613 3485.0393700787404 314.96062992125985 61.41732283464567 «Notre
2154.3307086614172 3485.0393700787404 314.96062992125985 61.41732283464567 carneval

1234.6456692913387 3552.755905511811 176.3779527559055 59.84251968503937 ne
1322.8346456692914 3552.755905511811 234.64566929133858 59.84251968503937 sera
1470.8661417322835 3552.755905511811 206.29921259842519 59.84251968503937 pas
1588.976377952756 3552.755905511811 176.3779527559055 59.84251968503937 si
1677.1653543307086 3552.755905511811 294.48818897637796 59.84251968503937 animée
1881.8897637795276 3552.755905511811 206.29921259842519 59.84251968503937 que
2000.0 3552.755905511811 206.29921259842519 59.84251968503937 les
2118.1102362204724 3552.755905511811 294.48818897637796 59.84251968503937 années
2294.488188976378 3552.755905511811 176.3779527559055 59.84251968503937 pré-

1233.0708661417323 3618.8976377952754 357.4803149606299 61.41732283464567 cédentes,
1507.0866141732283 3618.8976377952754 220.4724409448819 61.41732283464567 mais
1644.0944881889764 3618.8976377952754 165.35433070866142 61.41732283464567 en
1727.5590551181103 3618.8976377952754 220.4724409448819 61.41732283464567 tout
1864.5669291338584 3618.8976377952754 192.1259842519685 61.41732283464567 cas
1974.8031496062993 3618.8976377952754 192.1259842519685 61.41732283464567 pas
2085.0393700787404 3618.8976377952754 220.4724409448819 61.41732283464567 plus
2193.700787401575 3618.8976377952754 275.59055118110234 61.41732283464567 brillant

1233.0708661417323 3688.1889763779527 253.54330708661416 62.99212598425197 pour
1392.1259842519685 3688.1889763779527 222.04724409448818 62.99212598425197 moi
1518.1102362204724 3688.1889763779527 222.04724409448818 62.99212598425197 que
1645.6692913385828 3688.1889763779527 253.54330708661416 62.99212598425197 pour
1803.1496062992126 3688.1889763779527 285.03937007874015 62.99212598425197 vous;
1993.7007874015749 3688.1889763779527 190.5511811023622 62.99212598425197 on
2088.1889763779527 3688.1889763779527 222.04724409448818 62.99212598425197 m’a
2184.251968503937 3688.1889763779527 285.03937007874015 62.99212598425197 défendu

1225.1968503937007 3755.9055118110236 185.82677165354332 61.41732283464567 la
1318.1102362204724 3755.9055118110236 278.74015748031496 61.41732283464567 danse
1505.5118110236222 3755.9055118110236 248.8188976377953 61.41732283464567 pour
1659.8425196850394 3755.9055118110236 373.2283464566929 61.41732283464567 prévenir
1940.1574803149606 3755.9055118110236 310.23622047244095 61.41732283464567 chaque
2125.984251968504 3755.9055118110236 341.73228346456693 61.41732283464567 affection

1228.3464566929133 3823.6220472440946 541.7322834645669 59.84251968503937 poitrinaire.»
1674.015748031496 3823.6220472440946 159.0551181102362 59.84251968503937 —
1738.5826771653544 3823.6220472440946 223.6220472440945 59.84251968503937 (On
1866.1417322834645 3823.6220472440946 255.11811023622047 59.84251968503937 sait
2025.1968503937007 3823.6220472440946 223.6220472440945 59.84251968503937 que
2152.755905511811 3823.6220472440946 190.5511811023622 59.84251968503937 le
2215.748031496063 3823.6220472440946 255.11811023622047 59.84251968503937 prince

1228.3464566929133 3889.763779527559 283.46456692913387 59.84251968503937 mourut
1426.7716535433071 3889.763779527559 255.11811023622047 59.84251968503937 d’une
1596.8503937007874 3889.763779527559 368.503937007874 59.84251968503937 affection
1878.740157480315 3889.763779527559 170.07874015748033 59.84251968503937 de
1935.4330708661416 3889.763779527559 340.15748031496065 59.84251968503937 poitrine.)

1225.1968503937007 4069.2913385826773 366.92913385826773 100.78740157480316 ★34★
1453.5433070866143 4069.2913385826773 412.59842519685037 100.78740157480316 LOUIS
1729.1338582677165 4069.2913385826773 458.26771653543307 100.78740157480316 XVIII,
2050.3937007874015 4069.2913385826773 275.59055118110234 100.78740157480316 n.
2187.4015748031497 4069.2913385826773 229.92125984251967 100.78740157480316 à
2278.740157480315 4069.2913385826773 688.1889763779527 100.78740157480316 Versailles,
2829.9212598425197 4069.2913385826773 275.59055118110234 100.78740157480316 17
2966.9291338582675 4069.2913385826773 549.6062992125984 100.78740157480316 novembre
3379.527559055118 4069.2913385826773 412.59842519685037 100.78740157480316 1755,
3653.5433070866143 4069.2913385826773 412.59842519685037 100.78740157480316 comte
3929.1338582677167 4069.2913385826773 275.59055118110234 100.78740157480316 de
4066.1417322834645 4069.2913385826773 595.2755905511812 100.78740157480316 Provence,
4478.740157480315 4069.2913385826773 321.25984251968504 100.78740157480316 frère

1212.5984251968505 4174.8031496062995 415.748031496063 96.06299212598425 cadet
1488.1889763779527 4174.8031496062995 277.1653543307087 96.06299212598425 de
1626.7716535433071 4174.8031496062995 415.748031496063 96.06299212598425 Louis
1903.9370078740158 4174.8031496062995 368.503937007874 96.06299212598425 XVI,
2135.433070866142 4174.8031496062995 322.8346456692913 96.06299212598425 roi
2319.685039370079 4174.8031496062995 277.1653543307087 96.06299212598425 le
2458.267716535433 4174.8031496062995 277.1653543307087 96.06299212598425 25
2595.2755905511813 4174.8031496062995 415.748031496063 96.06299212598425 avril
2872.4409448818897 4174.8031496062995 415.748031496063 96.06299212598425 1814,
3149.6062992125985 4174.8031496062995 277.1653543307087 96.06299212598425 m.
3288.1889763779527 4174.8031496062995 229.92125984251967 96.06299212598425 à
3379.527559055118 4174.8031496062995 461.4173228346457 96.06299212598425 Paris,
3702.3622047244094 4174.8031496062995 277.1653543307087 96.06299212598425 16
3840.9448818897636 4174.8031496062995 600.0 96.06299212598425 septembre
4256.692913385827 4174.8031496062995 322.8346456692913 96.06299212598425 1824.

1300.7874015748032 4316.535433070866 220.4724409448819 78.74015748031496 L.
1411.023622047244 4316.535433070866 220.4724409448819 78.74015748031496 A.
1521.259842519685 4316.535433070866 220.4724409448819 78.74015748031496 S.
1631.4960629921259 4316.535433070866 184.251968503937 78.74015748031496 à
1705.5118110236222 4316.535433070866 404.7244094488189 78.74015748031496 Willot;
2000.0 4316.535433070866 368.503937007874 78.74015748031496 Mitau,
2256.6929133858266 4316.535433070866 220.4724409448819 78.74015748031496 23
2368.503937007874 4316.535433070866 478.74015748031496 78.74015748031496 septembre
2735.433070866142 4316.535433070866 330.70866141732284 78.74015748031496 1799,
2957.48031496063 4316.535433070866 258.26771653543307 78.74015748031496 1/2
3103.9370078740158 4316.535433070866 220.4724409448819 78.74015748031496 p.
3214.1732283464567 4316.535433070866 330.70866141732284 78.74015748031496 in-4.
3436.220472440945 4316.535433070866 184.251968503937 78.74015748031496 —
3508.6614173228345 4316.535433070866 220.4724409448819 78.74015748031496 P.
3618.8976377952754 4316.535433070866 220.4724409448819 78.74015748031496 de
3730.7086614173227 4316.535433070866 220.4724409448819 78.74015748031496 Le
3803.149606299213 4316.535433070866 258.26771653543307 78.74015748031496 Beau.

1283.4645669291338 4436.220472440945 171.6535433070866 67.71653543307086 Il
1368.5039370078741 4436.220472440945 171.6535433070866 67.71653543307086 le
1455.1181102362204 4436.220472440945 343.3070866141732 67.71653543307086 remercie
1711.8110236220473 4436.220472440945 171.6535433070866 67.71653543307086 de
1798.4251968503936 4436.220472440945 200.0 67.71653543307086 ses
1913.3858267716535 4436.220472440945 286.61417322834643 67.71653543307086 offres
2113.3858267716537 4436.220472440945 171.6535433070866 67.71653543307086 de
2198.4251968503936 4436.220472440945 343.3070866141732 67.71653543307086 service.
2456.6929133858266 4436.220472440945 200.0 67.71653543307086 «Je
2571.6535433070867 4436.220472440945 314.96062992125985 67.71653543307086 connois
2800.0 4436.220472440945 171.6535433070866 67.71653543307086 de
2886.6141732283463 4436.220472440945 228.3464566929134 67.71653543307086 même
3029.9212598425197 4436.220472440945 258.26771653543307 67.71653543307086 votre
3201.5748031496064 4436.220472440945 228.3464566929134 67.71653543307086 zèle
3344.8818897637793 4436.220472440945 171.6535433070866 67.71653543307086 et
3429.9212598425197 4436.220472440945 200.0 67.71653543307086 vos
3544.8818897637793 4436.220472440945 314.96062992125985 67.71653543307086 talens;
3773.228346456693 4436.220472440945 200.0 67.71653543307086 j’y
3888.1889763779527 4436.220472440945 286.61417322834643 67.71653543307086 compte
4059.8425196850394 4436.220472440945 171.6535433070866 67.71653543307086 avec

1223.6220472440946 4500.787401574803 362.20472440944883 66.14173228346456 confiance
1502.3622047244094 4500.787401574803 166.9291338582677 66.14173228346456 et
1585.8267716535433 4500.787401574803 166.9291338582677 66.14173228346456 je
1669.291338582677 4500.787401574803 333.8582677165354 66.14173228346456 m’occupe
1919.6850393700788 4500.787401574803 195.2755905511811 66.14173228346456 des
2031.4960629921259 4500.787401574803 278.74015748031496 66.14173228346456 moyens
2226.771653543307 4500.787401574803 166.9291338582677 66.14173228346456 de
2310.236220472441 4500.787401574803 195.2755905511811 66.14173228346456 les
2420.472440944882 4500.787401574803 278.74015748031496 66.14173228346456 rendre
2615.748031496063 4500.787401574803 166.9291338582677 66.14173228346456 de
2699.212598425197 4500.787401574803 222.04724409448818 66.14173228346456 plus
2837.7952755905512 4500.787401574803 166.9291338582677 66.14173228346456 en
2921.259842519685 4500.787401574803 222.04724409448818 66.14173228346456 plus
3061.417322834646 4500.787401574803 278.74015748031496 66.14173228346456 utiles
3255.1181102362207 4500.787401574803 138.58267716535434 66.14173228346456 à
3311.8110236220473 4500.787401574803 333.8582677165354 66.14173228346456 l’Etat.»
3562.2047244094488 4500.787401574803 138.58267716535434 66.14173228346456 —
3617.3228346456694 4500.787401574803 195.2755905511811 66.14173228346456 (Il
3729.1338582677167 4500.787401574803 278.74015748031496 66.14173228346456 s'agit
3924.4094488188975 4500.787401574803 222.04724409448818 66.14173228346456 sans
4034.6456692913384 4500.787401574803 195.2755905511811 66.14173228346456 doute

1223.6220472440946 4566.929133858268 168.50393700787401 62.99212598425197 du
1308.6614173228347 4566.929133858268 308.66141732283467 62.99212598425197 général
1532.283464566929 4566.929133858268 308.66141732283467 62.99212598425197 Willot,
1757.4803149606298 4566.929133858268 196.8503937007874 62.99212598425197 qui
1870.8661417322835 4566.929133858268 253.54330708661416 62.99212598425197 avait
2039.3700787401574 4566.929133858268 196.8503937007874 62.99212598425197 été
2151.181102362205 4566.929133858268 308.66141732283467 62.99212598425197 déporté
2376.3779527559054 4566.929133858268 140.15748031496062 62.99212598425197 à
2433.0708661417325 4566.929133858268 337.00787401574803 62.99212598425197 Sinamary
2685.0393700787404 4566.929133858268 253.54330708661416 62.99212598425197 après
2853.5433070866143 4566.929133858268 168.50393700787401 62.99212598425197 le
2938.582677165354 4566.929133858268 168.50393700787401 62.99212598425197 18
3022.047244094488 4566.929133858268 365.3543307086614 62.99212598425197 fructidor
3303.9370078740158 4566.929133858268 168.50393700787401 62.99212598425197 et
3388.9763779527557 4566.929133858268 308.66141732283467 62.99212598425197 s’était
3612.5984251968503 4566.929133858268 253.54330708661416 62.99212598425197 évadé
3781.1023622047246 4566.929133858268 225.1968503937008 62.99212598425197 avec
3894.488188976378 4566.929133858268 337.00787401574803 62.99212598425197 Pichegru.)

1209.4488188976377 4729.133858267716 387.40157480314963 108.66141732283465 ★35★
1451.9685039370079 4729.133858267716 532.2834645669292 108.66141732283465 CHARLES
1839.3700787401574 4729.133858267716 291.33858267716533 108.66141732283465 X,
1985.8267716535433 4729.133858267716 291.33858267716533 108.66141732283465 n.
2130.7086614173227 4729.133858267716 242.51968503937007 108.66141732283465 à
2226.771653543307 4729.133858267716 727.5590551181102 108.66141732283465 Versailles,
2809.448818897638 4729.133858267716 242.51968503937007 108.66141732283465 9
2905.511811023622 4729.133858267716 532.2834645669292 108.66141732283465 octobre
3292.9133858267714 4729.133858267716 436.2204724409449 108.66141732283465 1757,
3584.251968503937 4729.133858267716 436.2204724409449 108.66141732283465 comte
3874.015748031496 4729.133858267716 629.9212598425197 108.66141732283465 d’Artois,
4359.055118110236 4729.133858267716 436.2204724409449 108.66141732283465 frère
4601.574803149606 4729.133858267716 193.70078740157481 108.66141732283465 et

1211.023622047244 4837.795275590551 618.8976377952756 102.36220472440945 successeur
1697.6377952755906 4837.795275590551 264.56692913385825 102.36220472440945 de
1829.9212598425197 4837.795275590551 398.4251968503937 102.36220472440945 Louis
2094.488188976378 4837.795275590551 442.5196850393701 102.36220472440945 XVIII,
2404.7244094488187 4837.795275590551 310.23622047244095 102.36220472440945 roi
2581.1023622047246 4837.795275590551 264.56692913385825 102.36220472440945 le
2713.3858267716537 4837.795275590551 264.56692913385825 102.36220472440945 16
2847.244094488189 4837.795275590551 574.8031496062993 102.36220472440945 septembre
3288.1889763779527 4837.795275590551 398.4251968503937 102.36220472440945 1824,
3554.3307086614172 4837.795275590551 486.61417322834643 102.36220472440945 détrôné
3908.6614173228345 4837.795275590551 264.56692913385825 102.36220472440945 le
4040.9448818897636 4837.795275590551 264.56692913385825 102.36220472440945 29
4173.228346456693 4837.795275590551 486.61417322834643 102.36220472440945 juillet
4481.889763779527 4837.795275590551 310.23622047244095 102.36220472440945 1830,

1212.5984251968505 4944.881889763779 264.56692913385825 94.48818897637796 m.
1344.8818897637796 4944.881889763779 220.4724409448819 94.48818897637796 à
1433.0708661417323 4944.881889763779 442.5196850393701 94.48818897637796 Goritz
1743.3070866141732 4944.881889763779 662.992125984252 94.48818897637796 (Autriche),
2274.015748031496 4944.881889763779 220.4724409448819 94.48818897637796 6
2362.2047244094488 4944.881889763779 530.7086614173228 94.48818897637796 novembre
2714.9606299212596 4944.881889763779 310.23622047244095 94.48818897637796 1836.

1297.6377952755906 5089.763779527559 223.6220472440945 85.03937007874016 L.
1409.4488188976377 5089.763779527559 223.6220472440945 85.03937007874016 A.
1521.259842519685 5089.763779527559 223.6220472440945 85.03937007874016 S.
1633.0708661417323 5089.763779527559 223.6220472440945 85.03937007874016 au
1744.8818897637796 5089.763779527559 333.8582677165354 85.03937007874016 comte
1966.9291338582677 5089.763779527559 223.6220472440945 85.03937007874016 de
2078.740157480315 5089.763779527559 483.46456692913387 85.03937007874016 Rayneval,
2450.3937007874015 5089.763779527559 185.82677165354332 85.03937007874016 à
2524.4094488188975 5089.763779527559 409.4488188976378 85.03937007874016 Vienne;
2822.047244094488 5089.763779527559 669.2913385826772 85.03937007874016 Lullworth-Parc
3379.527559055118 5089.763779527559 631.496062992126 85.03937007874016 (Angleterre),
3899.212598425197 5089.763779527559 223.6220472440945 85.03937007874016 24
4011.0236220472443 5089.763779527559 297.6377952755906 85.03937007874016 août
4196.850393700787 5089.763779527559 333.8582677165354 85.03937007874016 1830,
4418.897637795276 5089.763779527559 259.84251968503935 85.03937007874016 3/4
4566.929133858268 5089.763779527559 223.6220472440945 85.03937007874016 de
4642.51968503937 5089.763779527559 148.03149606299212 85.03937007874016 p.

1220.4724409448818 5177.952755905511 313.38582677165357 75.59055118110236 in-4,
1428.3464566929133 5177.952755905511 382.6771653543307 75.59055118110236 cachet.
1707.0866141732283 5177.952755905511 173.22834645669292 75.59055118110236 —
1776.3779527559054 5177.952755905511 207.8740157480315 75.59055118110236 P.
1880.3149606299212 5177.952755905511 207.8740157480315 75.59055118110236 de
1984.251968503937 5177.952755905511 382.6771653543307 75.59055118110236 Freschi
2262.9921259842517 5177.952755905511 207.8740157480315 75.59055118110236 et
2366.9291338582675 5177.952755905511 207.8740157480315 75.59055118110236 de
2470.8661417322833 5177.952755905511 348.0314960629921 75.59055118110236 Perrot
2680.314960629921 5177.952755905511 242.51968503937007 75.59055118110236 fils.

1283.4645669291338 5300.787401574803 325.98425196850394 66.14173228346456 Curieuse
1527.5590551181103 5300.787401574803 299.21259842519686 66.14173228346456 lettre,
1746.4566929133857 5300.787401574803 272.4409448818898 66.14173228346456 écrite
1935.4330708661416 5300.787401574803 245.66929133858267 66.14173228346456 alors
2099.212598425197 5300.787401574803 245.66929133858267 66.14173228346456 qu'il
2262.9921259842517 5300.787401574803 272.4409448818898 66.14173228346456 venait
2453.5433070866143 5300.787401574803 354.3307086614173 66.14173228346456 d’arriver
2725.984251968504 5300.787401574803 163.7795275590551 66.14173228346456 en
2806.299212598425 5300.787401574803 381.1023622047244 66.14173228346456 Angleterre
3107.0866141732286 5300.787401574803 245.66929133858267 66.14173228346456 après
3269.2913385826773 5300.787401574803 163.7795275590551 66.14173228346456 la
3351.181102362205 5300.787401574803 381.1023622047244 66.14173228346456 révolution
3650.3937007874015 5300.787401574803 163.7795275590551 66.14173228346456 de
3732.283464566929 5300.787401574803 325.98425196850394 66.14173228346456 juillet.
3977.952755905512 5300.787401574803 163.7795275590551 66.14173228346456 Il
4058.267716535433 5300.787401574803 163.7795275590551 66.14173228346456 le
4140.157480314961 5300.787401574803 325.98425196850394 66.14173228346456 remercie
4385.826771653543 5300.787401574803 163.7795275590551 66.14173228346456 de
4467.716535433071 5300.787401574803 163.7795275590551 66.14173228346456 sa
4521.259842519685 5300.787401574803 272.4409448818898 66.14173228346456 conduite

1223.6220472440946 5363.779527559055 228.3464566929134 69.29133858267717 dans
1366.9291338582677 5363.779527559055 200.0 69.29133858267717 les
1480.3149606299212 5363.779527559055 485.03937007874015 69.29133858267717 circonstances
1880.3149606299212 5363.779527559055 371.65354330708664 69.29133858267717 actuelles
2165.3543307086616 5363.779527559055 171.6535433070866 69.29133858267717 et
2251.968503937008 5363.779527559055 171.6535433070866 69.29133858267717 il
2337.0078740157483 5363.779527559055 200.0 69.29133858267717 lui
2451.968503937008 5363.779527559055 314.96062992125985 69.29133858267717 demande
2680.314960629921 5363.779527559055 171.6535433070866 69.29133858267717 de
2765.3543307086616 5363.779527559055 285.03937007874015 69.29133858267717 donner
2965.3543307086616 5363.779527559055 171.6535433070866 69.29133858267717 au
3051.968503937008 5363.779527559055 256.6929133858268 69.29133858267717 baron
3222.047244094488 5363.779527559055 171.6535433070866 69.29133858267717 de
3308.6614173228345 5363.779527559055 428.34645669291336 69.29133858267717 Kentzinger,
3651.968503937008 5363.779527559055 256.6929133858268 69.29133858267717 qu’il
3822.047244094488 5363.779527559055 285.03937007874015 69.29133858267717 envoie
4022.047244094488 5363.779527559055 143.30708661417322 69.29133858267717 à
4080.314960629921 5363.779527559055 314.96062992125985 69.29133858267717 Vienne,
4308.6614173228345 5363.779527559055 200.0 69.29133858267717 des
4422.047244094489 5363.779527559055 343.3070866141732 69.29133858267717 conseils
4650.393700787402 5363.779527559055 143.30708661417322 69.29133858267717 sur

1223.6220472440946 5431.496062992126 176.3779527559055 67.71653543307086 ce
1311.8110236220473 5431.496062992126 266.1417322834646 67.71653543307086 qu’il
1489.763779527559 5431.496062992126 236.2204724409449 67.71653543307086 aura
1636.2204724409448 5431.496062992126 148.03149606299212 67.71653543307086 à
1696.0629921259842 5431.496062992126 266.1417322834646 67.71653543307086 faire
1872.4409448818897 5431.496062992126 382.6771653543307 67.71653543307086 vis-à-vis
2166.9291338582675 5431.496062992126 176.3779527559055 67.71653543307086 du
2256.6929133858266 5431.496062992126 294.48818897637796 67.71653543307086 prince
2462.9921259842517 5431.496062992126 176.3779527559055 67.71653543307086 de
2551.181102362205 5431.496062992126 412.59842519685037 67.71653543307086 Metternich
2875.5905511811025 5431.496062992126 176.3779527559055 67.71653543307086 et
2963.779527559055 5431.496062992126 324.40944881889766 67.71653543307086 ensuite
3200.0 5431.496062992126 294.48818897637796 67.71653543307086 auprès
3406.299212598425 5431.496062992126 176.3779527559055 67.71653543307086 de
3494.488188976378 5431.496062992126 442.5196850393701 67.71653543307086 l’empereur.
3848.818897637795 5431.496062992126 206.29921259842519 67.71653543307086 «Je
3966.9291338582675 5431.496062992126 324.40944881889766 67.71653543307086 prévois
4203.149606299213 5431.496062992126 206.29921259842519 67.71653543307086 que
4319.685039370079 5431.496062992126 236.2204724409449 67.71653543307086 vous
4467.716535433071 5431.496062992126 176.3779527559055 67.71653543307086 ne
4525.9842519685035 5431.496062992126 266.1417322834646 67.71653543307086 pourrés

1226.7716535433071 5496.062992125984 201.5748031496063 70.86614173228347 pas
1341.732283464567 5496.062992125984 286.61417322834643 70.86614173228347 garder
1541.732283464567 5496.062992125984 171.6535433070866 70.86614173228347 un
1628.3464566929133 5496.062992125984 373.2283464566929 70.86614173228347 caractère
1916.5354330708662 5496.062992125984 373.2283464566929 70.86614173228347 officiel,
2203.149606299213 5496.062992125984 229.92125984251967 70.86614173228347 mais
2346.4566929133857 5496.062992125984 229.92125984251967 70.86614173228347 vous
2491.3385826771655 5496.062992125984 229.92125984251967 70.86614173228347 n’en
2634.6456692913384 5496.062992125984 258.26771653543307 70.86614173228347 serés
2806.299212598425 5496.062992125984 201.5748031496063 70.86614173228347 pas
2921.259842519685 5496.062992125984 258.26771653543307 70.86614173228347 moins
3094.488188976378 5496.062992125984 143.30708661417322 70.86614173228347 à
3151.181102362205 5496.062992125984 286.61417322834643 70.86614173228347 portée
3352.755905511811 5496.062992125984 171.6535433070866 70.86614173228347 de
3439.3700787401576 5496.062992125984 171.6535433070866 70.86614173228347 me
3496.0629921259842 5496.062992125984 229.92125984251967 70.86614173228347 servir

1225.1968503937007 5557.48031496063 244.09448818897638 77.16535433070867 dans
1376.3779527559054 5557.48031496063 274.01574803149606 77.16535433070867 cette
1560.6299212598426 5557.48031496063 305.51181102362204 77.16535433070867 triste
1773.2283464566929 5557.48031496063 365.3543307086614 77.16535433070867 occasion
2047.244094488189 5557.48031496063 244.09448818897638 77.16535433070867 avec
2200.0 5557.48031496063 182.6771653543307 77.16535433070867 le
2291.3385826771655 5557.48031496063 244.09448818897638 77.16535433070867 zèle
2444.0944881889764 5557.48031496063 182.6771653543307 77.16535433070867 et
2535.433070866142 5557.48031496063 214.17322834645668 77.16535433070867 les
2656.6929133858266 5557.48031496063 305.51181102362204 77.16535433070867 moyens
2870.8661417322833 5557.48031496063 244.09448818897638 77.16535433070867 dont
3023.6220472440946 5557.48031496063 244.09448818897638 77.16535433070867 vous
3176.3779527559054 5557.48031496063 305.51181102362204 77.16535433070867 m’avés
3388.9763779527557 5557.48031496063 244.09448818897638 77.16535433070867 déjà
3510.236220472441 5557.48031496063 214.17322834645668 77.16535433070867 donné

1223.6220472440946 5622.047244094489 256.6929133858268 78.74015748031496 tant
1382.6771653543308 5622.047244094489 192.1259842519685 78.74015748031496 de
1478.740157480315 5622.047244094489 417.3228346456693 78.74015748031496 preuves.»
1800.0 5622.047244094489 160.62992125984252 78.74015748031496 —
1864.5669291338584 5622.047244094489 768.503937007874 78.74015748031496 (François-Maximilien
2537.0078740157483 5622.047244094489 352.755905511811 78.74015748031496 Gérard,
2793.700787401575 5622.047244094489 288.18897637795277 78.74015748031496 comte
2985.8267716535433 5622.047244094489 192.1259842519685 78.74015748031496 de
3081.8897637795276 5622.047244094489 417.3228346456693 78.74015748031496 Rayneval,
3401.5748031496064 5622.047244094489 288.18897637795277 78.74015748031496 avait
3562.2047244094488 5622.047244094489 160.62992125984252 78.74015748031496 été

1225.1968503937007 5691.3385826771655 311.81102362204723 74.01574803149606 nommé,
1444.0944881889764 5691.3385826771655 187.4015748031496 74.01574803149606 en
1537.007874015748 5691.3385826771655 343.3070866141732 74.01574803149606 octobre
1787.4015748031495 5691.3385826771655 280.31496062992125 74.01574803149606 1829,
1974.8031496062993 5691.3385826771655 467.7165354330709 74.01574803149606 ambassadeur
2348.031496062992 5691.3385826771655 155.90551181102362 74.01574803149606 à
2411.0236220472443 5691.3385826771655 311.81102362204723 74.01574803149606 Vienne
2629.9212598425197 5691.3385826771655 218.89763779527559 74.01574803149606 par
2754.3307086614172 5691.3385826771655 343.3070866141732 74.01574803149606 Charles
3003.149606299213 5691.3385826771655 187.4015748031496 74.01574803149606 X.
3097.6377952755906 5691.3385826771655 187.4015748031496 74.01574803149606 Il
3190.551181102362 5691.3385826771655 218.89763779527559 74.01574803149606 fut
3314.9606299212596 5691.3385826771655 406.2992125984252 74.01574803149606 remplacé,
3596.850393700787 5691.3385826771655 124.40944881889764 74.01574803149606 en

1225.1968503937007 5752.755905511811 294.48818897637796 77.16535433070867 effet,
1431.4960629921259 5752.755905511811 234.64566929133858 77.16535433070867 dans
1577.9527559055118 5752.755905511811 176.3779527559055 77.16535433070867 ce
1666.1417322834645 5752.755905511811 294.48818897637796 77.16535433070867 poste,
1872.4409448818897 5752.755905511811 264.56692913385825 77.16535433070867 après
2048.818897637795 5752.755905511811 176.3779527559055 77.16535433070867 la
2137.0078740157483 5752.755905511811 411.0236220472441 77.16535433070867 révolution
2459.8425196850394 5752.755905511811 176.3779527559055 77.16535433070867 de
2548.031496062992 5752.755905511811 352.755905511811 77.16535433070867 Juillet.
2812.5984251968503 5752.755905511811 176.3779527559055 77.16535433070867 Il
2900.787401574803 5752.755905511811 264.56692913385825 77.16535433070867 vécut
3077.165354330709 5752.755905511811 322.8346456692913 77.16535433070867 quelque
3311.8110236220473 5752.755905511811 264.56692913385825 77.16535433070867 temps
3488.1889763779527 5752.755905511811 234.64566929133858 77.16535433070867 dans
3604.7244094488187 5752.755905511811 118.11023622047244 77.16535433070867 la

1226.7716535433071 5820.472440944882 373.2283464566929 70.86614173228347 retraite,
1513.3858267716535 5820.472440944882 229.92125984251967 70.86614173228347 puis
1656.6929133858268 5820.472440944882 373.2283464566929 70.86614173228347 consentit
1943.3070866141732 5820.472440944882 143.30708661417322 70.86614173228347 à
2000.0 5820.472440944882 286.61417322834643 70.86614173228347 servir
2201.5748031496064 5820.472440944882 171.6535433070866 70.86614173228347 le
2288.1889763779527 5820.472440944882 314.96062992125985 70.86614173228347 nouveau
2516.535433070866 5820.472440944882 458.26771653543307 70.86614173228347 gouvernement
2889.763779527559 5820.472440944882 171.6535433070866 70.86614173228347 et
2976.3779527559054 5820.472440944882 344.88188976377955 70.86614173228347 accepta,
3233.0708661417325 5820.472440944882 171.6535433070866 70.86614173228347 en
3319.685039370079 5820.472440944882 314.96062992125985 70.86614173228347 février
3521.259842519685 5820.472440944882 200.0 70.86614173228347 1832,

1226.7716535433071 5886.614173228347 440.9448818897638 69.29133858267717 l'ambassade
1581.1023622047244 5886.614173228347 412.59842519685037 69.29133858267717 d’Espagne.
1903.9370078740158 5886.614173228347 176.3779527559055 69.29133858267717 Il
1992.1259842519685 5886.614173228347 294.48818897637796 69.29133858267717 mourut
2198.4251968503936 5886.614173228347 234.64566929133858 69.29133858267717 dans
2344.8818897637793 5886.614173228347 206.29921259842519 69.29133858267717 ces
2462.9921259842517 5886.614173228347 382.6771653543307 69.29133858267717 fonctions
2757.48031496063 5886.614173228347 146.45669291338584 69.29133858267717 à
2815.748031496063 5886.614173228347 324.40944881889766 69.29133858267717 Madrid,
3051.968503937008 5886.614173228347 176.3779527559055 69.29133858267717 le
3140.1574803149606 5886.614173228347 176.3779527559055 69.29133858267717 16
3228.3464566929133 5886.614173228347 234.64566929133858 69.29133858267717 août
3346.4566929133857 5886.614173228347 234.64566929133858 69.29133858267717 1836.)
