3637 4663
751 593 471 53 16
987 593 707 53 CHEFS
1458 593 471 53 DE
1694 593 1257 53 GOUVERNEMENT
2636 593 393 53 S.1

772 892 274 62 ★32★
943 892 308 62 MARIE
1149 892 343 62 LOUISE
1388 892 514 62 D’AUTRICHE,
1800 892 206 62 n.
1902 892 171 62 à
1971 892 343 62 Vienne
2211 892 514 62 (Autriche),
2622 892 206 62 12
2690 892 343 62 décembre

787 959 243 65 1791,
949 959 243 65 fille
1111 959 243 65 aînée
1274 959 162 65 de
1355 959 379 65 l’empereur
1652 959 379 65 d’Autriche
1950 959 324 65 François
2193 959 162 65 I,
2274 959 297 65 seconde
2490 959 243 65 femme
2652 959 162 65 de
2734 959 324 65 Napoléon
2950 959 81 65 I

779 1027 168 64 (1
863 1027 253 64 avril
1032 1027 281 64 1810),
1228 1027 337 64 duchesse
1481 1027 168 64 de
1565 1027 253 64 Parme
1733 1027 309 64 (1814),
1958 1027 168 64 m.
2042 1027 140 64 à
2098 1027 309 64 Vienne,
2323 1027 168 64 18
2407 1027 337 64 décembre
2632 1027 196 64 1847.

835 1115 145 49 L.
907 1115 145 49 A.
980 1115 145 49 S.
1053 1115 121 49 à
1101 1115 145 49 la
1174 1115 291 49 comtesse
1392 1115 145 49 Du
1465 1115 267 49 Perron,
1659 1115 121 49 à
1708 1115 242 49 Turin;
1877 1115 436 49 Aix-en-Savoie,
2241 1115 145 49 31
2314 1115 267 49 juillet
2508 1115 218 49 1814,
2653 1115 170 49 3/4
2750 1115 145 49 de
2823 1115 145 49 p.
2871 1115 170 49 in

786 1172 270 51 enveloppe
994 1172 125 51 et
1056 1172 228 51 cachet.
1222 1172 270 51 <i>(Coll.
1430 1172 415 51 Dubrunfaut.)</i>
1783 1172 104 51 —
1804 1172 83 51 P.

824 1250 164 39 Jolie
933 1250 201 39 lettre,
1079 1250 182 39 écrite
1207 1250 201 39 pendant
1353 1250 109 39 la
1407 1250 219 39 première
1572 1250 310 39 restauration.
1827 1250 146 39 Elle
1918 1250 109 39 la
1973 1250 219 39 remercie
2137 1250 128 39 des
2192 1250 164 39 marques

787 1291 307 42 d'attachement
1040 1291 199 42 qu’elle
1184 1291 126 42 lui
1256 1291 90 42 a
1292 1291 199 42 données
1437 1291 108 42 et
1491 1291 217 42 l’assure
1653 1291 126 42 des
1725 1291 253 42 sentiments
1924 1291 217 42 d’estime
2086 1291 108 42 et
2140 1291 108 42 de
2177 1291 180 42 considé-

792 1335 174 41 ration
914 1335 192 41 qu’elle
1053 1335 122 41 lui
1123 1335 87 41 a
1158 1335 157 41 voués
1262 1335 105 41 et
1315 1335 192 41 qu’elle
1454 1335 122 41 lui
1506 1335 192 41 conserve.

778 1438 248 71 ★33★
933 1438 372 71 NAPOLÉON
1212 1438 186 71 II
1305 1438 868 71 (François-Charles-Joseph
2081 1438 403 71 BONAPARTE
2391 1438 279 71 dit),
2577 1438 186 71 n.
2670 1438 155 71 à
2732 1438 310 71 Paris,
2918 1438 124 71 20

780 1514 235 62 mars
927 1514 265 62 1811,
1103 1514 235 62 fils
1250 1514 294 62 unique
1456 1514 176 62 de
1544 1514 353 62 Napoléon
1808 1514 147 62 I
1867 1514 176 62 et
1955 1514 176 62 de
2044 1514 500 62 Marie-Louise,
2455 1514 206 62 roi
2573 1514 176 62 de
2661 1514 265 62 Rome,
2837 1514 206 62 duc
2925 1514 118 62 de

787 1584 364 59 Reichstadt
1073 1584 182 59 (22
1177 1584 286 59 juillet
1360 1584 208 59 1818),

784 1649 189 62 m.
878 1649 157 62 à
941 1649 471 62 Schœnbrunn,
1318 1649 251 62 près
1443 1649 126 62 de

788 1721 283 53 Vienne,
994 1721 154 53 22
1071 1721 283 53 juillet
1251 1721 180 53 1832.

838 1804 222 47 Minute
993 1804 133 47 de
1059 1804 222 47 lettre
1215 1804 177 47 aut.
1325 1804 199 47 sig.,
1436 1804 133 47 avec

788 1858 261 46 ratures
978 1858 142 46 et
1049 1858 379 46 corrections,
1357 1858 118 46 à
1404 1858 142 46 un
1452 1858 118 46 gé-

788 1908 244 50 néral;
958 1908 268 50 Vienne,
1153 1908 146 50 10
1226 1908 268 50 janvier
1397 1908 170 50 1829,

795 1965 113 48 1
841 1965 136 48 p.
909 1965 158 48 1/2
999 1965 204 48 in-4.
1135 1965 113 48 —
1157 1965 91 48 P.

823 2041 352 32 Remercîments
1109 2041 132 32 de
1175 2041 154 32 ses
1262 2041 176 32 vœux
1372 2041 132 32 de
1416 2041 154 32 bonne

789 2083 195 32 année.
926 2083 254 32 Nouvelles
1122 2083 117 32 de
1180 2083 137 32 ses
1258 2083 195 32 études
1395 2083 117 32 et
1454 2083 117 32 de
1493 2083 78 32 la

787 2124 180 40 cour.
907 2124 140 40 Ses
987 2124 201 40 études
1128 2124 120 40 de
1188 2124 341 40 jurisprudence
1449 2124 120 40 sont

787 2168 324 41 interrompues,
1054 2168 153 41 mais
1149 2168 134 41 ses
1226 2168 191 41 études
1340 2168 229 41 militaires

787 2213 120 39 ne
847 2213 200 39 feront
987 2213 160 39 qu’y
1087 2213 220 39 gagner.
1248 2213 200 39 «Notre
1368 2213 200 39 carneval

784 2256 112 38 ne
840 2256 149 38 sera
934 2256 131 38 pas
1009 2256 112 38 si
1065 2256 187 38 animée
1195 2256 131 38 que
1270 2256 131 38 les
1345 2256 187 38 années
1457 2256 112 38 pré-

783 2298 227 39 cédentes,
957 2298 140 39 mais
1044 2298 105 39 en
1097 2298 140 39 tout
1184 2298 122 39 cas
1254 2298 122 39 pas
1324 2298 140 39 plus
1393 2298 175 39 brillant

783 2342 161 40 pour
884 2342 141 40 moi
964 2342 141 40 que
1045 2342 161 40 pour
1145 2342 181 40 vous;
1266 2342 121 40 on
1326 2342 141 40 m’a
1387 2342 181 40 défendu

778 2385 118 39 la
837 2385 177 39 danse
956 2385 158 39 pour
1054 2385 237 39 prévenir
1232 2385 197 39 chaque
1350 2385 217 39 affection

780 2428 344 38 poitrinaire.»
1063 2428 101 38 —
1104 2428 142 38 (On
1185 2428 162 38 sait
1286 2428 142 38 que
1367 2428 121 38 le
1407 2428 162 38 prince

780 2470 180 38 mourut
906 2470 162 38 d’une
1014 2470 234 38 affection
1193 2470 108 38 de
1229 2470 216 38 poitrine.)

778 2584 233 64 ★34★
923 2584 262 64 LOUIS
1098 2584 291 64 XVIII,
1302 2584 175 64 n.
1389 2584 146 64 à
1447 2584 437 64 Versailles,
1797 2584 175 64 17
1884 2584 349 64 novembre
2146 2584 262 64 1755,
2320 2584 262 64 comte
2495 2584 175 64 de
2582 2584 378 64 Provence,
2844 2584 204 64 frère

770 2651 264 61 cadet
945 2651 176 61 de
1033 2651 264 61 Louis
1209 2651 234 61 XVI,
1356 2651 205 61 roi
1473 2651 176 61 le
1561 2651 176 61 25
1648 2651 264 61 avril
1824 2651 264 61 1814,
2000 2651 176 61 m.
2088 2651 146 61 à
2146 2651 293 61 Paris,
2351 2651 176 61 16
2439 2651 381 61 septembre
2703 2651 205 61 1824.

826 2741 140 50 L.
896 2741 140 50 A.
966 2741 140 50 S.
1036 2741 117 50 à
1083 2741 257 50 Willot;
1270 2741 234 50 Mitau,
1433 2741 140 50 23
1504 2741 304 50 septembre
1737 2741 210 50 1799,
1878 2741 164 50 1/2
1971 2741 140 50 p.
2041 2741 210 50 in-4.
2182 2741 117 50 —
2228 2741 140 50 P.
2298 2741 140 50 de
2369 2741 140 50 Le
2415 2741 164 50 Beau.

815 2817 109 43 Il
869 2817 109 43 le
924 2817 218 43 remercie
1087 2817 109 43 de
1142 2817 127 43 ses
1215 2817 182 43 offres
1342 2817 109 43 de
1396 2817 218 43 service.
1560 2817 127 43 «Je
1633 2817 200 43 connois
1778 2817 109 43 de
1833 2817 145 43 même
1924 2817 164 43 votre
2033 2817 145 43 zèle
2124 2817 109 43 et
2178 2817 127 43 vos
2251 2817 200 43 talens;
2396 2817 127 43 j’y
2469 2817 182 43 compte
2578 2817 109 43 avec

777 2858 230 42 confiance
954 2858 106 42 et
1007 2858 106 42 je
1060 2858 212 42 m’occupe
1219 2858 124 42 des
1290 2858 177 42 moyens
1414 2858 106 42 de
1467 2858 124 42 les
1537 2858 177 42 rendre
1661 2858 106 42 de
1714 2858 141 42 plus
1802 2858 106 42 en
1855 2858 141 42 plus
1944 2858 177 42 utiles
2067 2858 88 42 à
2103 2858 212 42 l’Etat.»
2262 2858 88 42 —
2297 2858 124 42 (Il
2368 2858 177 42 s'agit
2492 2858 141 42 sans
2562 2858 124 42 doute

777 2900 107 40 du
831 2900 196 40 général
973 2900 196 40 Willot,
1116 2900 125 40 qui
1188 2900 161 40 avait
1295 2900 125 40 été
1366 2900 196 40 déporté
1509 2900 89 40 à
1545 2900 214 40 Sinamary
1705 2900 161 40 après
1812 2900 107 40 le
1866 2900 107 40 18
1919 2900 232 40 fructidor
2098 2900 107 40 et
2152 2900 196 40 s’était
2294 2900 161 40 évadé
2401 2900 143 40 avec
2473 2900 214 40 Pichegru.)

768 3003 246 69 ★35★
922 3003 338 69 CHARLES
1168 3003 185 69 X,
1261 3003 185 69 n.
1353 3003 154 69 à
1414 3003 462 69 Versailles,
1784 3003 154 69 9
1845 3003 338 69 octobre
2091 3003 277 69 1757,
2276 3003 277 69 comte
2460 3003 400 69 d’Artois,
2768 3003 277 69 frère
2922 3003 123 69 et

769 3072 393 65 successeur
1078 3072 168 65 de
1162 3072 253 65 Louis
1330 3072 281 65 XVIII,
1527 3072 197 65 roi
1639 3072 168 65 le
1723 3072 168 65 16
1808 3072 365 65 septembre
2088 3072 253 65 1824,
2257 3072 309 65 détrôné
2482 3072 168 65 le
2566 3072 168 65 29
2650 3072 309 65 juillet
2846 3072 197 65 1830,

770 3140 168 60 m.
854 3140 140 60 à
910 3140 281 60 Goritz
1107 3140 421 60 (Autriche),
1444 3140 140 60 6
1500 3140 337 60 novembre
1724 3140 197 60 1836.

824 3232 142 54 L.
895 3232 142 54 A.
966 3232 142 54 S.
1037 3232 142 54 au
1108 3232 212 54 comte
1249 3232 142 54 de
1320 3232 307 54 Rayneval,
1556 3232 118 54 à
1603 3232 260 54 Vienne;
1792 3232 425 54 Lullworth-Parc
2146 3232 401 54 (Angleterre),
2476 3232 142 54 24
2547 3232 189 54 août
2665 3232 212 54 1830,
2806 3232 165 54 3/4
2900 3232 142 54 de
2948 3232 94 54 p.

775 3288 199 48 in-4,
907 3288 243 48 cachet.
1084 3288 110 48 —
1128 3288 132 48 P.
1194 3288 132 48 de
1260 3288 243 48 Freschi
1437 3288 132 48 et
1503 3288 132 48 de
1569 3288 221 48 Perrot
1702 3288 154 48 fils.

815 3366 207 42 Curieuse
970 3366 190 42 lettre,
1109 3366 173 42 écrite
1229 3366 156 42 alors
1333 3366 156 42 qu'il
1437 3366 173 42 venait
1558 3366 225 42 d’arriver
1731 3366 104 42 en
1782 3366 242 42 Angleterre
1973 3366 156 42 après
2076 3366 104 42 la
2128 3366 242 42 révolution
2318 3366 104 42 de
2370 3366 207 42 juillet.
2526 3366 104 42 Il
2577 3366 104 42 le
2629 3366 207 42 remercie
2785 3366 104 42 de
2837 3366 104 42 sa
2871 3366 173 42 conduite

777 3406 145 44 dans
868 3406 127 44 les
940 3406 308 44 circonstances
1194 3406 236 44 actuelles
1375 3406 109 44 et
1430 3406 109 44 il
1484 3406 127 44 lui
1557 3406 200 44 demande
1702 3406 109 44 de
1756 3406 181 44 donner
1883 3406 109 44 au
1938 3406 163 44 baron
2046 3406 109 44 de
2101 3406 272 44 Kentzinger,
2319 3406 163 44 qu’il
2427 3406 181 44 envoie
2554 3406 91 44 à
2591 3406 200 44 Vienne,
2736 3406 127 44 des
2808 3406 218 44 conseils
2953 3406 91 44 sur

777 3449 112 43 ce
833 3449 169 43 qu’il
946 3449 150 43 aura
1039 3449 94 43 à
1077 3449 169 43 faire
1189 3449 243 43 vis-à-vis
1376 3449 112 43 du
1433 3449 187 43 prince
1564 3449 112 43 de
1620 3449 262 43 Metternich
1826 3449 112 43 et
1882 3449 206 43 ensuite
2032 3449 187 43 auprès
2163 3449 112 43 de
2219 3449 281 43 l’empereur.
2444 3449 131 43 «Je
2519 3449 206 43 prévois
2669 3449 131 43 que
2743 3449 150 43 vous
2837 3449 112 43 ne
2874 3449 169 43 pourrés

779 3490 128 45 pas
852 3490 182 45 garder
979 3490 109 45 un
1034 3490 237 45 caractère
1217 3490 237 45 officiel,
1399 3490 146 45 mais
1490 3490 146 45 vous
1582 3490 146 45 n’en
1673 3490 164 45 serés
1782 3490 128 45 pas
1855 3490 164 45 moins
1965 3490 91 45 à
2001 3490 182 45 portée
2129 3490 109 45 de
2184 3490 109 45 me
2220 3490 146 45 servir

778 3529 155 49 dans
874 3529 174 49 cette
991 3529 194 49 triste
1126 3529 232 49 occasion
1300 3529 155 49 avec
1397 3529 116 49 le
1455 3529 155 49 zèle
1552 3529 116 49 et
1610 3529 136 49 les
1687 3529 194 49 moyens
1823 3529 155 49 dont
1920 3529 155 49 vous
2017 3529 194 49 m’avés
2152 3529 155 49 déjà
2229 3529 136 49 donné

777 3570 163 50 tant
878 3570 122 50 de
939 3570 265 50 preuves.»
1143 3570 102 50 —
1184 3570 488 50 (François-Maximilien
1611 3570 224 50 Gérard,
1774 3570 183 50 comte
1896 3570 122 50 de
1957 3570 265 50 Rayneval,
2160 3570 183 50 avait
2262 3570 102 50 été

778 3614 198 47 nommé,
917 3614 119 47 en
976 3614 218 47 octobre
1135 3614 178 47 1829,
1254 3614 297 47 ambassadeur
1491 3614 99 47 à
1531 3614 198 47 Vienne
1670 3614 139 47 par
1749 3614 218 47 Charles
1907 3614 119 47 X.
1967 3614 119 47 Il
2026 3614 139 47 fut
2105 3614 258 47 remplacé,
2284 3614 79 47 en

778 3653 187 49 effet,
909 3653 149 49 dans
1002 3653 112 49 ce
1058 3653 187 49 poste,
1189 3653 168 49 après
1301 3653 112 49 la
1357 3653 261 49 révolution
1562 3653 112 49 de
1618 3653 224 49 Juillet.
1786 3653 112 49 Il
1842 3653 168 49 vécut
1954 3653 205 49 quelque
2103 3653 168 49 temps
2215 3653 149 49 dans
2289 3653 75 49 la

779 3696 237 45 retraite,
961 3696 146 45 puis
1052 3696 237 45 consentit
1234 3696 91 45 à
1270 3696 182 45 servir
1398 3696 109 45 le
1453 3696 200 45 nouveau
1598 3696 291 45 gouvernement
1835 3696 109 45 et
1890 3696 219 45 accepta,
2053 3696 109 45 en
2108 3696 200 45 février
2236 3696 127 45 1832,

779 3738 280 44 l'ambassade
1004 3738 262 44 d’Espagne.
1209 3738 112 44 Il
1265 3738 187 44 mourut
1396 3738 149 44 dans
1489 3738 131 44 ces
1564 3738 243 44 fonctions
1751 3738 93 44 à
1788 3738 206 44 Madrid,
1938 3738 112 44 le
1994 3738 112 44 16
2050 3738 149 44 août
2125 3738 149 44 1836.)
