3786 4647
575 588 556 66 S.1
892 588 714 66 CHEFS
1368 588 476 66 DE
1606 588 1270 66 GOUVERNEMENT
2559 588 317 66 17

628 870 254 72 ★36★
787 870 286 72 HENRI
978 870 159 72 V
1041 870 1398 72 (Henri-Charles-Ferdinand-Marie-Dieudonné
2344 870 191 72 de
2439 870 349 72 BOURBON
2662 870 222 72 dit),

634 935 228 74 fils
777 935 171 74 du
863 935 200 74 duc
977 935 171 74 de
1062 935 257 74 Berri
1233 935 171 74 et
1319 935 171 74 de
1404 935 513 74 Marie-Caroline
1832 935 171 74 de
1918 935 314 74 Naples,
2146 935 200 74 duc
2260 935 171 74 de
2345 935 371 74 Bordeaux,
2630 935 257 74 comte
2773 935 114 74 de

636 1001 357 76 Chambord,
910 1001 165 76 n.
992 1001 137 76 à
1047 1001 274 76 Paris,
1239 1001 165 76 29
1321 1001 357 76 septembre
1596 1001 247 76 1820,
1760 1001 165 76 m.
1843 1001 137 76 à
1897 1001 357 76 Frohsdorf
2172 1001 411 76 (Autriche),
2501 1001 165 76 24
2583 1001 219 76 août
2693 1001 192 76 1883.

691 1076 137 68 L.
760 1076 137 68 A.
829 1076 160 68 S.,
920 1076 137 68 en
989 1076 298 68 français,
1218 1076 137 68 au
1287 1076 160 68 roi
1378 1076 137 68 de
1447 1076 252 68 Bavière
1630 1076 229 68 (Louis
1791 1076 160 68 I);
1882 1076 321 68 Kirchberg,
2134 1076 115 68 5
2180 1076 298 68 septembre
2409 1076 206 68 1840,
2546 1076 115 68 1
2592 1076 137 68 p.
2661 1076 160 68 1/2
2730 1076 160 68 in

645 1133 261 62 enveloppe
846 1133 121 62 et
906 1133 221 62 cachet.
1067 1133 261 62 <i>(Coll.
1268 1133 141 62 von
1349 1133 141 62 der
1429 1133 282 62 Tann.)</i>
1650 1133 101 62 —
1671 1133 80 62 P.

682 1201 212 54 Superbe
836 1201 193 54 lettre
971 1201 116 54 où
1028 1201 116 54 il
1086 1201 116 54 le
1144 1201 231 54 remercie
1317 1201 212 54 d’avoir
1471 1201 173 54 donné
1587 1201 135 54 son
1664 1201 231 54 agrément
1818 1201 77 54 au

650 1245 179 53 voyage
776 1245 161 53 qu’il
883 1245 108 53 va
937 1245 161 53 faire
1044 1245 108 53 en
1098 1245 215 53 Bavière.
1260 1245 143 53 (Cet
1349 1245 215 53 agrément
1511 1245 161 53 avait
1618 1245 125 53 été
1690 1245 197 53 demandé
1815 1245 72 53 au

654 1286 131 52 Roi
729 1286 131 52 par
804 1286 112 52 le
860 1286 131 52 duc
935 1286 281 52 d’Angoulême
1159 1286 112 52 le
1216 1286 94 52 1
1253 1286 150 52 août
1346 1286 187 52 1840).
1477 1286 131 52 «Ce
1552 1286 150 52 sera
1627 1286 262 52 certainement

650 1328 116 53 un
708 1328 155 53 bien
805 1328 174 53 grand
921 1328 213 53 plaisir
1076 1328 155 53 pour
1173 1328 136 53 moi
1250 1328 252 53 d’admirer
1444 1328 136 53 les
1522 1328 194 53 grands
1657 1328 213 53 travaux
1793 1328 97 53 que

650 1372 177 49 Votre
768 1372 216 49 Majesté
926 1372 157 49 fait
1024 1372 236 49 exécuter
1201 1372 157 49 dans
1300 1372 138 49 son
1378 1372 216 49 royaume
1536 1372 118 49 et
1595 1372 157 49 tous
1693 1372 138 49 les
1752 1372 138 49 monu-

653 1410 148 45 mens
745 1410 148 45 dont
837 1410 148 45 elle
929 1410 111 45 ne
985 1410 166 45 cesse
1095 1410 258 45 d’embellir
1298 1410 111 45 sa
1354 1410 240 45 capitale;
1538 1410 148 45 mais
1631 1410 111 45 je
1686 1410 166 45 serai
1778 1410 111 45 bien

654 1451 150 53 plus
748 1451 206 53 heureux
898 1451 187 53 encore
1029 1451 112 53 de
1085 1451 112 53 me
1141 1451 262 53 rapprocher
1348 1451 150 53 d'un
1441 1451 131 53 Roi
1516 1451 262 53 protecteur
1722 1451 131 53 des
1779 1451 112 53 arts

654 1487 106 58 et
707 1487 124 58 qui
778 1487 141 58 fait
866 1487 141 58 tant
955 1487 141 58 pour
1043 1487 106 58 la
1096 1487 194 58 gloire,
1237 1487 124 58 non
1308 1487 230 58 seulement
1485 1487 106 58 de
1538 1487 106 58 la
1591 1487 212 58 Bavière,
1750 1487 141 58 mais
1820 1487 71 58 de

654 1544 270 41 l’Allemagne
870 1544 144 41 tout
942 1544 234 41 entière...»

646 1616 248 75 ★37★
801 1616 279 75 LOUIS
986 1616 371 75 PHILIPPE
1265 1616 186 75 I,
1358 1616 186 75 n.
1451 1616 155 75 à
1513 1616 309 75 Paris,
1729 1616 155 75 6
1791 1616 340 75 octobre
2039 1616 279 75 1773,
2224 1616 217 75 duc
2348 1616 433 75 d’Orléans,
2688 1616 217 75 roi
2781 1616 124 75 le

653 1681 134 74 5
707 1681 214 74 août
841 1681 241 74 1830,
1001 1681 294 74 détrôné
1215 1681 161 74 le
1296 1681 161 74 24
1376 1681 294 74 février
1590 1681 241 74 1848,
1751 1681 161 74 m.
1831 1681 134 74 à
1885 1681 348 74 Claremont
2152 1681 455 74 (Angleterre),
2527 1681 161 74 26
2608 1681 214 74 août
2715 1681 187 74 1850.

701 1772 168 48 L.
785 1772 196 48 S.,
897 1772 253 48 comme
1038 1772 140 48 duc

656 1827 156 50 de
734 1827 338 50 Chartres;
968 1827 208 50 Passy,

662 1881 112 50 2
706 1881 247 50 octobre
886 1881 202 50 1789,
1021 1881 157 50 1/2
1088 1881 90 50 p.

662 1936 186 49 in-4.
786 1936 103 49 —
828 1936 124 49 P.
890 1936 124 49 de
931 1936 248 49 Chevillet.

699 2012 112 40 Il
755 2012 205 40 exprime
904 2012 112 40 sa
960 2012 149 40 joie
1054 2012 130 40 que
1109 2012 75 40 le

668 2056 129 39 roi
741 2056 129 39 ait
815 2056 203 39 accordé
963 2056 111 39 la
1018 2056 166 39 grâce
1110 2056 74 39 du

666 2099 173 38 nommé
781 2099 230 38 Bouland,
954 2099 154 38 pour
1030 2099 154 38 lequel

669 2141 103 37 il
720 2141 155 37 avait
824 2141 189 37 imploré
961 2141 103 37 sa
996 2141 189 37 clémence.

655 2228 264 63 ★38★
820 2228 297 63 LOUIS
1018 2228 396 63 PHILIPPE
1315 2228 198 63 I,
1415 2228 231 63 roi
1547 2228 231 63 des
1646 2228 330 63 Français

716 2300 138 65 L.
785 2300 138 65 A.
854 2300 138 65 S.
923 2300 115 65 à
969 2300 253 65 Charles
1153 2300 138 65 X;
1222 2300 276 65 Neuilly,
1429 2300 138 65 10
1498 2300 184 65 juin
1613 2300 207 65 1829,
1751 2300 115 65 8
1797 2300 138 65 p.
1866 2300 253 65 in-fol.
2050 2300 115 65 —
2096 2300 138 65 P.
2165 2300 207 65 gravé
2303 2300 138 65 au
2372 2300 207 65 burin
2510 2300 161 65 par
2579 2300 230 65 Hopwood.

708 2364 178 48 Lettre
833 2364 125 48 des
904 2364 143 48 plus
994 2364 232 48 curieuses
1172 2364 107 48 où
1226 2364 107 48 il
1279 2364 143 48 rend
1368 2364 178 48 compte
1493 2364 107 48 du
1547 2364 178 48 voyage
1672 2364 161 48 qu’il
1779 2364 161 48 vient
1886 2364 107 48 de
1939 2364 161 48 faire
2047 2364 107 48 en
2100 2364 250 48 Angleterre
2296 2364 143 48 avec
2386 2364 125 48 son
2457 2364 143 48 fils
2546 2364 161 48 aîné.
2653 2364 107 48 Il
2707 2364 89 48 a
2743 2364 143 48 dîné
2814 2364 107 48 sans

672 2405 246 53 cérémonie
861 2405 151 53 chez
955 2405 113 53 le
1012 2405 132 53 roi
1088 2405 227 53 (Georges
1258 2405 151 53 IV),
1352 2405 113 53 le
1409 2405 227 53 dimanche
1579 2405 113 53 17
1635 2405 151 53 mai:
1730 2405 113 53 le
1787 2405 189 53 prince
1919 2405 264 53 Esterhazy,
2127 2405 283 53 ambassadeur
2353 2405 283 53 d’Autriche,
2580 2405 132 53 s’y
2656 2405 246 53 trouvait.
2826 2405 94 53 «Au

673 2446 186 53 moment
803 2446 111 53 de
859 2446 186 53 passer
989 2446 149 53 dans
1082 2446 111 53 la
1138 2446 167 53 salle
1249 2446 93 53 à
1286 2446 204 53 manger,
1435 2446 111 53 le
1490 2446 130 53 roi
1565 2446 241 53 m’appella
1750 2446 111 53 et
1806 2446 111 53 me
1862 2446 130 53 dit
1936 2446 111 53 de
1992 2446 130 53 lui
2066 2446 186 53 donner
2196 2446 111 53 le
2252 2446 167 53 bras.
2363 2446 111 53 Le
2419 2446 130 53 duc
2493 2446 111 53 de
2549 2446 279 53 Cumberland,
2771 2446 111 53 le
2809 2446 111 53 seul

673 2486 126 56 des
745 2486 198 56 princes
889 2486 198 56 anglais
1033 2486 126 56 qui
1105 2486 108 56 se
1159 2486 198 56 trouvât
1303 2486 90 56 à
1339 2486 108 56 ce
1393 2486 162 56 dîner
1501 2486 108 56 où
1555 2486 108 56 il
1609 2486 126 56 n’y
1681 2486 162 56 avait
1789 2486 162 56 point
1896 2486 108 56 de
1950 2486 180 56 dames,
2076 2486 126 56 fit
2148 2486 180 56 passer
2274 2486 126 56 mon
2346 2486 162 56 fils,
2454 2486 108 56 et
2508 2486 108 56 le
2562 2486 180 56 prince
2688 2486 234 56 Esterhazy
2850 2486 72 56 ne

676 2526 166 55 passa
786 2526 221 55 qu’après
952 2526 166 55 eux.»
1062 2526 111 55 Ce
1118 2526 147 55 fait
1210 2526 111 55 de
1265 2526 239 55 préséance
1449 2526 166 55 était
1560 2526 258 55 important,
1762 2526 147 55 car,
1855 2526 111 55 au
1910 2526 203 55 congrès
2057 2526 111 55 de
2112 2526 221 55 Laybach,
2278 2526 111 55 il
2334 2526 166 55 avait
2444 2526 129 55 été
2518 2526 184 55 décidé
2647 2526 129 55 que
2720 2526 129 55 les
2776 2526 147 55 ambas-

675 2567 196 58 sadeurs
818 2567 107 58 ne
871 2567 250 58 céderaient
1068 2567 107 58 le
1121 2567 125 58 pas
1193 2567 178 58 qu’aux
1318 2567 196 58 princes
1460 2567 143 58 fils
1550 2567 107 58 ou
1603 2567 178 58 frères
1728 2567 107 58 de
1782 2567 161 58 rois.
1889 2567 107 58 Le
1942 2567 125 58 roi
2014 2567 125 58 lui
2085 2567 89 58 a
2121 2567 161 58 parlé
2228 2567 107 58 de
2281 2567 125 58 ces
2353 2567 268 58 difficultés
2567 2567 107 58 et
2621 2567 89 58 a
2656 2567 196 58 déclaré
2799 2567 125 58 que
2853 2567 71 58 le

677 2607 193 59 système
818 2607 176 59 adopté
941 2607 158 59 était
1046 2607 88 59 à
1081 2607 105 59 la
1134 2607 140 59 fois
1222 2607 263 59 inconvenant
1432 2607 105 59 et
1485 2607 281 59 impolitique.
1713 2607 193 59 Longues
1853 2607 316 59 considérations
2117 2607 88 59 à
2152 2607 105 59 ce
2204 2607 176 59 sujet.
2327 2607 105 59 Le
2380 2607 123 59 duc
2450 2607 105 59 de
2503 2607 246 59 Wellington
2696 2607 88 59 a
2731 2607 123 59 été
2784 2607 140 59 d’avis

677 2649 169 57 qu’il
790 2649 206 57 fallait
940 2649 206 57 abroger
1089 2649 112 57 ce
1146 2649 244 57 règlement
1333 2649 206 57 absurde
1483 2649 112 57 et
1539 2649 94 57 a
1576 2649 206 57 déclaré
1726 2649 131 57 que
1801 2649 131 57 son
1876 2649 187 57 maître
2007 2649 225 57 écrirait
2176 2649 94 57 à
2213 2649 112 57 ce
2269 2649 169 57 sujet
2382 2649 94 57 à
2419 2649 262 57 l’empereur
2625 2649 281 57 d’Autriche.
2831 2649 94 57 «Il

678 2703 114 39 ne
735 2703 114 39 me
792 2703 172 39 reste
888 2703 133 39 plus,

681 2744 153 43 Sire,
783 2744 136 43 qu’à
851 2744 171 43 supplier

679 2788 183 41 Votre
801 2788 223 41 Majesté
943 2788 81 41 de

681 2834 153 31 nous
777 2834 192 31 donner
911 2834 96 31 à
930 2834 96 31 cet

685 2875 163 42 égard
793 2875 126 42 son
847 2875 181 42 puissant

683 2918 203 40 appui,
825 2918 182 40 ainsi
926 2918 101 40 que

687 2960 124 39 vous
765 2960 155 39 l’avés
874 2960 124 39 déjà
936 2960 93 39 fait

688 3003 114 31 en
745 3003 152 31 nous
821 3003 209 31 accordant

688 3047 108 29 le
742 3047 162 29 titre
832 3047 198 29 d'Altesse

692 3089 187 38 royale,
828 3089 136 38 pour
896 3089 136 38 qu’une

689 3129 217 31 nouvelle
834 3129 199 31 modifica-

691 3172 144 38 tion
781 3172 108 38 du
835 3172 199 38 système
962 3172 72 38 de

690 3215 209 39 Laybach
842 3215 152 39 nous
918 3215 114 39 pré-

692 3257 163 38 serve
801 3257 127 38 des
855 3257 181 38 désagré-

688 3300 184 39 mens
803 3300 161 39 qui
872 3300 161 39 pour-

695 3342 181 34 raient
821 3342 108 34 en
857 3342 181 34 résulter

697 3386 144 42 pour
787 3386 162 42 nous,
877 3386 162 42 lorsque

694 3429 153 33 nous
790 3429 230 33 visitons
943 3429 96 33 des

696 3473 162 38 cours
786 3473 252 38 étrangères.»

686 3530 251 89 ★39★
842 3530 282 89 MARIE
1030 3530 313 89 AMÉLIE
1250 3530 188 89 DE
1343 3530 376 89 BOURBON,
1625 3530 188 89 n.
1719 3530 157 89 à
1782 3530 376 89 Caserte,
2064 3530 188 89 26
2158 3530 282 89 avril
2346 3530 282 89 1782,
2534 3530 282 89 fille
2722 3530 188 89 du
2784 3530 157 89 roi

685 3606 208 85 des
804 3606 476 85 Deux-Siciles
1191 3606 386 85 Ferdinand
1488 3606 178 85 IV
1577 3606 178 85 et
1666 3606 178 85 de
1755 3606 565 85 Marie-Caroline,
2231 3606 267 85 femme
2409 3606 178 85 de
2498 3606 267 85 Louis
2647 3606 297 85 Philippe

687 3677 197 71 (25
799 3677 338 71 novembre
1053 3677 281 71 1809),
1249 3677 169 71 m.
1334 3677 141 71 à
1390 3677 366 71 Claremont
1671 3677 478 71 (Angleterre),
2065 3677 169 71 24
2150 3677 225 71 mars
2262 3677 197 71 1866.
