5962.204724409449 7318.110236220473
905.511811023622 925.9842519685039 875.5905511811023 103.93700787401575 S.1
1404.724409448819 925.9842519685039 1124.4094488188975 103.93700787401575 CHEFS
2154.3307086614172 925.9842519685039 749.6062992125984 103.93700787401575 DE
2529.1338582677167 925.9842519685039 2000.0 103.93700787401575 GOUVERNEMENT
4029.9212598425197 925.9842519685039 499.21259842519686 103.93700787401575 17

988.9763779527559 1370.0787401574803 400.0 113.38582677165354 ★36★
1239.3700787401574 1370.0787401574803 450.3937007874016 113.38582677165354 HENRI
1540.1574803149606 1370.0787401574803 250.39370078740157 113.38582677165354 V
1639.3700787401574 1370.0787401574803 2201.5748031496064 113.38582677165354 (Henri-Charles-Ferdinand-Marie-Dieudonné
3691.3385826771655 1370.0787401574803 300.78740157480314 113.38582677165354 de
3840.9448818897636 1370.0787401574803 549.6062992125984 113.38582677165354 BOURBON
4192.1259842519685 1370.0787401574803 349.6062992125984 113.38582677165354 dit),

998.4251968503937 1472.4409448818897 359.0551181102362 116.53543307086615 fils
1223.6220472440946 1472.4409448818897 269.29133858267716 116.53543307086615 du
1359.0551181102362 1472.4409448818897 314.96062992125985 116.53543307086615 duc
1538.5826771653544 1472.4409448818897 269.29133858267716 116.53543307086615 de
1672.4409448818897 1472.4409448818897 404.7244094488189 116.53543307086615 Berri
1941.732283464567 1472.4409448818897 269.29133858267716 116.53543307086615 et
2077.165354330709 1472.4409448818897 269.29133858267716 116.53543307086615 de
2211.0236220472443 1472.4409448818897 807.8740157480315 116.53543307086615 Marie-Caroline
2885.0393700787404 1472.4409448818897 269.29133858267716 116.53543307086615 de
3020.472440944882 1472.4409448818897 494.48818897637796 116.53543307086615 Naples,
3379.527559055118 1472.4409448818897 314.96062992125985 116.53543307086615 duc
3559.0551181102364 1472.4409448818897 269.29133858267716 116.53543307086615 de
3692.9133858267714 1472.4409448818897 584.2519685039371 116.53543307086615 Bordeaux,
4141.7322834645665 1472.4409448818897 404.7244094488189 116.53543307086615 comte
4366.929133858268 1472.4409448818897 179.5275590551181 116.53543307086615 de

1001.5748031496063 1576.3779527559054 562.2047244094488 119.68503937007874 Chambord,
1433.0708661417323 1576.3779527559054 259.84251968503935 119.68503937007874 n.
1562.2047244094488 1576.3779527559054 215.748031496063 119.68503937007874 à
1648.8188976377953 1576.3779527559054 431.496062992126 119.68503937007874 Paris,
1951.1811023622047 1576.3779527559054 259.84251968503935 119.68503937007874 29
2080.314960629921 1576.3779527559054 562.2047244094488 119.68503937007874 septembre
2513.3858267716537 1576.3779527559054 388.9763779527559 119.68503937007874 1820,
2771.6535433070867 1576.3779527559054 259.84251968503935 119.68503937007874 m.
2902.3622047244094 1576.3779527559054 215.748031496063 119.68503937007874 à
2987.4015748031497 1576.3779527559054 562.2047244094488 119.68503937007874 Frohsdorf
3420.472440944882 1576.3779527559054 647.2440944881889 119.68503937007874 (Autriche),
3938.582677165354 1576.3779527559054 259.84251968503935 119.68503937007874 24
4067.716535433071 1576.3779527559054 344.88188976377955 119.68503937007874 août
4240.944881889764 1576.3779527559054 302.3622047244094 119.68503937007874 1883.

1088.1889763779527 1694.4881889763778 215.748031496063 107.08661417322834 L.
1196.8503937007874 1694.4881889763778 215.748031496063 107.08661417322834 A.
1305.5118110236222 1694.4881889763778 251.96850393700788 107.08661417322834 S.,
1448.8188976377953 1694.4881889763778 215.748031496063 107.08661417322834 en
1557.4803149606298 1694.4881889763778 469.29133858267716 107.08661417322834 français,
1918.1102362204724 1694.4881889763778 215.748031496063 107.08661417322834 au
2026.7716535433071 1694.4881889763778 251.96850393700788 107.08661417322834 roi
2170.0787401574803 1694.4881889763778 215.748031496063 107.08661417322834 de
2278.740157480315 1694.4881889763778 396.8503937007874 107.08661417322834 Bavière
2566.9291338582675 1694.4881889763778 360.62992125984255 107.08661417322834 (Louis
2820.472440944882 1694.4881889763778 251.96850393700788 107.08661417322834 I);
2963.779527559055 1694.4881889763778 505.51181102362204 107.08661417322834 Kirchberg,
3360.6299212598424 1694.4881889763778 181.10236220472441 107.08661417322834 5
3433.0708661417325 1694.4881889763778 469.29133858267716 107.08661417322834 septembre
3793.700787401575 1694.4881889763778 324.40944881889766 107.08661417322834 1840,
4009.448818897638 1694.4881889763778 181.10236220472441 107.08661417322834 1
4081.8897637795276 1694.4881889763778 215.748031496063 107.08661417322834 p.
4190.5511811023625 1694.4881889763778 251.96850393700788 107.08661417322834 1/2
4299.212598425197 1694.4881889763778 251.96850393700788 107.08661417322834 in

1015.7480314960629 1784.251968503937 411.0236220472441 97.63779527559055 enveloppe
1332.283464566929 1784.251968503937 190.5511811023622 97.63779527559055 et
1426.7716535433071 1784.251968503937 348.0314960629921 97.63779527559055 cachet.
1680.3149606299212 1784.251968503937 411.0236220472441 97.63779527559055 (Coll.
1996.8503937007874 1784.251968503937 222.04724409448818 97.63779527559055 von
2124.4094488188975 1784.251968503937 222.04724409448818 97.63779527559055 der
2250.3937007874015 1784.251968503937 444.09448818897636 97.63779527559055 Tann.)
2598.4251968503936 1784.251968503937 159.0551181102362 97.63779527559055 —
2631.496062992126 1784.251968503937 125.98425196850394 97.63779527559055 P.

1074.015748031496 1891.3385826771653 333.8582677165354 85.03937007874016 Superbe
1316.5354330708662 1891.3385826771653 303.93700787401576 85.03937007874016 lettre
1529.1338582677165 1891.3385826771653 182.6771653543307 85.03937007874016 où
1618.8976377952756 1891.3385826771653 182.6771653543307 85.03937007874016 il
1710.236220472441 1891.3385826771653 182.6771653543307 85.03937007874016 le
1801.5748031496064 1891.3385826771653 363.7795275590551 85.03937007874016 remercie
2074.015748031496 1891.3385826771653 333.8582677165354 85.03937007874016 d’avoir
2316.535433070866 1891.3385826771653 272.4409448818898 85.03937007874016 donné
2499.212598425197 1891.3385826771653 212.5984251968504 85.03937007874016 son
2620.472440944882 1891.3385826771653 363.7795275590551 85.03937007874016 agrément
2862.9921259842517 1891.3385826771653 121.25984251968504 85.03937007874016 au

1023.6220472440945 1960.6299212598426 281.8897637795276 83.46456692913385 voyage
1222.0472440944882 1960.6299212598426 253.54330708661416 83.46456692913385 qu’il
1390.5511811023623 1960.6299212598426 170.07874015748033 83.46456692913385 va
1475.5905511811025 1960.6299212598426 253.54330708661416 83.46456692913385 faire
1644.0944881889764 1960.6299212598426 170.07874015748033 83.46456692913385 en
1729.1338582677165 1960.6299212598426 338.5826771653543 83.46456692913385 Bavière.
1984.251968503937 1960.6299212598426 225.1968503937008 83.46456692913385 (Cet
2124.4094488188975 1960.6299212598426 338.5826771653543 83.46456692913385 agrément
2379.527559055118 1960.6299212598426 253.54330708661416 83.46456692913385 avait
2548.031496062992 1960.6299212598426 196.8503937007874 83.46456692913385 été
2661.417322834646 1960.6299212598426 310.23622047244095 83.46456692913385 demandé
2858.267716535433 1960.6299212598426 113.38582677165354 83.46456692913385 au

1029.9212598425197 2025.1968503937007 206.29921259842519 81.88976377952756 Roi
1148.0314960629921 2025.1968503937007 206.29921259842519 81.88976377952756 par
1266.1417322834645 2025.1968503937007 176.3779527559055 81.88976377952756 le
1354.3307086614172 2025.1968503937007 206.29921259842519 81.88976377952756 duc
1472.4409448818897 2025.1968503937007 442.5196850393701 81.88976377952756 d’Angoulême
1825.1968503937007 2025.1968503937007 176.3779527559055 81.88976377952756 le
1914.9606299212599 2025.1968503937007 148.03149606299212 81.88976377952756 1
1973.2283464566929 2025.1968503937007 236.2204724409449 81.88976377952756 août
2119.685039370079 2025.1968503937007 294.48818897637796 81.88976377952756 1840).
2325.984251968504 2025.1968503937007 206.29921259842519 81.88976377952756 «Ce
2444.0944881889764 2025.1968503937007 236.2204724409449 81.88976377952756 sera
2562.2047244094488 2025.1968503937007 412.59842519685037 81.88976377952756 certainement

1023.6220472440945 2091.3385826771655 182.6771653543307 83.46456692913385 un
1114.9606299212599 2091.3385826771655 244.09448818897638 83.46456692913385 bien
1267.716535433071 2091.3385826771655 274.01574803149606 83.46456692913385 grand
1450.3937007874015 2091.3385826771655 335.43307086614175 83.46456692913385 plaisir
1694.4881889763778 2091.3385826771655 244.09448818897638 83.46456692913385 pour
1847.244094488189 2091.3385826771655 214.17322834645668 83.46456692913385 moi
1968.5039370078741 2091.3385826771655 396.8503937007874 83.46456692913385 d’admirer
2274.015748031496 2091.3385826771655 214.17322834645668 83.46456692913385 les
2396.850393700787 2091.3385826771655 305.51181102362204 83.46456692913385 grands
2609.448818897638 2091.3385826771655 335.43307086614175 83.46456692913385 travaux
2823.6220472440946 2091.3385826771655 152.75590551181102 83.46456692913385 que

1023.6220472440945 2160.6299212598424 278.74015748031496 77.16535433070867 Votre
1209.4488188976377 2160.6299212598424 340.15748031496065 77.16535433070867 Majesté
1458.267716535433 2160.6299212598424 247.24409448818898 77.16535433070867 fait
1612.5984251968505 2160.6299212598424 371.65354330708664 77.16535433070867 exécuter
1891.3385826771653 2160.6299212598424 247.24409448818898 77.16535433070867 dans
2047.244094488189 2160.6299212598424 217.3228346456693 77.16535433070867 son
2170.0787401574803 2160.6299212598424 340.15748031496065 77.16535433070867 royaume
2418.8976377952754 2160.6299212598424 185.82677165354332 77.16535433070867 et
2511.8110236220473 2160.6299212598424 247.24409448818898 77.16535433070867 tous
2666.1417322834645 2160.6299212598424 217.3228346456693 77.16535433070867 les
2759.0551181102364 2160.6299212598424 217.3228346456693 77.16535433070867 monu-

1028.3464566929133 2220.472440944882 233.0708661417323 70.86614173228347 mens
1173.2283464566929 2220.472440944882 233.0708661417323 70.86614173228347 dont
1318.1102362204724 2220.472440944882 233.0708661417323 70.86614173228347 elle
1462.992125984252 2220.472440944882 174.8031496062992 70.86614173228347 ne
1551.1811023622047 2220.472440944882 261.4173228346457 70.86614173228347 cesse
1724.4094488188975 2220.472440944882 406.2992125984252 70.86614173228347 d’embellir
2044.0944881889764 2220.472440944882 174.8031496062992 70.86614173228347 sa
2132.283464566929 2220.472440944882 377.9527559055118 70.86614173228347 capitale;
2422.047244094488 2220.472440944882 233.0708661417323 70.86614173228347 mais
2568.503937007874 2220.472440944882 174.8031496062992 70.86614173228347 je
2655.1181102362207 2220.472440944882 261.4173228346457 70.86614173228347 serai
2800.0 2220.472440944882 174.8031496062992 70.86614173228347 bien

1029.9212598425197 2285.0393700787404 236.2204724409449 83.46456692913385 plus
1177.9527559055118 2285.0393700787404 324.40944881889766 83.46456692913385 heureux
1414.1732283464567 2285.0393700787404 294.48818897637796 83.46456692913385 encore
1620.4724409448818 2285.0393700787404 176.3779527559055 83.46456692913385 de
1708.6614173228347 2285.0393700787404 176.3779527559055 83.46456692913385 me
1796.8503937007874 2285.0393700787404 412.59842519685037 83.46456692913385 rapprocher
2122.834645669291 2285.0393700787404 236.2204724409449 83.46456692913385 d'un
2269.2913385826773 2285.0393700787404 206.29921259842519 83.46456692913385 Roi
2387.4015748031497 2285.0393700787404 412.59842519685037 83.46456692913385 protecteur
2711.8110236220473 2285.0393700787404 206.29921259842519 83.46456692913385 des
2801.5748031496064 2285.0393700787404 176.3779527559055 83.46456692913385 arts

1029.9212598425197 2341.732283464567 166.9291338582677 91.33858267716535 et
1113.3858267716535 2341.732283464567 195.2755905511811 91.33858267716535 qui
1225.1968503937007 2341.732283464567 222.04724409448818 91.33858267716535 fait
1363.7795275590552 2341.732283464567 222.04724409448818 91.33858267716535 tant
1503.9370078740158 2341.732283464567 222.04724409448818 91.33858267716535 pour
1642.5196850393702 2341.732283464567 166.9291338582677 91.33858267716535 la
1725.984251968504 2341.732283464567 305.51181102362204 91.33858267716535 gloire,
1948.0314960629921 2341.732283464567 195.2755905511811 91.33858267716535 non
2059.8425196850394 2341.732283464567 362.20472440944883 91.33858267716535 seulement
2338.582677165354 2341.732283464567 166.9291338582677 91.33858267716535 de
2422.047244094488 2341.732283464567 166.9291338582677 91.33858267716535 la
2505.511811023622 2341.732283464567 333.8582677165354 91.33858267716535 Bavière,
2755.9055118110236 2341.732283464567 222.04724409448818 91.33858267716535 mais
2866.1417322834645 2341.732283464567 111.81102362204724 91.33858267716535 de

1029.9212598425197 2431.496062992126 425.1968503937008 64.56692913385827 l’Allemagne
1370.0787401574803 2431.496062992126 226.77165354330708 64.56692913385827 tout
1483.4645669291338 2431.496062992126 368.503937007874 64.56692913385827 entière...»

1017.3228346456693 2544.8818897637793 390.5511811023622 118.11023622047244 ★37★
1261.4173228346456 2544.8818897637793 439.37007874015745 118.11023622047244 LOUIS
1552.755905511811 2544.8818897637793 584.2519685039371 118.11023622047244 PHILIPPE
1992.1259842519685 2544.8818897637793 292.9133858267717 118.11023622047244 I,
2138.582677165354 2544.8818897637793 292.9133858267717 118.11023622047244 n.
2285.0393700787404 2544.8818897637793 244.09448818897638 118.11023622047244 à
2382.6771653543306 2544.8818897637793 486.61417322834643 118.11023622047244 Paris,
2722.834645669291 2544.8818897637793 244.09448818897638 118.11023622047244 6
2820.472440944882 2544.8818897637793 535.4330708661417 118.11023622047244 octobre
3211.0236220472443 2544.8818897637793 439.37007874015745 118.11023622047244 1773,
3502.3622047244094 2544.8818897637793 341.73228346456693 118.11023622047244 duc
3697.6377952755906 2544.8818897637793 681.8897637795276 118.11023622047244 d’Orléans,
4233.070866141732 2544.8818897637793 341.73228346456693 118.11023622047244 roi
4379.527559055118 2544.8818897637793 195.2755905511811 118.11023622047244 le

1028.3464566929133 2647.244094488189 211.0236220472441 116.53543307086615 5
1113.3858267716535 2647.244094488189 337.00787401574803 116.53543307086615 août
1324.4094488188975 2647.244094488189 379.5275590551181 116.53543307086615 1830,
1576.3779527559054 2647.244094488189 462.99212598425197 116.53543307086615 détrôné
1913.3858267716535 2647.244094488189 253.54330708661416 116.53543307086615 le
2040.9448818897638 2647.244094488189 253.54330708661416 116.53543307086615 24
2166.9291338582675 2647.244094488189 462.99212598425197 116.53543307086615 février
2503.9370078740158 2647.244094488189 379.5275590551181 116.53543307086615 1848,
2757.48031496063 2647.244094488189 253.54330708661416 116.53543307086615 m.
2883.464566929134 2647.244094488189 211.0236220472441 116.53543307086615 à
2968.503937007874 2647.244094488189 548.0314960629921 116.53543307086615 Claremont
3388.9763779527557 2647.244094488189 716.5354330708661 116.53543307086615 (Angleterre),
3979.527559055118 2647.244094488189 253.54330708661416 116.53543307086615 26
4107.086614173229 2647.244094488189 337.00787401574803 116.53543307086615 août
4275.5905511811025 2647.244094488189 294.48818897637796 116.53543307086615 1850.

1103.9370078740158 2790.551181102362 264.56692913385825 75.59055118110236 L.
1236.2204724409448 2790.551181102362 308.66141732283467 75.59055118110236 S.,
1412.5984251968505 2790.551181102362 398.4251968503937 75.59055118110236 comme
1634.6456692913387 2790.551181102362 220.4724409448819 75.59055118110236 duc

1033.0708661417323 2877.165354330709 245.66929133858267 78.74015748031496 de
1155.9055118110236 2877.165354330709 532.2834645669292 78.74015748031496 Chartres;
1524.4094488188975 2877.165354330709 327.5590551181102 78.74015748031496 Passy,

1042.5196850393702 2962.2047244094488 176.3779527559055 78.74015748031496 2
1111.8110236220473 2962.2047244094488 388.9763779527559 78.74015748031496 octobre
1395.275590551181 2962.2047244094488 318.1102362204724 78.74015748031496 1789,
1607.8740157480315 2962.2047244094488 247.24409448818898 78.74015748031496 1/2
1713.3858267716535 2962.2047244094488 141.73228346456693 78.74015748031496 p.

1042.5196850393702 3048.818897637795 292.9133858267717 77.16535433070867 in-4.
1237.7952755905512 3048.818897637795 162.20472440944883 77.16535433070867 —
1303.9370078740158 3048.818897637795 195.2755905511811 77.16535433070867 P.
1401.5748031496064 3048.818897637795 195.2755905511811 77.16535433070867 de
1466.1417322834645 3048.818897637795 390.5511811023622 77.16535433070867 Chevillet.

1100.7874015748032 3168.503937007874 176.3779527559055 62.99212598425197 Il
1188.976377952756 3168.503937007874 322.8346456692913 62.99212598425197 exprime
1423.6220472440946 3168.503937007874 176.3779527559055 62.99212598425197 sa
1511.8110236220473 3168.503937007874 234.64566929133858 62.99212598425197 joie
1659.8425196850394 3168.503937007874 204.7244094488189 62.99212598425197 que
1746.4566929133857 3168.503937007874 118.11023622047244 62.99212598425197 le

1051.9685039370079 3237.7952755905512 203.1496062992126 61.41732283464567 roi
1166.9291338582677 3237.7952755905512 203.1496062992126 61.41732283464567 ait
1283.4645669291338 3237.7952755905512 319.68503937007875 61.41732283464567 accordé
1516.5354330708662 3237.7952755905512 174.8031496062992 61.41732283464567 la
1603.1496062992126 3237.7952755905512 261.4173228346457 61.41732283464567 grâce
1748.0314960629921 3237.7952755905512 116.53543307086615 61.41732283464567 du

1048.8188976377953 3305.511811023622 272.4409448818898 59.84251968503937 nommé
1229.9212598425197 3305.511811023622 362.20472440944883 59.84251968503937 Bouland,
1502.3622047244094 3305.511811023622 242.51968503937007 59.84251968503937 pour
1622.0472440944882 3305.511811023622 242.51968503937007 59.84251968503937 lequel

1053.5433070866143 3371.6535433070867 162.20472440944883 58.267716535433074 il
1133.8582677165355 3371.6535433070867 244.09448818897638 58.267716535433074 avait
1297.6377952755906 3371.6535433070867 297.6377952755906 58.267716535433074 imploré
1513.3858267716535 3371.6535433070867 162.20472440944883 58.267716535433074 sa
1568.5039370078741 3371.6535433070867 297.6377952755906 58.267716535433074 clémence.

1031.4960629921259 3508.6614173228345 415.748031496063 99.21259842519684 ★38★
1291.3385826771653 3508.6614173228345 467.7165354330709 99.21259842519684 LOUIS
1603.1496062992126 3508.6614173228345 623.6220472440945 99.21259842519684 PHILIPPE
2070.8661417322833 3508.6614173228345 311.81102362204723 99.21259842519684 I,
2228.3464566929133 3508.6614173228345 363.7795275590551 99.21259842519684 roi
2436.220472440945 3508.6614173228345 363.7795275590551 99.21259842519684 des
2592.1259842519685 3508.6614173228345 519.6850393700787 99.21259842519684 Français

1127.5590551181103 3622.047244094488 217.3228346456693 102.36220472440945 L.
1236.2204724409448 3622.047244094488 217.3228346456693 102.36220472440945 A.
1344.8818897637796 3622.047244094488 217.3228346456693 102.36220472440945 S.
1453.5433070866143 3622.047244094488 181.10236220472441 102.36220472440945 à
1525.984251968504 3622.047244094488 398.4251968503937 102.36220472440945 Charles
1815.748031496063 3622.047244094488 217.3228346456693 102.36220472440945 X;
1924.4094488188975 3622.047244094488 434.6456692913386 102.36220472440945 Neuilly,
2250.3937007874015 3622.047244094488 217.3228346456693 102.36220472440945 10
2359.0551181102364 3622.047244094488 289.76377952755905 102.36220472440945 juin
2540.1574803149606 3622.047244094488 325.98425196850394 102.36220472440945 1829,
2757.48031496063 3622.047244094488 181.10236220472441 102.36220472440945 8
2829.9212598425197 3622.047244094488 217.3228346456693 102.36220472440945 p.
2938.582677165354 3622.047244094488 398.4251968503937 102.36220472440945 in-fol.
3228.3464566929133 3622.047244094488 181.10236220472441 102.36220472440945 —
3300.787401574803 3622.047244094488 217.3228346456693 102.36220472440945 P.
3409.448818897638 3622.047244094488 325.98425196850394 102.36220472440945 gravé
3626.771653543307 3622.047244094488 217.3228346456693 102.36220472440945 au
3735.433070866142 3622.047244094488 325.98425196850394 102.36220472440945 burin
3952.755905511811 3622.047244094488 253.54330708661416 102.36220472440945 par
4061.417322834646 3622.047244094488 362.20472440944883 102.36220472440945 Hopwood.

1114.9606299212599 3722.834645669291 280.31496062992125 75.59055118110236 Lettre
1311.8110236220473 3722.834645669291 196.8503937007874 75.59055118110236 des
1423.6220472440946 3722.834645669291 225.1968503937008 75.59055118110236 plus
1565.3543307086613 3722.834645669291 365.3543307086614 75.59055118110236 curieuses
1845.6692913385828 3722.834645669291 168.50393700787401 75.59055118110236 où
1930.708661417323 3722.834645669291 168.50393700787401 75.59055118110236 il
2014.1732283464567 3722.834645669291 225.1968503937008 75.59055118110236 rend
2154.3307086614172 3722.834645669291 280.31496062992125 75.59055118110236 compte
2351.181102362205 3722.834645669291 168.50393700787401 75.59055118110236 du
2436.220472440945 3722.834645669291 280.31496062992125 75.59055118110236 voyage
2633.0708661417325 3722.834645669291 253.54330708661416 75.59055118110236 qu’il
2801.5748031496064 3722.834645669291 253.54330708661416 75.59055118110236 vient
2970.0787401574803 3722.834645669291 168.50393700787401 75.59055118110236 de
3053.5433070866143 3722.834645669291 253.54330708661416 75.59055118110236 faire
3223.6220472440946 3722.834645669291 168.50393700787401 75.59055118110236 en
3307.0866141732286 3722.834645669291 393.7007874015748 75.59055118110236 Angleterre
3615.748031496063 3722.834645669291 225.1968503937008 75.59055118110236 avec
3757.48031496063 3722.834645669291 196.8503937007874 75.59055118110236 son
3869.2913385826773 3722.834645669291 225.1968503937008 75.59055118110236 fils
4009.448818897638 3722.834645669291 253.54330708661416 75.59055118110236 aîné.
4177.952755905511 3722.834645669291 168.50393700787401 75.59055118110236 Il
4262.992125984252 3722.834645669291 140.15748031496062 75.59055118110236 a
4319.685039370079 3722.834645669291 225.1968503937008 75.59055118110236 dîné
4431.496062992126 3722.834645669291 168.50393700787401 75.59055118110236 sans

1058.267716535433 3787.4015748031497 387.40157480314963 83.46456692913385 cérémonie
1355.9055118110236 3787.4015748031497 237.79527559055117 83.46456692913385 chez
1503.9370078740158 3787.4015748031497 177.95275590551182 83.46456692913385 le
1593.7007874015749 3787.4015748031497 207.8740157480315 83.46456692913385 roi
1713.3858267716535 3787.4015748031497 357.4803149606299 83.46456692913385 (Georges
1981.1023622047244 3787.4015748031497 237.79527559055117 83.46456692913385 IV),
2129.1338582677167 3787.4015748031497 177.95275590551182 83.46456692913385 le
2218.8976377952754 3787.4015748031497 357.4803149606299 83.46456692913385 dimanche
2486.6141732283463 3787.4015748031497 177.95275590551182 83.46456692913385 17
2574.803149606299 3787.4015748031497 237.79527559055117 83.46456692913385 mai:
2724.4094488188975 3787.4015748031497 177.95275590551182 83.46456692913385 le
2814.1732283464567 3787.4015748031497 297.6377952755906 83.46456692913385 prince
3022.047244094488 3787.4015748031497 415.748031496063 83.46456692913385 Esterhazy,
3349.6062992125985 3787.4015748031497 445.6692913385827 83.46456692913385 ambassadeur
3705.511811023622 3787.4015748031497 445.6692913385827 83.46456692913385 d’Autriche,
4062.9921259842517 3787.4015748031497 207.8740157480315 83.46456692913385 s’y
4182.677165354331 3787.4015748031497 387.40157480314963 83.46456692913385 trouvait.
4450.393700787402 3787.4015748031497 148.03149606299212 83.46456692913385 «Au

1059.8425196850394 3851.968503937008 292.9133858267717 83.46456692913385 moment
1264.5669291338584 3851.968503937008 174.8031496062992 83.46456692913385 de
1352.755905511811 3851.968503937008 292.9133858267717 83.46456692913385 passer
1557.4803149606298 3851.968503937008 234.64566929133858 83.46456692913385 dans
1703.9370078740158 3851.968503937008 174.8031496062992 83.46456692913385 la
1792.1259842519685 3851.968503937008 262.99212598425197 83.46456692913385 salle
1966.9291338582677 3851.968503937008 146.45669291338584 83.46456692913385 à
2025.1968503937007 3851.968503937008 321.25984251968504 83.46456692913385 manger,
2259.8425196850394 3851.968503937008 174.8031496062992 83.46456692913385 le
2346.4566929133857 3851.968503937008 204.7244094488189 83.46456692913385 roi
2464.566929133858 3851.968503937008 379.5275590551181 83.46456692913385 m’appella
2755.9055118110236 3851.968503937008 174.8031496062992 83.46456692913385 et
2844.0944881889764 3851.968503937008 174.8031496062992 83.46456692913385 me
2932.283464566929 3851.968503937008 204.7244094488189 83.46456692913385 dit
3048.818897637795 3851.968503937008 174.8031496062992 83.46456692913385 de
3137.0078740157483 3851.968503937008 204.7244094488189 83.46456692913385 lui
3253.5433070866143 3851.968503937008 292.9133858267717 83.46456692913385 donner
3458.267716535433 3851.968503937008 174.8031496062992 83.46456692913385 le
3546.4566929133857 3851.968503937008 262.99212598425197 83.46456692913385 bras.
3721.259842519685 3851.968503937008 174.8031496062992 83.46456692913385 Le
3809.448818897638 3851.968503937008 204.7244094488189 83.46456692913385 duc
3925.984251968504 3851.968503937008 174.8031496062992 83.46456692913385 de
4014.1732283464567 3851.968503937008 439.37007874015745 83.46456692913385 Cumberland,
4363.779527559055 3851.968503937008 174.8031496062992 83.46456692913385 le
4423.622047244095 3851.968503937008 174.8031496062992 83.46456692913385 seul

1059.8425196850394 3914.9606299212596 198.4251968503937 88.18897637795276 des
1173.2283464566929 3914.9606299212596 311.81102362204723 88.18897637795276 princes
1400.0 3914.9606299212596 311.81102362204723 88.18897637795276 anglais
1626.7716535433071 3914.9606299212596 198.4251968503937 88.18897637795276 qui
1740.1574803149606 3914.9606299212596 170.07874015748033 88.18897637795276 se
1825.1968503937007 3914.9606299212596 311.81102362204723 88.18897637795276 trouvât
2051.968503937008 3914.9606299212596 141.73228346456693 88.18897637795276 à
2108.6614173228345 3914.9606299212596 170.07874015748033 88.18897637795276 ce
2193.700787401575 3914.9606299212596 255.11811023622047 88.18897637795276 dîner
2363.779527559055 3914.9606299212596 170.07874015748033 88.18897637795276 où
2448.818897637795 3914.9606299212596 170.07874015748033 88.18897637795276 il
2533.8582677165355 3914.9606299212596 198.4251968503937 88.18897637795276 n’y
2647.244094488189 3914.9606299212596 255.11811023622047 88.18897637795276 avait
2817.3228346456694 3914.9606299212596 255.11811023622047 88.18897637795276 point
2985.8267716535433 3914.9606299212596 170.07874015748033 88.18897637795276 de
3070.8661417322833 3914.9606299212596 283.46456692913387 88.18897637795276 dames,
3269.2913385826773 3914.9606299212596 198.4251968503937 88.18897637795276 fit
3382.6771653543306 3914.9606299212596 283.46456692913387 88.18897637795276 passer
3581.1023622047246 3914.9606299212596 198.4251968503937 88.18897637795276 mon
3694.488188976378 3914.9606299212596 255.11811023622047 88.18897637795276 fils,
3864.566929133858 3914.9606299212596 170.07874015748033 88.18897637795276 et
3949.6062992125985 3914.9606299212596 170.07874015748033 88.18897637795276 le
4034.6456692913384 3914.9606299212596 283.46456692913387 88.18897637795276 prince
4233.070866141732 3914.9606299212596 368.503937007874 88.18897637795276 Esterhazy
4488.188976377953 3914.9606299212596 113.38582677165354 88.18897637795276 ne

1064.5669291338584 3977.952755905512 261.4173228346457 86.61417322834646 passa
1237.7952755905512 3977.952755905512 348.0314960629921 86.61417322834646 qu’après
1499.2125984251968 3977.952755905512 261.4173228346457 86.61417322834646 eux.»
1672.4409448818897 3977.952755905512 174.8031496062992 86.61417322834646 Ce
1760.6299212598426 3977.952755905512 231.49606299212599 86.61417322834646 fait
1905.5118110236222 3977.952755905512 174.8031496062992 86.61417322834646 de
1992.1259842519685 3977.952755905512 376.37795275590554 86.61417322834646 préséance
2281.8897637795276 3977.952755905512 261.4173228346457 86.61417322834646 était
2456.6929133858266 3977.952755905512 406.2992125984252 86.61417322834646 important,
2774.803149606299 3977.952755905512 231.49606299212599 86.61417322834646 car,
2921.259842519685 3977.952755905512 174.8031496062992 86.61417322834646 au
3007.8740157480315 3977.952755905512 319.68503937007875 86.61417322834646 congrès
3239.3700787401576 3977.952755905512 174.8031496062992 86.61417322834646 de
3325.984251968504 3977.952755905512 348.0314960629921 86.61417322834646 Laybach,
3587.4015748031497 3977.952755905512 174.8031496062992 86.61417322834646 il
3675.5905511811025 3977.952755905512 261.4173228346457 86.61417322834646 avait
3848.818897637795 3977.952755905512 203.1496062992126 86.61417322834646 été
3965.3543307086616 3977.952755905512 289.76377952755905 86.61417322834646 décidé
4168.503937007874 3977.952755905512 203.1496062992126 86.61417322834646 que
4283.464566929134 3977.952755905512 203.1496062992126 86.61417322834646 les
4371.653543307087 3977.952755905512 231.49606299212599 86.61417322834646 ambas-

1062.992125984252 4042.51968503937 308.66141732283467 91.33858267716535 sadeurs
1288.1889763779527 4042.51968503937 168.50393700787401 91.33858267716535 ne
1371.6535433070867 4042.51968503937 393.7007874015748 91.33858267716535 céderaient
1681.8897637795276 4042.51968503937 168.50393700787401 91.33858267716535 le
1765.3543307086613 4042.51968503937 196.8503937007874 91.33858267716535 pas
1878.740157480315 4042.51968503937 280.31496062992125 91.33858267716535 qu’aux
2075.5905511811025 4042.51968503937 308.66141732283467 91.33858267716535 princes
2299.212598425197 4042.51968503937 225.1968503937008 91.33858267716535 fils
2440.9448818897636 4042.51968503937 168.50393700787401 91.33858267716535 ou
2524.4094488188975 4042.51968503937 280.31496062992125 91.33858267716535 frères
2721.259842519685 4042.51968503937 168.50393700787401 91.33858267716535 de
2806.299212598425 4042.51968503937 253.54330708661416 91.33858267716535 rois.
2974.803149606299 4042.51968503937 168.50393700787401 91.33858267716535 Le
3058.267716535433 4042.51968503937 196.8503937007874 91.33858267716535 roi
3171.6535433070867 4042.51968503937 196.8503937007874 91.33858267716535 lui
3283.464566929134 4042.51968503937 140.15748031496062 91.33858267716535 a
3340.1574803149606 4042.51968503937 253.54330708661416 91.33858267716535 parlé
3508.6614173228345 4042.51968503937 168.50393700787401 91.33858267716535 de
3592.1259842519685 4042.51968503937 196.8503937007874 91.33858267716535 ces
3705.511811023622 4042.51968503937 422.0472440944882 91.33858267716535 difficultés
4042.51968503937 4042.51968503937 168.50393700787401 91.33858267716535 et
4127.55905511811 4042.51968503937 140.15748031496062 91.33858267716535 a
4182.677165354331 4042.51968503937 308.66141732283467 91.33858267716535 déclaré
4407.8740157480315 4042.51968503937 196.8503937007874 91.33858267716535 que
4492.913385826771 4042.51968503937 111.81102362204724 91.33858267716535 le

1066.1417322834645 4105.511811023622 303.93700787401576 92.91338582677166 système
1288.1889763779527 4105.511811023622 277.1653543307087 92.91338582677166 adopté
1481.8897637795276 4105.511811023622 248.8188976377953 92.91338582677166 était
1647.244094488189 4105.511811023622 138.58267716535434 92.91338582677166 à
1702.3622047244094 4105.511811023622 165.35433070866142 92.91338582677166 la
1785.8267716535433 4105.511811023622 220.4724409448819 92.91338582677166 fois
1924.4094488188975 4105.511811023622 414.1732283464567 92.91338582677166 inconvenant
2255.1181102362207 4105.511811023622 165.35433070866142 92.91338582677166 et
2338.582677165354 4105.511811023622 442.5196850393701 92.91338582677166 impolitique.
2697.6377952755906 4105.511811023622 303.93700787401576 92.91338582677166 Longues
2918.1102362204724 4105.511811023622 497.6377952755906 92.91338582677166 considérations
3333.8582677165355 4105.511811023622 138.58267716535434 92.91338582677166 à
3388.9763779527557 4105.511811023622 165.35433070866142 92.91338582677166 ce
3470.8661417322833 4105.511811023622 277.1653543307087 92.91338582677166 sujet.
3664.566929133858 4105.511811023622 165.35433070866142 92.91338582677166 Le
3748.031496062992 4105.511811023622 193.70078740157481 92.91338582677166 duc
3858.267716535433 4105.511811023622 165.35433070866142 92.91338582677166 de
3941.732283464567 4105.511811023622 387.40157480314963 92.91338582677166 Wellington
4245.669291338582 4105.511811023622 138.58267716535434 92.91338582677166 a
4300.787401574803 4105.511811023622 193.70078740157481 92.91338582677166 été
4384.251968503937 4105.511811023622 220.4724409448819 92.91338582677166 d’avis

1066.1417322834645 4171.653543307087 266.1417322834646 89.76377952755905 qu’il
1244.0944881889764 4171.653543307087 324.40944881889766 89.76377952755905 fallait
1480.3149606299212 4171.653543307087 324.40944881889766 89.76377952755905 abroger
1714.9606299212599 4171.653543307087 176.3779527559055 89.76377952755905 ce
1804.724409448819 4171.653543307087 384.251968503937 89.76377952755905 règlement
2099.212598425197 4171.653543307087 324.40944881889766 89.76377952755905 absurde
2335.433070866142 4171.653543307087 176.3779527559055 89.76377952755905 et
2423.6220472440946 4171.653543307087 148.03149606299212 89.76377952755905 a
2481.8897637795276 4171.653543307087 324.40944881889766 89.76377952755905 déclaré
2718.1102362204724 4171.653543307087 206.29921259842519 89.76377952755905 que
2836.220472440945 4171.653543307087 206.29921259842519 89.76377952755905 son
2954.3307086614172 4171.653543307087 294.48818897637796 89.76377952755905 maître
3160.6299212598424 4171.653543307087 354.3307086614173 89.76377952755905 écrirait
3426.771653543307 4171.653543307087 148.03149606299212 89.76377952755905 à
3485.0393700787404 4171.653543307087 176.3779527559055 89.76377952755905 ce
3573.228346456693 4171.653543307087 266.1417322834646 89.76377952755905 sujet
3751.181102362205 4171.653543307087 148.03149606299212 89.76377952755905 à
3809.448818897638 4171.653543307087 412.59842519685037 89.76377952755905 l’empereur
4133.858267716535 4171.653543307087 442.5196850393701 89.76377952755905 d’Autriche.
4458.2677165354335 4171.653543307087 148.03149606299212 89.76377952755905 «Il

1067.716535433071 4256.692913385827 179.5275590551181 61.41732283464567 ne
1157.4803149606298 4256.692913385827 179.5275590551181 61.41732283464567 me
1247.244094488189 4256.692913385827 270.86614173228344 61.41732283464567 reste
1398.4251968503936 4256.692913385827 209.4488188976378 61.41732283464567 plus,

1072.4409448818897 4321.259842519685 240.9448818897638 67.71653543307086 Sire,
1233.0708661417323 4321.259842519685 214.17322834645668 67.71653543307086 qu’à
1340.1574803149606 4321.259842519685 269.29133858267716 67.71653543307086 supplier

1069.291338582677 4390.5511811023625 288.18897637795277 64.56692913385827 Votre
1261.4173228346456 4390.5511811023625 351.18110236220474 64.56692913385827 Majesté
1485.0393700787401 4390.5511811023625 127.55905511811024 64.56692913385827 de

1072.4409448818897 4462.992125984252 240.9448818897638 48.818897637795274 nous
1223.6220472440946 4462.992125984252 302.3622047244094 48.818897637795274 donner
1434.6456692913387 4462.992125984252 151.1811023622047 48.818897637795274 à
1464.5669291338584 4462.992125984252 151.1811023622047 48.818897637795274 cet

1078.740157480315 4527.55905511811 256.6929133858268 66.14173228346456 égard
1248.8188976377953 4527.55905511811 198.4251968503937 66.14173228346456 son
1333.8582677165355 4527.55905511811 285.03937007874015 66.14173228346456 puissant

1075.5905511811025 4595.275590551181 319.68503937007875 62.99212598425197 appui,
1299.2125984251968 4595.275590551181 286.61417322834643 62.99212598425197 ainsi
1458.267716535433 4595.275590551181 159.0551181102362 62.99212598425197 que

1081.8897637795276 4661.417322834645 195.2755905511811 61.41732283464567 vous
1204.724409448819 4661.417322834645 244.09448818897638 61.41732283464567 l’avés
1376.3779527559054 4661.417322834645 195.2755905511811 61.41732283464567 déjà
1474.015748031496 4661.417322834645 146.45669291338584 61.41732283464567 fait

1083.4645669291338 4729.133858267716 179.5275590551181 48.818897637795274 en
1173.2283464566929 4729.133858267716 239.37007874015748 48.818897637795274 nous
1292.9133858267717 4729.133858267716 329.13385826771656 48.818897637795274 accordant

1083.4645669291338 4798.425196850394 170.07874015748033 45.669291338582674 le
1168.5039370078741 4798.425196850394 255.11811023622047 45.669291338582674 titre
1310.236220472441 4798.425196850394 311.81102362204723 45.669291338582674 d'Altesse

1089.763779527559 4864.566929133858 294.48818897637796 59.84251968503937 royale,
1303.9370078740158 4864.566929133858 214.17322834645668 59.84251968503937 pour
1411.023622047244 4864.566929133858 214.17322834645668 59.84251968503937 qu’une

1085.0393700787401 4927.55905511811 341.73228346456693 48.818897637795274 nouvelle
1313.3858267716535 4927.55905511811 313.38582677165357 48.818897637795274 modifica-

1088.1889763779527 4995.275590551181 226.77165354330708 59.84251968503937 tion
1229.9212598425197 4995.275590551181 170.07874015748033 59.84251968503937 du
1314.9606299212599 4995.275590551181 313.38582677165357 59.84251968503937 système
1514.9606299212599 4995.275590551181 113.38582677165354 59.84251968503937 de

1086.6141732283465 5062.992125984252 329.13385826771656 61.41732283464567 Laybach
1325.984251968504 5062.992125984252 239.37007874015748 61.41732283464567 nous
1445.6692913385828 5062.992125984252 179.5275590551181 61.41732283464567 pré-

1089.763779527559 5129.133858267716 256.6929133858268 59.84251968503937 serve
1261.4173228346456 5129.133858267716 200.0 59.84251968503937 des
1346.4566929133857 5129.133858267716 285.03937007874015 59.84251968503937 désagré-

1083.4645669291338 5196.850393700787 289.76377952755905 61.41732283464567 mens
1264.5669291338584 5196.850393700787 253.54330708661416 61.41732283464567 qui
1373.2283464566929 5196.850393700787 253.54330708661416 61.41732283464567 pour-

1094.4881889763778 5262.992125984252 285.03937007874015 53.54330708661417 raient
1292.9133858267717 5262.992125984252 170.07874015748033 53.54330708661417 en
1349.6062992125985 5262.992125984252 285.03937007874015 53.54330708661417 résulter

1097.6377952755906 5332.283464566929 226.77165354330708 66.14173228346456 pour
1239.3700787401574 5332.283464566929 255.11811023622047 66.14173228346456 nous,
1381.1023622047244 5332.283464566929 255.11811023622047 66.14173228346456 lorsque

1092.9133858267717 5400.0 240.9448818897638 51.968503937007874 nous
1244.0944881889764 5400.0 362.20472440944883 51.968503937007874 visitons
1485.0393700787401 5400.0 151.1811023622047 51.968503937007874 des

1096.0629921259842 5469.291338582677 255.11811023622047 59.84251968503937 cours
1237.7952755905512 5469.291338582677 396.8503937007874 59.84251968503937 étrangères.»

1080.3149606299212 5559.055118110236 395.2755905511811 140.15748031496062 ★39★
1325.984251968504 5559.055118110236 444.09448818897636 140.15748031496062 MARIE
1622.0472440944882 5559.055118110236 492.9133858267717 140.15748031496062 AMÉLIE
1968.5039370078741 5559.055118110236 296.06299212598424 140.15748031496062 DE
2114.9606299212596 5559.055118110236 592.1259842519685 140.15748031496062 BOURBON,
2559.0551181102364 5559.055118110236 296.06299212598424 140.15748031496062 n.
2707.0866141732286 5559.055118110236 247.24409448818898 140.15748031496062 à
2806.299212598425 5559.055118110236 592.1259842519685 140.15748031496062 Caserte,
3250.3937007874015 5559.055118110236 296.06299212598424 140.15748031496062 26
3398.4251968503936 5559.055118110236 444.09448818897636 140.15748031496062 avril
3694.488188976378 5559.055118110236 444.09448818897636 140.15748031496062 1782,
3990.551181102362 5559.055118110236 444.09448818897636 140.15748031496062 fille
4286.614173228347 5559.055118110236 296.06299212598424 140.15748031496062 du
4384.251968503937 5559.055118110236 247.24409448818898 140.15748031496062 roi

1078.740157480315 5678.740157480315 327.5590551181102 133.85826771653544 des
1266.1417322834645 5678.740157480315 749.6062992125984 133.85826771653544 Deux-Siciles
1875.5905511811025 5678.740157480315 607.8740157480315 133.85826771653544 Ferdinand
2343.3070866141734 5678.740157480315 280.31496062992125 133.85826771653544 IV
2483.464566929134 5678.740157480315 280.31496062992125 133.85826771653544 et
2623.6220472440946 5678.740157480315 280.31496062992125 133.85826771653544 de
2763.779527559055 5678.740157480315 889.7637795275591 133.85826771653544 Marie-Caroline,
3513.3858267716537 5678.740157480315 420.4724409448819 133.85826771653544 femme
3793.700787401575 5678.740157480315 280.31496062992125 133.85826771653544 de
3933.8582677165355 5678.740157480315 420.4724409448819 133.85826771653544 Louis
4168.503937007874 5678.740157480315 467.7165354330709 133.85826771653544 Philippe

1081.8897637795276 5790.5511811023625 310.23622047244095 111.81102362204724 (25
1258.267716535433 5790.5511811023625 532.2834645669292 111.81102362204724 novembre
1658.267716535433 5790.5511811023625 442.5196850393701 111.81102362204724 1809),
1966.9291338582677 5790.5511811023625 266.1417322834646 111.81102362204724 m.
2100.787401574803 5790.5511811023625 222.04724409448818 111.81102362204724 à
2188.9763779527557 5790.5511811023625 576.3779527559055 111.81102362204724 Claremont
2631.496062992126 5790.5511811023625 752.7559055118111 111.81102362204724 (Angleterre),
3251.968503937008 5790.5511811023625 266.1417322834646 111.81102362204724 24
3385.8267716535433 5790.5511811023625 354.3307086614173 111.81102362204724 mars
3562.2047244094488 5790.5511811023625 310.23622047244095 111.81102362204724 1866.
