3610 4663
713 601 474 52 18
950 601 712 52 CHEFS
1425 601 474 52 DE
1662 601 1265 52 GOUVERNEMENT
2611 601 395 52 S.1

812 890 143 52 1°
884 890 143 52 L.
955 890 143 52 A.
1027 890 286 52 paraphée
1241 890 119 52 à
1289 890 382 52 mademoiselle
1599 890 143 52 de
1671 890 262 52 Broval;
1861 890 334 52 Tuileries,
2124 890 143 52 17
2195 890 262 52 janvier
2386 890 215 52 1839,
2529 890 119 52 1
2577 890 143 52 p.
2648 890 167 52 1/2
2744 890 215 52 in-8.
2887 890 119 52 —
2911 890 95 52 P.

798 964 167 46 Belle
910 964 185 46 lettre
1039 964 222 46 relative
1206 964 93 46 à
1243 964 111 46 la
1298 964 148 46 mort
1391 964 111 46 de
1446 964 111 46 sa
1483 964 130 46 fille

754 1002 189 51 Marie
880 1002 273 51 (duchesse
1090 1002 126 51 de
1153 1002 315 51 Würtemberg,
1404 1002 231 51 décédée
1551 1002 63 51 à

760 1044 145 48 Pise
851 1044 109 48 le
905 1044 91 48 6
941 1044 236 48 janvier).
1123 1044 163 48 «Elle
1232 1044 91 48 a
1268 1044 145 48 fait
1359 1044 109 48 la
1413 1044 145 48 mort
1486 1044 127 48 d'une

756 1085 209 53 sainte.
908 1085 171 53 C'est
1022 1085 114 53 la
1079 1085 285 53 consolation
1308 1085 133 53 que
1384 1085 152 53 Dieu
1479 1085 152 53 nous
1555 1085 57 53 a

759 1127 183 48 accordé
892 1127 100 48 en
942 1127 133 48 nous
1025 1127 199 48 enlevant
1175 1127 150 48 cette
1275 1127 100 48 si
1324 1127 150 48 chère
1408 1127 199 48 enfant...»

795 1205 135 54 2°
863 1205 135 54 L.
931 1205 135 54 S.
999 1205 135 54 au
1066 1205 271 54 cardinal
1269 1205 248 54 Ostini;
1427 1205 181 54 Paris,

757 1258 131 59 10
823 1258 239 59 février
997 1258 196 59 1847,
1127 1258 152 59 1/2
1214 1258 131 59 p.
1280 1258 261 59 in-fol.,
1454 1258 152 59 enve-

755 1310 199 58 loppe
887 1310 132 58 et
931 1310 199 58 cachet.

789 1390 205 46 Réponse
939 1390 131 46 aux
1013 1390 280 46 témoignages
1237 1390 317 46 d'attachement
1479 1390 131 46 qu'il

754 1433 126 43 lui
826 1433 90 43 a
862 1433 180 43 donnés
988 1433 90 43 à
1024 1433 252 43 l'occasion
1222 1433 126 43 des
1294 1433 162 43 fêtes
1402 1433 108 43 de
1438 1433 126 43 Noël.

738 1523 278 64 ★40★
912 1523 557 64 GOUVERNEMENT
1365 1523 487 64 PROVISOIRE
1748 1523 244 64 (24
1887 1523 383 64 février
2165 1523 209 64 au
2270 1523 174 64 9
2339 1523 244 64 mai
2444 1523 278 64 1848).

794 1610 158 50 L.
873 1610 158 50 S.
952 1610 184 50 par
1057 1610 158 50 F.
1136 1610 263 50 ARAGO,
1320 1610 263 50 MARIE,
1504 1610 237 50 LOUIS
1662 1610 263 50 BLANC,
1846 1610 263 50 ARMAND
2030 1610 316 50 MARRAST,
2267 1610 342 50 CRÉMIEUX,
2530 1610 289 50 ALBERT,
2741 1610 263 50 DUPONT
2899 1610 105 50 DE

746 1664 256 50 L'EURE,
932 1664 209 50 LEDRU
1071 1664 256 50 ROLLIN,
1257 1664 256 50 GARNIER
1443 1664 209 50 PAGÈS
1583 1664 140 50 et
1653 1664 326 50 LAMARTINE,
1908 1664 116 50 à
1955 1664 140 50 la
2025 1664 395 50 Confédération
2350 1664 256 50 suisse;
2536 1664 233 50 Paris,
2699 1664 116 50 4
2745 1664 186 50 mars
2838 1664 163 50 1848,

755 1720 110 49 1
799 1720 132 49 p.
865 1720 220 49 double
1019 1720 242 49 in-fol.
1172 1720 198 49 oblong.

785 1784 214 41 Superbe
940 1784 195 41 pièce.
1077 1784 195 41 Lettre
1213 1784 117 41 de
1271 1784 214 41 créance
1427 1784 117 41 en
1486 1784 195 41 faveur
1622 1784 117 41 du
1681 1784 214 41 général
1836 1784 117 41 de
1895 1784 214 41 Thiard,
2051 1784 292 41 ambassadeur
2284 1784 117 41 de
2343 1784 117 41 la
2401 1784 273 41 République
2615 1784 253 41 française
2810 1784 195 41 auprès
2927 1784 78 41 de

747 1825 119 42 la
807 1825 337 42 Confédération
1084 1825 218 42 suisse.
1243 1825 99 42 —
1282 1825 555 42 (Auxonne-Théodose-Marie,
1778 1825 178 42 comte
1896 1825 119 42 de
1956 1825 198 42 Thiard
2095 1825 119 42 de
2154 1825 198 42 Bissy,
2293 1825 119 42 né
2352 1825 99 42 à
2392 1825 178 42 Paris
2511 1825 119 42 en
2570 1825 178 42 1772,
2689 1825 159 42 aide
2788 1825 119 42 de
2847 1825 159 42 camp
2927 1825 79 42 de

748 1865 227 42 Napoléon
918 1865 114 42 I,
975 1865 133 42 fut
1051 1865 189 42 député
1184 1865 114 42 de
1240 1865 151 42 1820
1335 1865 95 42 à
1373 1865 151 42 1848
1467 1865 114 42 et
1524 1865 189 42 siégea
1657 1865 95 42 à
1695 1865 246 42 l’extrême
1884 1865 208 42 gauche.
2035 1865 114 42 Il
2092 1865 133 42 fut
2168 1865 284 42 ambassadeur
2395 1865 114 42 en
2452 1865 189 42 Suisse
2584 1865 227 42 jusqu’au
2755 1865 151 42 mois
2831 1865 170 42 d’avril

752 1908 151 40 1849
846 1908 113 40 et
903 1908 188 40 mourut
1035 1908 113 40 en
1072 1908 151 40 1852.)
