5685.03937007874 7343.307086614173
1122.8346456692914 946.4566929133858 746.4566929133858 81.88976377952756 18
1496.0629921259842 946.4566929133858 1121.259842519685 81.88976377952756 CHEFS
2244.0944881889764 946.4566929133858 746.4566929133858 81.88976377952756 DE
2617.3228346456694 946.4566929133858 1992.1259842519685 81.88976377952756 GOUVERNEMENT
4111.811023622047 946.4566929133858 622.0472440944882 81.88976377952756 S.1

1278.740157480315 1401.5748031496064 225.1968503937008 81.88976377952756 1°
1392.1259842519685 1401.5748031496064 225.1968503937008 81.88976377952756 L.
1503.9370078740158 1401.5748031496064 225.1968503937008 81.88976377952756 A.
1617.3228346456692 1401.5748031496064 450.3937007874016 81.88976377952756 paraphée
1954.3307086614172 1401.5748031496064 187.4015748031496 81.88976377952756 à
2029.9212598425197 1401.5748031496064 601.5748031496063 81.88976377952756 mademoiselle
2518.1102362204724 1401.5748031496064 225.1968503937008 81.88976377952756 de
2631.496062992126 1401.5748031496064 412.59842519685037 81.88976377952756 Broval;
2930.7086614173227 1401.5748031496064 525.9842519685039 81.88976377952756 Tuileries,
3344.8818897637793 1401.5748031496064 225.1968503937008 81.88976377952756 17
3456.6929133858266 1401.5748031496064 412.59842519685037 81.88976377952756 janvier
3757.48031496063 1401.5748031496064 338.5826771653543 81.88976377952756 1839,
3982.6771653543306 1401.5748031496064 187.4015748031496 81.88976377952756 1
4058.267716535433 1401.5748031496064 225.1968503937008 81.88976377952756 p.
4170.078740157481 1401.5748031496064 262.99212598425197 81.88976377952756 1/2
4321.259842519685 1401.5748031496064 338.5826771653543 81.88976377952756 in-8.
4546.456692913386 1401.5748031496064 187.4015748031496 81.88976377952756 —
4584.251968503937 1401.5748031496064 149.60629921259843 81.88976377952756 P.

1256.6929133858268 1518.1102362204724 262.99212598425197 72.44094488188976 Belle
1433.0708661417323 1518.1102362204724 291.33858267716533 72.44094488188976 lettre
1636.2204724409448 1518.1102362204724 349.6062992125984 72.44094488188976 relative
1899.2125984251968 1518.1102362204724 146.45669291338584 72.44094488188976 à
1957.4803149606298 1518.1102362204724 174.8031496062992 72.44094488188976 la
2044.0944881889764 1518.1102362204724 233.0708661417323 72.44094488188976 mort
2190.551181102362 1518.1102362204724 174.8031496062992 72.44094488188976 de
2277.165354330709 1518.1102362204724 174.8031496062992 72.44094488188976 sa
2335.433070866142 1518.1102362204724 204.7244094488189 72.44094488188976 fille

1187.4015748031495 1577.9527559055118 297.6377952755906 80.31496062992126 Marie
1385.8267716535433 1577.9527559055118 429.9212598425197 80.31496062992126 (duchesse
1716.5354330708662 1577.9527559055118 198.4251968503937 80.31496062992126 de
1815.748031496063 1577.9527559055118 496.06299212598424 80.31496062992126 Würtemberg,
2211.0236220472443 1577.9527559055118 363.7795275590551 80.31496062992126 décédée
2442.51968503937 1577.9527559055118 99.21259842519684 80.31496062992126 à

1196.8503937007874 1644.0944881889764 228.3464566929134 75.59055118110236 Pise
1340.1574803149606 1644.0944881889764 171.6535433070866 75.59055118110236 le
1425.1968503937007 1644.0944881889764 143.30708661417322 75.59055118110236 6
1481.8897637795276 1644.0944881889764 371.65354330708664 75.59055118110236 janvier).
1768.5039370078741 1644.0944881889764 256.6929133858268 75.59055118110236 «Elle
1940.1574803149606 1644.0944881889764 143.30708661417322 75.59055118110236 a
1996.8503937007874 1644.0944881889764 228.3464566929134 75.59055118110236 fait
2140.1574803149606 1644.0944881889764 171.6535433070866 75.59055118110236 la
2225.196850393701 1644.0944881889764 228.3464566929134 75.59055118110236 mort
2340.1574803149606 1644.0944881889764 200.0 75.59055118110236 d'une

1190.5511811023623 1708.6614173228347 329.13385826771656 83.46456692913385 sainte.
1429.9212598425197 1708.6614173228347 269.29133858267716 83.46456692913385 C'est
1609.4488188976377 1708.6614173228347 179.5275590551181 83.46456692913385 la
1699.2125984251968 1708.6614173228347 448.81889763779526 83.46456692913385 consolation
2059.8425196850394 1708.6614173228347 209.4488188976378 83.46456692913385 que
2179.527559055118 1708.6614173228347 239.37007874015748 83.46456692913385 Dieu
2329.1338582677167 1708.6614173228347 239.37007874015748 83.46456692913385 nous
2448.818897637795 1708.6614173228347 89.76377952755905 83.46456692913385 a

1195.275590551181 1774.8031496062993 288.18897637795277 75.59055118110236 accordé
1404.724409448819 1774.8031496062993 157.48031496062993 75.59055118110236 en
1483.4645669291338 1774.8031496062993 209.4488188976378 75.59055118110236 nous
1614.1732283464567 1774.8031496062993 313.38582677165357 75.59055118110236 enlevant
1850.3937007874015 1774.8031496062993 236.2204724409449 75.59055118110236 cette
2007.8740157480315 1774.8031496062993 157.48031496062993 75.59055118110236 si
2085.0393700787404 1774.8031496062993 236.2204724409449 75.59055118110236 chère
2217.3228346456694 1774.8031496062993 313.38582677165357 75.59055118110236 enfant...»

1251.9685039370079 1897.6377952755906 212.5984251968504 85.03937007874016 2°
1359.0551181102362 1897.6377952755906 212.5984251968504 85.03937007874016 L.
1466.1417322834645 1897.6377952755906 212.5984251968504 85.03937007874016 S.
1573.2283464566929 1897.6377952755906 212.5984251968504 85.03937007874016 au
1678.740157480315 1897.6377952755906 426.7716535433071 85.03937007874016 cardinal
1998.4251968503936 1897.6377952755906 390.5511811023622 85.03937007874016 Ostini;
2247.244094488189 1897.6377952755906 285.03937007874015 85.03937007874016 Paris,

1192.1259842519685 1981.1023622047244 206.29921259842519 92.91338582677166 10
1296.0629921259842 1981.1023622047244 376.37795275590554 92.91338582677166 février
1570.0787401574803 1981.1023622047244 308.66141732283467 92.91338582677166 1847,
1774.8031496062993 1981.1023622047244 239.37007874015748 92.91338582677166 1/2
1911.8110236220473 1981.1023622047244 206.29921259842519 92.91338582677166 p.
2015.748031496063 1981.1023622047244 411.0236220472441 92.91338582677166 in-fol.,
2289.763779527559 1981.1023622047244 239.37007874015748 92.91338582677166 enve-

1188.976377952756 2062.9921259842517 313.38582677165357 91.33858267716535 loppe
1396.8503937007874 2062.9921259842517 207.8740157480315 91.33858267716535 et
1466.1417322834645 2062.9921259842517 313.38582677165357 91.33858267716535 cachet.

1242.5196850393702 2188.9763779527557 322.8346456692913 72.44094488188976 Réponse
1478.740157480315 2188.9763779527557 206.29921259842519 72.44094488188976 aux
1595.275590551181 2188.9763779527557 440.9448818897638 72.44094488188976 témoignages
1948.0314960629921 2188.9763779527557 499.21259842519686 72.44094488188976 d'attachement
2329.1338582677167 2188.9763779527557 206.29921259842519 72.44094488188976 qu'il

1187.4015748031495 2256.6929133858266 198.4251968503937 67.71653543307086 lui
1300.7874015748032 2256.6929133858266 141.73228346456693 67.71653543307086 a
1357.4803149606298 2256.6929133858266 283.46456692913387 67.71653543307086 donnés
1555.9055118110236 2256.6929133858266 141.73228346456693 67.71653543307086 à
1612.5984251968505 2256.6929133858266 396.8503937007874 67.71653543307086 l'occasion
1924.4094488188975 2256.6929133858266 198.4251968503937 67.71653543307086 des
2037.7952755905512 2256.6929133858266 255.11811023622047 67.71653543307086 fêtes
2207.8740157480315 2256.6929133858266 170.07874015748033 67.71653543307086 de
2264.566929133858 2256.6929133858266 198.4251968503937 67.71653543307086 Noël.

1162.2047244094488 2398.4251968503936 437.79527559055117 100.78740157480316 ★40★
1436.2204724409448 2398.4251968503936 877.1653543307086 100.78740157480316 GOUVERNEMENT
2149.6062992125985 2398.4251968503936 766.9291338582677 100.78740157480316 PROVISOIRE
2752.755905511811 2398.4251968503936 384.251968503937 100.78740157480316 (24
2971.6535433070867 2398.4251968503936 603.1496062992126 100.78740157480316 février
3409.448818897638 2398.4251968503936 329.13385826771656 100.78740157480316 au
3574.803149606299 2398.4251968503936 274.01574803149606 100.78740157480316 9
3683.464566929134 2398.4251968503936 384.251968503937 100.78740157480316 mai
3848.818897637795 2398.4251968503936 437.79527559055117 100.78740157480316 1848).

1250.3937007874015 2535.433070866142 248.8188976377953 78.74015748031496 L.
1374.8031496062993 2535.433070866142 248.8188976377953 78.74015748031496 S.
1499.2125984251968 2535.433070866142 289.76377952755905 78.74015748031496 par
1664.5669291338584 2535.433070866142 248.8188976377953 78.74015748031496 F.
1788.976377952756 2535.433070866142 414.1732283464567 78.74015748031496 ARAGO,
2078.740157480315 2535.433070866142 414.1732283464567 78.74015748031496 MARIE,
2368.503937007874 2535.433070866142 373.2283464566929 78.74015748031496 LOUIS
2617.3228346456694 2535.433070866142 414.1732283464567 78.74015748031496 BLANC,
2907.0866141732286 2535.433070866142 414.1732283464567 78.74015748031496 ARMAND
3196.850393700787 2535.433070866142 497.6377952755906 78.74015748031496 MARRAST,
3570.0787401574803 2535.433070866142 538.5826771653543 78.74015748031496 CRÉMIEUX,
3984.251968503937 2535.433070866142 455.11811023622045 78.74015748031496 ALBERT,
4316.535433070866 2535.433070866142 414.1732283464567 78.74015748031496 DUPONT
4565.354330708661 2535.433070866142 165.35433070866142 78.74015748031496 DE

1174.8031496062993 2620.472440944882 403.1496062992126 78.74015748031496 L'EURE,
1467.716535433071 2620.472440944882 329.13385826771656 78.74015748031496 LEDRU
1686.6141732283465 2620.472440944882 403.1496062992126 78.74015748031496 ROLLIN,
1979.5275590551182 2620.472440944882 403.1496062992126 78.74015748031496 GARNIER
2272.4409448818897 2620.472440944882 329.13385826771656 78.74015748031496 PAGÈS
2492.9133858267714 2620.472440944882 220.4724409448819 78.74015748031496 et
2603.149606299213 2620.472440944882 513.3858267716536 78.74015748031496 LAMARTINE,
3004.7244094488187 2620.472440944882 182.6771653543307 78.74015748031496 à
3078.740157480315 2620.472440944882 220.4724409448819 78.74015748031496 la
3188.9763779527557 2620.472440944882 622.0472440944882 78.74015748031496 Confédération
3700.787401574803 2620.472440944882 403.1496062992126 78.74015748031496 suisse;
3993.700787401575 2620.472440944882 366.92913385826773 78.74015748031496 Paris,
4250.393700787402 2620.472440944882 182.6771653543307 78.74015748031496 4
4322.834645669292 2620.472440944882 292.9133858267717 78.74015748031496 mars
4469.291338582677 2620.472440944882 256.6929133858268 78.74015748031496 1848,

1188.976377952756 2708.6614173228345 173.22834645669292 77.16535433070867 1
1258.267716535433 2708.6614173228345 207.8740157480315 77.16535433070867 p.
1362.2047244094488 2708.6614173228345 346.45669291338584 77.16535433070867 double
1604.724409448819 2708.6614173228345 381.1023622047244 77.16535433070867 in-fol.
1845.6692913385828 2708.6614173228345 311.81102362204723 77.16535433070867 oblong.

1236.2204724409448 2809.448818897638 337.00787401574803 64.56692913385827 Superbe
1480.3149606299212 2809.448818897638 307.0866141732283 64.56692913385827 pièce.
1696.0629921259842 2809.448818897638 307.0866141732283 64.56692913385827 Lettre
1910.236220472441 2809.448818897638 184.251968503937 64.56692913385827 de
2001.5748031496064 2809.448818897638 337.00787401574803 64.56692913385827 créance
2247.244094488189 2809.448818897638 184.251968503937 64.56692913385827 en
2340.1574803149606 2809.448818897638 307.0866141732283 64.56692913385827 faveur
2554.3307086614172 2809.448818897638 184.251968503937 64.56692913385827 du
2647.244094488189 2809.448818897638 337.00787401574803 64.56692913385827 général
2891.3385826771655 2809.448818897638 184.251968503937 64.56692913385827 de
2984.251968503937 2809.448818897638 337.00787401574803 64.56692913385827 Thiard,
3229.9212598425197 2809.448818897638 459.84251968503935 64.56692913385827 ambassadeur
3596.850393700787 2809.448818897638 184.251968503937 64.56692913385827 de
3689.763779527559 2809.448818897638 184.251968503937 64.56692913385827 la
3781.1023622047246 2809.448818897638 429.9212598425197 64.56692913385827 République
4118.110236220473 2809.448818897638 398.4251968503937 64.56692913385827 française
4425.1968503937005 2809.448818897638 307.0866141732283 64.56692913385827 auprès
4609.4488188976375 2809.448818897638 122.83464566929133 64.56692913385827 de

1176.3779527559054 2874.015748031496 187.4015748031496 66.14173228346456 la
1270.8661417322835 2874.015748031496 530.7086614173228 66.14173228346456 Confédération
1707.0866141732283 2874.015748031496 343.3070866141732 66.14173228346456 suisse.
1957.4803149606298 2874.015748031496 155.90551181102362 66.14173228346456 —
2018.8976377952756 2874.015748031496 874.0157480314961 66.14173228346456 (Auxonne-Théodose-Marie,
2800.0 2874.015748031496 280.31496062992125 66.14173228346456 comte
2985.8267716535433 2874.015748031496 187.4015748031496 66.14173228346456 de
3080.314960629921 2874.015748031496 311.81102362204723 66.14173228346456 Thiard
3299.212598425197 2874.015748031496 187.4015748031496 66.14173228346456 de
3392.1259842519685 2874.015748031496 311.81102362204723 66.14173228346456 Bissy,
3611.0236220472443 2874.015748031496 187.4015748031496 66.14173228346456 né
3703.9370078740158 2874.015748031496 155.90551181102362 66.14173228346456 à
3766.9291338582675 2874.015748031496 280.31496062992125 66.14173228346456 Paris
3954.3307086614172 2874.015748031496 187.4015748031496 66.14173228346456 en
4047.244094488189 2874.015748031496 280.31496062992125 66.14173228346456 1772,
4234.645669291339 2874.015748031496 250.39370078740157 66.14173228346456 aide
4390.5511811023625 2874.015748031496 187.4015748031496 66.14173228346456 de
4483.464566929134 2874.015748031496 250.39370078740157 66.14173228346456 camp
4609.4488188976375 2874.015748031496 124.40944881889764 66.14173228346456 de

1177.9527559055118 2937.0078740157483 357.4803149606299 66.14173228346456 Napoléon
1445.6692913385828 2937.0078740157483 179.5275590551181 66.14173228346456 I,
1535.4330708661416 2937.0078740157483 209.4488188976378 66.14173228346456 fut
1655.1181102362204 2937.0078740157483 297.6377952755906 66.14173228346456 député
1864.5669291338584 2937.0078740157483 179.5275590551181 66.14173228346456 de
1952.755905511811 2937.0078740157483 237.79527559055117 66.14173228346456 1820
2102.3622047244094 2937.0078740157483 149.60629921259843 66.14173228346456 à
2162.2047244094488 2937.0078740157483 237.79527559055117 66.14173228346456 1848
2310.236220472441 2937.0078740157483 179.5275590551181 66.14173228346456 et
2400.0 2937.0078740157483 297.6377952755906 66.14173228346456 siégea
2609.448818897638 2937.0078740157483 149.60629921259843 66.14173228346456 à
2669.2913385826773 2937.0078740157483 387.40157480314963 66.14173228346456 l’extrême
2966.9291338582675 2937.0078740157483 327.5590551181102 66.14173228346456 gauche.
3204.7244094488187 2937.0078740157483 179.5275590551181 66.14173228346456 Il
3294.488188976378 2937.0078740157483 209.4488188976378 66.14173228346456 fut
3414.1732283464567 2937.0078740157483 447.244094488189 66.14173228346456 ambassadeur
3771.6535433070867 2937.0078740157483 179.5275590551181 66.14173228346456 en
3861.417322834646 2937.0078740157483 297.6377952755906 66.14173228346456 Suisse
4069.2913385826773 2937.0078740157483 357.4803149606299 66.14173228346456 jusqu’au
4338.582677165355 2937.0078740157483 237.79527559055117 66.14173228346456 mois
4458.2677165354335 2937.0078740157483 267.7165354330709 66.14173228346456 d’avril

1184.251968503937 3004.7244094488187 237.79527559055117 62.99212598425197 1849
1332.283464566929 3004.7244094488187 177.95275590551182 62.99212598425197 et
1422.0472440944882 3004.7244094488187 296.06299212598424 62.99212598425197 mourut
1629.9212598425197 3004.7244094488187 177.95275590551182 62.99212598425197 en
1688.1889763779527 3004.7244094488187 237.79527559055117 62.99212598425197 1852.)
