3622 4663
714 606 477 51 20
952 606 715 51 CHEFS
1429 606 477 51 DE
1667 606 1271 51 GOUVERNEMENT
2621 606 397 51 S.1

760 895 299 55 du-Rhône,
990 895 161 55 des
1082 895 414 55 Côtes-du-Nord,
1428 895 138 55 du
1497 895 322 55 Finistère,
1750 895 506 55 d’Ille-et-Vilaine,
2187 895 138 55 de
2256 895 138 55 la
2325 895 230 55 Loire,
2487 895 138 55 du
2556 895 299 55 Morbihan,
2786 895 138 55 du
2832 895 184 55 Rhône,

763 949 133 52 de
829 949 133 52 la
895 949 464 52 Seine-Inférieure,
1293 949 133 52 du
1359 949 177 52 Tarn
1470 949 133 52 et
1536 949 133 52 de
1602 949 133 52 la
1669 949 221 52 Vendée
1823 949 177 52 (qui
1934 949 287 52 l’avaient
2155 949 155 52 élu
2243 949 243 52 député,
2420 949 177 52 bien
2530 949 199 52 qu’il
2663 949 155 52 eût
2751 949 243 52 déclaré
2906 949 110 52 re-

765 1004 206 53 noncer
910 1004 103 53 à
951 1004 186 53 toute
1075 1004 351 53 candidature);
1364 1004 206 53 Paris,
1509 1004 124 53 22
1571 1004 227 53 février
1736 1004 186 53 1871,
1860 1004 103 53 1
1901 1004 124 53 p.
1963 1004 186 53 in-4.
2087 1004 268 53 <i>(Coll.
2293 1004 124 53 B.
2355 1004 330 53 Fillon.)</i>
2624 1004 103 53 —
2665 1004 124 53 P.
2706 1004 310 53 photographié.

805 1074 105 41 Il
858 1074 158 41 avait
963 1074 193 41 décliné
1104 1074 158 41 toute
1209 1074 263 41 candidature
1420 1074 88 41 à
1455 1074 263 41 l'Assemblée
1666 1074 246 41 nationale,
1859 1074 193 41 accablé
1999 1074 158 41 qu’il
2105 1074 158 41 était
2210 1074 123 41 par
2280 1074 123 41 les
2350 1074 211 41 malheurs
2491 1074 70 41 du

767 1117 170 41 pays.
880 1117 151 41 «Les
975 1117 246 41 suffrages
1164 1117 170 41 dont,
1277 1117 189 41 malgré
1409 1117 170 41 cette
1523 1117 302 41 déclaration,
1768 1117 151 41 vous
1863 1117 189 41 m’avez
1995 1117 208 41 honoré,
2146 1117 113 41 me
2203 1117 189 41 créent
2335 1117 132 41 des
2392 1117 170 41 devoirs

766 1159 163 41 qu’il
875 1159 163 41 m'est
983 1159 218 41 interdit
1147 1159 109 41 de
1201 1159 236 41 discuter.
1382 1159 109 41 Je
1437 1159 218 41 siégerai
1600 1159 91 41 à
1636 1159 272 41 l’Assemblée
1854 1159 236 41 nationale
2035 1159 109 41 au
2090 1159 163 41 titre
2198 1159 109 41 du
2253 1159 236 41 Morbihan,
2416 1159 145 41 auquel

765 1201 106 39 me
818 1201 176 39 lient,
942 1201 141 39 avec
1030 1201 264 39 l’indigénat
1241 1201 194 39 breton,
1382 1201 123 39 les
1453 1201 247 39 affections
1647 1201 106 39 et
1699 1201 123 39 les
1770 1201 264 39 obligations
1981 1201 106 39 de
2034 1201 159 39 toute
2140 1201 106 39 ma
2193 1201 141 39 vie,
2281 1201 141 39 mais
2369 1201 106 39 je
2422 1201 106 39 me
2457 1201 106 39 rat-

764 1245 225 38 tacherai
933 1245 281 38 étroitement
1158 1245 131 38 par
1232 1245 112 38 la
1289 1245 337 38 reconnaissance
1570 1245 131 38 aux
1644 1245 300 38 départements
1888 1245 131 38 qui
1963 1245 169 38 m’ont
2075 1245 169 38 donné
2187 1245 131 38 une
2262 1245 112 38 si
2319 1245 169 38 haute
2412 1245 150 38 marque

765 1286 222 38 d’estime,
935 1286 102 38 et
987 1286 102 38 je
1038 1286 153 38 serai
1140 1286 170 38 fidèle
1259 1286 85 38 à
1293 1286 102 38 la
1345 1286 188 38 défense
1481 1286 102 38 de
1532 1286 153 38 leurs
1617 1286 205 38 intérêts.»

806 1351 154 51 2º
883 1351 154 51 P.
960 1351 154 51 A.
1037 1351 154 51 S.
1115 1351 154 51 de
1192 1351 205 51 LÉON
1320 1351 308 51 GAMBETTA
1551 1351 283 51 (député
1757 1351 180 51 des
1859 1351 539 51 Bouches-du-Rhône,
2322 1351 308 51 ministre
2553 1351 154 51 de
2630 1351 385 51 l’Intérieur
2912 1351 103 51 du

757 1406 361 53 gouvernement
1051 1406 136 53 de
1119 1406 136 53 la
1187 1406 248 53 Défense
1367 1406 316 53 nationale,
1616 1406 248 53 délégué
1796 1406 113 53 à
1842 1406 203 53 Tours
1977 1406 136 53 le
2045 1406 113 53 7
2090 1406 248 53 octobre
2271 1406 226 53 1870);
2429 1406 226 53 Paris,
2587 1406 136 53 15
2655 1406 294 53 septembre
2858 1406 158 53 1870,

764 1462 124 50 1/2
835 1462 106 50 p.
888 1462 159 50 in-8.
994 1462 230 50 <i>(Coll.
1171 1462 106 50 B.
1225 1462 283 50 Fillon.)</i>
1455 1462 89 50 —
1490 1462 106 50 P.
1525 1462 266 50 photographié.

796 1534 120 40 Il
856 1534 200 40 charge
996 1534 120 40 M.
1056 1534 200 40 Fémeau
1195 1534 120 40 de
1255 1534 220 40 remplir
1415 1534 359 40 provisoirement
1694 1534 100 40 les

760 1578 235 37 fonctions
941 1578 108 37 de
995 1578 235 37 directeur
1176 1578 108 37 de
1230 1578 199 37 l’asile
1374 1578 108 37 du
1429 1578 217 37 Vésinet,
1591 1578 108 37 en
1627 1578 163 37 rempla-

759 1620 184 38 cement
888 1620 111 38 de
943 1620 111 38 M.
998 1620 221 38 Millard,
1164 1620 111 38 en
1219 1620 166 38 congé
1330 1620 111 38 de
1385 1620 166 38 santé
1495 1620 147 38 pour
1587 1620 147 38 deux
1661 1620 129 38 mois.

792 1662 135 40 (Le
869 1662 308 40 gouvernement
1119 1662 115 40 de
1176 1662 115 40 la
1234 1662 212 40 Défense
1388 1662 250 40 nationale
1580 1662 173 40 avait
1677 1662 115 40 pour

758 1705 218 39 membres
917 1705 119 39 le
976 1705 218 39 général
1134 1705 218 39 Trochu,
1293 1705 277 39 gouverneur
1511 1705 119 39 de
1570 1705 198 39 Paris,
1689 1705 99 39 Em-

757 1746 207 40 manuel
902 1746 207 40 Arago,
1046 1746 268 40 Crémieux,
1253 1746 186 40 Jules
1377 1746 207 40 Favre,
1522 1746 186 40 Jules
1625 1746 165 40 Ferry,

757 1788 358 40 Garnier-Pagès,
1055 1788 338 40 Glais-Bizoin,
1333 1788 199 40 Eugène
1472 1788 258 40 Pelletan,
1651 1788 139 40 Henri

760 1829 240 37 Rochefort
944 1829 111 37 et
999 1829 203 37 Thiers,
1147 1829 203 37 députés
1294 1829 111 37 de
1350 1829 111 37 la
1405 1829 184 37 Seine,
1534 1829 240 37 Gambetta,
1700 1829 92 37 dé-

757 1869 159 41 puté
857 1869 139 41 des
936 1869 418 41 Bouches-du-Rhône,
1294 1869 199 41 Ernest
1433 1869 219 41 Picard,
1592 1869 199 41 député
1711 1869 80 41 de

756 1910 268 40 l’Hérault,
967 1910 172 40 Jules
1081 1910 192 40 Simon,
1215 1910 192 40 député
1350 1910 115 40 de
1407 1910 115 40 la
1464 1910 230 40 Gironde,
1618 1910 172 40 Dorian,

756 1951 188 41 député
888 1951 113 41 de
944 1951 113 41 la
1001 1951 188 41 Loire,
1132 1951 207 41 Magnin,
1283 1951 188 41 député
1415 1951 113 41 de
1471 1951 113 41 la
1528 1951 263 41 Côte-d’Or,
1716 1951 75 41 le

756 1994 198 41 général
900 1994 108 41 Le
954 1994 144 41 Flô,
1045 1994 162 41 nommé
1153 1994 216 41 ministre
1315 1994 108 41 de
1369 1994 108 41 la
1423 1994 198 41 guerre,
1568 1994 108 41 et
1604 1994 180 41 l’amiral

756 2033 283 41 Fourichon,
978 2033 182 41 nommé
1100 2033 243 41 ministre
1282 2033 121 41 de
1343 2033 121 41 la
1403 2033 223 41 marine.
1565 2033 121 41 Le
1606 2033 182 41 général

754 2076 195 39 Trochu
891 2076 137 39 fut
969 2076 176 39 nommé
1087 2076 274 39 président,
1302 2076 117 39 et
1360 2076 176 39 Jules
1477 2076 176 39 Favre
1575 2076 215 39 vice-

753 2120 195 41 sident
890 2120 117 41 du
949 2120 332 41 gouvernement.
1222 2120 254 41 Crémieux,
1418 2120 234 41 l’amiral
1574 2120 215 41 Fourichon

754 2164 115 38 et
811 2164 307 38 Glais-Bizoin
1061 2164 192 38 furent
1196 2164 211 38 envoyés
1349 2164 96 38 à
1388 2164 173 38 Tours
1503 2164 154 38 pour
1580 2164 211 38 organiser

755 2206 111 38 la
810 2206 203 38 défense
958 2206 148 38 dans
1050 2206 129 38 les
1124 2206 314 38 départements,
1383 2206 111 38 et
1439 2206 240 38 Gambetta,
1624 2206 166 38 parti
1716 2206 74 38 de

754 2249 160 39 Paris
861 2249 107 39 en
915 2249 196 39 ballon,
1057 2249 143 39 alla
1146 2249 125 39 les
1218 2249 232 39 rejoindre
1396 2249 107 39 le
1449 2249 107 39 10
1503 2249 196 39 octobre
1627 2249 143 39 1870.)

742 2348 236 66 ★46★
889 2348 294 66 THIERS
1095 2348 972 66 (Marie-Joseph-Louis-Adolphe),
1978 2348 236 66 chef
2126 2348 177 66 du
2214 2348 324 66 Pouvoir
2450 2348 353 66 exécutif
2715 2348 177 66 le
2803 2348 177 66 17
2862 2348 147 66 fé-

740 2417 249 65 vrier
906 2417 249 65 1871,
1072 2417 359 65 président
1348 2417 166 65 de
1431 2417 166 65 la
1514 2417 359 65 troisième
1791 2417 415 65 République,
2122 2417 166 65 du
2205 2417 166 65 31
2288 2417 221 65 août
2427 2417 221 65 1871
2565 2417 166 65 au
2648 2417 166 65 24
2731 2417 193 65 mai
2814 2417 193 65 1873,

743 2482 165 64 n.
825 2482 138 64 à
880 2482 385 64 Marseille,
1183 2482 165 64 15
1265 2482 248 64 avril
1430 2482 248 64 1797,
1595 2482 165 64 m.
1678 2482 138 64 à
1733 2482 468 64 Saint-Germain
2118 2482 165 64 en
2200 2482 248 64 Laye,
2365 2482 138 64 3
2420 2482 358 64 septembre
2668 2482 193 64 1877.

795 2574 130 52 L.
860 2574 130 52 A.
925 2574 130 52 S.
990 2574 130 52 (à
1055 2574 195 52 Jules
1185 2574 238 52 Favre);
1359 2574 260 52 (Paris),
1554 2574 108 52 4
1597 2574 238 52 octobre
1771 2574 195 52 1871,
1901 2574 108 52 1
1944 2574 130 52 p.
2009 2574 152 52 1/2
2096 2574 195 52 in-8,
2226 2574 217 52 papier
2377 2574 130 52 de
2442 2574 217 52 deuil.
2594 2574 108 52 —
2638 2574 130 52 P.
2681 2574 325 52 photographié.

784 2653 132 36 Très
866 2653 148 36 belle
965 2653 181 36 lettre,
1097 2653 132 36 dont
1179 2653 148 36 voici
1278 2653 99 36 le
1327 2653 148 36 texte
1410 2653 49 36 :

783 2693 96 40 «
821 2693 134 40 Mon
898 2693 153 40 cher
994 2693 153 40 ami,
1089 2693 172 40 voilà
1204 2693 172 40 trois
1319 2693 230 40 semaines
1492 2693 134 40 que
1569 2693 115 40 je
1626 2693 153 40 veux
1722 2693 153 40 vous
1818 2693 192 40 écrire
1952 2693 115 40 et
2009 2693 153 40 vous
2105 2693 249 40 remercier
2297 2693 115 40 de
2354 2693 134 40 vos
2431 2693 268 40 sentiments
2642 2693 134 40 qui
2719 2693 115 40 me
2776 2693 230 40 touchent
2929 2693 77 40 et

746 2735 110 40 me
801 2735 239 40 pénètrent
984 2735 110 40 de
1039 2735 257 40 gratitude.
1241 2735 147 40 Mais
1333 2735 220 40 imaginez
1498 2735 129 40 que
1572 2735 110 40 je
1627 2735 147 40 n’ai
1719 2735 129 40 pas
1792 2735 110 40 pu
1847 2735 184 40 encore
1976 2735 165 40 jouir
2086 2735 110 40 de
2141 2735 129 40 mon
2214 2735 184 40 congé.
2343 2735 147 40 J’ai
2435 2735 184 40 autant
2563 2735 110 40 et
2618 2735 147 40 même
2710 2735 147 40 plus
2802 2735 110 40 de
2839 2735 165 40 travail

745 2777 127 40 que
817 2777 199 40 jamais.
962 2777 109 40 Le
1016 2777 235 40 campement
1198 2777 127 40 des
1270 2777 217 40 troupes,
1433 2777 253 40 l’Algérie,
1632 2777 127 40 les
1704 2777 308 40 négociations,
1958 2777 109 40 le
2012 2777 181 40 budget
2139 2777 181 40 futur,
2266 2777 145 40 tout
2356 2777 145 40 cela
2447 2777 235 40 m’empêche
2628 2777 109 40 de
2682 2777 181 40 dormir
2809 2777 109 40 et
2845 2777 163 40 presque

743 2819 117 39 de
802 2819 195 39 vivre.
939 2819 176 39 Aussi
1056 2819 156 39 vous
1153 2819 117 39 me
1212 2819 293 39 pardonnerez
1446 2819 117 39 un
1504 2819 215 39 silence
1660 2819 137 39 qui
1738 2819 137 39 est
1816 2819 176 39 celui
1933 2819 117 39 de
1992 2819 117 39 la
2050 2819 176 39 plume
2167 2819 117 39 et
2226 2819 137 39 non
2304 2819 176 39 celui
2421 2819 117 39 du
2479 2819 176 39 cœur.
2596 2819 117 39 Je
2655 2819 156 39 vous
2752 2819 156 39 prie
2850 2819 156 39 donc
2928 2819 78 39 de

744 2860 204 39 m’aimer
893 2860 260 39 silencieux
1097 2860 185 39 autant
1226 2860 130 39 que
1301 2860 148 39 vous
1393 2860 260 39 m’aimeriez
1597 2860 222 39 écrivant
1764 2860 111 39 et
1820 2860 111 39 de
1875 2860 222 39 recevoir
2042 2860 148 39 pour
2135 2860 148 39 vous
2227 2860 111 39 et
2283 2860 130 39 vos
2357 2860 260 39 charmantes
2561 2860 185 39 filles
2691 2860 278 39 l’assurance
2895 2860 111 39 d’un

743 2902 206 41 profond
893 2902 112 41 et
949 2902 206 41 éternel
1099 2902 300 41 attachement.
1342 2902 187 41 Madame
1474 2902 187 41 Thiers
1605 2902 112 41 et
1661 2902 112 41 sa
1717 2902 150 41 sœur
1811 2902 112 41 se
1867 2902 225 41 joignent
2035 2902 94 41 à
2073 2902 131 41 moi
2148 2902 150 41 pour
2241 2902 150 41 vous
2335 2902 225 41 exprimer
2503 2902 131 41 ces
2560 2902 243 41 sentiments.

2301 2947 145 32 «A.
2364 2947 208 32 Thiers.»

729 3010 260 65 ★47★
891 3010 227 65 MAC
1021 3010 292 65 MAHON
1216 3010 1007 65 (Marie-Edme-Patrice-Maurice
2126 3010 260 65 de),
2288 3010 227 65 duc
2418 3010 195 65 de
2516 3010 390 65 Magenta,
2776 3010 227 65 maré-

731 3079 227 64 chal
873 3079 170 64 de
958 3079 284 64 France
1156 3079 170 64 (4
1242 3079 227 64 juin
1384 3079 284 64 1859),
1582 3079 341 64 deuxième
1838 3079 369 64 président
2122 3079 170 64 de
2207 3079 170 64 la
2292 3079 369 64 troisième
2576 3079 426 64 République,
2888 3079 114 64 du

733 3146 160 66 24
813 3146 186 66 mai
920 3146 213 66 1873
1052 3146 160 66 au
1132 3146 160 66 30
1212 3146 292 66 janvier
1425 3146 239 66 1879,
1584 3146 160 66 n.
1664 3146 133 66 à
1717 3146 239 66 Sully
1877 3146 558 66 (Saône-et-Loire),
2355 3146 160 66 13
2435 3146 292 66 juillet
2621 3146 186 66 1808.

783 3236 146 53 L.
856 3236 146 53 S.
929 3236 146 53 au
1002 3236 268 53 général
1197 3236 171 53 (de
1294 3236 366 53 Ladmirault,
1587 3236 341 53 commandant
1855 3236 146 53 du
1928 3236 268 53 premier
2123 3236 219 53 corps
2269 3236 317 53 d’armée);
2513 3236 292 53 quartier
2732 3236 268 53 général
2903 3236 97 53 du

732 3290 317 53 Trocadéro,
982 3290 136 53 24
1050 3290 159 53 mai
1140 3290 204 53 1871,
1277 3290 159 53 six
1367 3290 227 53 heures
1526 3290 136 53 du
1594 3290 227 53 matin,
1753 3290 113 53 3
1798 3290 136 53 p.
1866 3290 272 53 in-fol.,
2070 3290 181 53 tête
2183 3290 295 53 imprimée.
2410 3290 113 53 —
2456 3290 136 53 P.
2501 3290 340 53 photographié.

773 3369 246 41 Important
962 3369 227 41 document
1132 3369 264 41 historique
1340 3369 132 41 sur
1415 3369 113 41 la
1472 3369 264 41 répression
1680 3369 113 41 de
1736 3369 113 41 la
1793 3369 227 41 Commune.
1963 3369 151 41 «Les
2058 3369 246 41 Tuileries
2246 3369 151 41 sont
2341 3369 283 41 entièrement
2568 3369 227 41 brûlées,
2738 3369 113 41 le
2794 3369 189 41 Louvre
2908 3369 94 41 est

737 3410 219 44 atteint:
901 3410 110 44 de
956 3410 219 44 nouveaux
1120 3410 256 44 incendies,
1321 3410 146 44 dont
1412 3410 110 44 la
1467 3410 164 44 fumée
1577 3410 128 44 qui
1650 3410 183 44 couvre
1778 3410 164 44 Paris
1887 3410 201 44 empêche
2033 3410 110 44 de
2088 3410 274 44 reconnaître
2307 3410 329 44 l’emplacement,
2581 3410 110 44 se
2636 3410 274 44 distinguent
2855 3410 110 44 du
2891 3410 110 44 côté

735 3453 116 43 de
793 3453 232 43 l’Elysée
967 3453 116 43 et
1025 3453 116 43 du
1083 3453 252 43 ministère
1277 3453 116 43 de
1335 3453 116 43 la
1393 3453 213 43 Marine.
1548 3453 116 43 Le
1606 3453 213 43 général
1761 3453 194 43 Douai,
1897 3453 136 43 qui
1974 3453 194 43 occupe
2110 3453 116 43 la
2168 3453 174 43 place
2284 3453 232 43 Vendôme,
2459 3453 116 43 se
2517 3453 174 43 porte
2633 3453 136 43 sur
2710 3453 116 43 le
2769 3453 194 43 Louvre
2885 3453 116 43 pour

737 3493 189 36 tâcher
869 3493 265 36 d’éteindre
1077 3493 284 36 l’incendie.
1304 3493 246 36 Continuez
1493 3493 170 36 votre
1588 3493 208 36 mouvement

738 3534 143 45 dans
828 3534 108 45 la
882 3534 233 45 direction
1061 3534 108 45 du
1115 3534 323 45 Château-d’Eau,
1384 3534 215 45 laissant
1545 3534 126 45 aux
1617 3534 161 45 gares
1706 3534 90 45 les

735 3576 303 40 détachements
982 3576 265 40 suffisants
1190 3576 152 40 pour
1285 3576 133 40 les
1361 3576 265 40 défendre.»
1569 3576 209 40 Suivent
1702 3576 95 40 des

733 3616 301 46 indications
974 3616 140 46 sur
1054 3616 140 46 les
1134 3616 281 46 mouvements
1355 3616 241 46 ordonnés
1535 3616 140 46 aux
1595 3616 201 46 généraux

735 3658 108 43 de
789 3658 180 43 Cissey
915 3658 108 43 et
969 3658 252 43 Clinchant.
1167 3658 252 43 «Peut-être
1365 3658 126 43 les
1437 3658 216 43 insurgés
1581 3658 216 43 tenteront-

736 3700 120 41 ils
804 3700 103 41 de
856 3700 172 41 brûler
976 3700 378 41 l’Hôtel-de-Ville.»
1302 3700 86 41 —
1337 3700 120 41 (On
1405 3700 137 41 sait
1491 3700 120 41 que
1560 3700 189 41 l’armée
1680 3700 120 41 avait

737 3742 182 44 pénétré
870 3742 99 44 le
920 3742 99 44 21
969 3742 116 44 mai
1036 3742 133 44 dans
1119 3742 149 44 Paris
1218 3742 99 44 et
1268 3742 116 44 que
1334 3742 99 44 la
1384 3742 149 44 lutte
1483 3742 133 44 dura
1566 3742 199 44 jusqu’au
1699 3742 99 44 29.)
