5703.937007874016 7343.307086614173
1124.4094488188975 954.3307086614174 751.1811023622047 80.31496062992126 20
1499.2125984251968 954.3307086614174 1125.984251968504 80.31496062992126 CHEFS
2250.3937007874015 954.3307086614174 751.1811023622047 80.31496062992126 DE
2625.196850393701 954.3307086614174 2001.5748031496064 80.31496062992126 GOUVERNEMENT
4127.55905511811 954.3307086614174 625.1968503937007 80.31496062992126 S.1

1196.8503937007874 1409.4488188976377 470.86614173228344 86.61417322834646 du-Rhône,
1559.0551181102362 1409.4488188976377 253.54330708661416 86.61417322834646 des
1703.9370078740158 1409.4488188976377 651.9685039370079 86.61417322834646 Côtes-du-Nord,
2248.818897637795 1409.4488188976377 217.3228346456693 86.61417322834646 du
2357.48031496063 1409.4488188976377 507.0866141732283 86.61417322834646 Finistère,
2755.9055118110236 1409.4488188976377 796.8503937007874 86.61417322834646 d’Ille-et-Vilaine,
3444.0944881889764 1409.4488188976377 217.3228346456693 86.61417322834646 de
3552.755905511811 1409.4488188976377 217.3228346456693 86.61417322834646 la
3661.417322834646 1409.4488188976377 362.20472440944883 86.61417322834646 Loire,
3916.535433070866 1409.4488188976377 217.3228346456693 86.61417322834646 du
4025.196850393701 1409.4488188976377 470.86614173228344 86.61417322834646 Morbihan,
4387.40157480315 1409.4488188976377 217.3228346456693 86.61417322834646 du
4459.842519685039 1409.4488188976377 289.76377952755905 86.61417322834646 Rhône,

1201.5748031496064 1494.4881889763778 209.4488188976378 81.88976377952756 de
1305.5118110236222 1494.4881889763778 209.4488188976378 81.88976377952756 la
1409.4488188976377 1494.4881889763778 730.7086614173228 81.88976377952756 Seine-Inférieure,
2036.2204724409448 1494.4881889763778 209.4488188976378 81.88976377952756 du
2140.1574803149606 1494.4881889763778 278.74015748031496 81.88976377952756 Tarn
2314.9606299212596 1494.4881889763778 209.4488188976378 81.88976377952756 et
2418.8976377952754 1494.4881889763778 209.4488188976378 81.88976377952756 de
2522.834645669291 1494.4881889763778 209.4488188976378 81.88976377952756 la
2628.3464566929133 1494.4881889763778 348.0314960629921 81.88976377952756 Vendée
2870.8661417322833 1494.4881889763778 278.74015748031496 81.88976377952756 (qui
3045.6692913385828 1494.4881889763778 451.9685039370079 81.88976377952756 l’avaient
3393.700787401575 1494.4881889763778 244.09448818897638 81.88976377952756 élu
3532.283464566929 1494.4881889763778 382.6771653543307 81.88976377952756 député,
3811.0236220472443 1494.4881889763778 278.74015748031496 81.88976377952756 bien
3984.251968503937 1494.4881889763778 313.38582677165357 81.88976377952756 qu’il
4193.700787401574 1494.4881889763778 244.09448818897638 81.88976377952756 eût
4332.283464566929 1494.4881889763778 382.6771653543307 81.88976377952756 déclaré
4576.377952755905 1494.4881889763778 173.22834645669292 81.88976377952756 re-

1204.724409448819 1581.1023622047244 324.40944881889766 83.46456692913385 noncer
1433.0708661417323 1581.1023622047244 162.20472440944883 83.46456692913385 à
1497.6377952755906 1581.1023622047244 292.9133858267717 83.46456692913385 toute
1692.9133858267717 1581.1023622047244 552.7559055118111 83.46456692913385 candidature);
2148.031496062992 1581.1023622047244 324.40944881889766 83.46456692913385 Paris,
2376.3779527559054 1581.1023622047244 195.2755905511811 83.46456692913385 22
2474.015748031496 1581.1023622047244 357.4803149606299 83.46456692913385 février
2733.8582677165355 1581.1023622047244 292.9133858267717 83.46456692913385 1871,
2929.1338582677167 1581.1023622047244 162.20472440944883 83.46456692913385 1
2993.700787401575 1581.1023622047244 195.2755905511811 83.46456692913385 p.
3091.3385826771655 1581.1023622047244 292.9133858267717 83.46456692913385 in-4.
3286.6141732283463 1581.1023622047244 422.0472440944882 83.46456692913385 (Coll.
3611.0236220472443 1581.1023622047244 195.2755905511811 83.46456692913385 B.
3708.6614173228345 1581.1023622047244 519.6850393700787 83.46456692913385 Fillon.)
4132.283464566929 1581.1023622047244 162.20472440944883 83.46456692913385 —
4196.850393700787 1581.1023622047244 195.2755905511811 83.46456692913385 P.
4261.417322834645 1581.1023622047244 488.18897637795277 83.46456692913385 photographié.

1267.716535433071 1691.3385826771653 165.35433070866142 64.56692913385827 Il
1351.1811023622047 1691.3385826771653 248.8188976377953 64.56692913385827 avait
1516.5354330708662 1691.3385826771653 303.93700787401576 64.56692913385827 décliné
1738.5826771653544 1691.3385826771653 248.8188976377953 64.56692913385827 toute
1903.9370078740158 1691.3385826771653 414.1732283464567 64.56692913385827 candidature
2236.220472440945 1691.3385826771653 138.58267716535434 64.56692913385827 à
2291.3385826771655 1691.3385826771653 414.1732283464567 64.56692913385827 l'Assemblée
2623.6220472440946 1691.3385826771653 387.40157480314963 64.56692913385827 nationale,
2927.5590551181103 1691.3385826771653 303.93700787401576 64.56692913385827 accablé
3148.031496062992 1691.3385826771653 248.8188976377953 64.56692913385827 qu’il
3314.9606299212596 1691.3385826771653 248.8188976377953 64.56692913385827 était
3480.314960629921 1691.3385826771653 193.70078740157481 64.56692913385827 par
3590.551181102362 1691.3385826771653 193.70078740157481 64.56692913385827 les
3700.787401574803 1691.3385826771653 332.2834645669291 64.56692913385827 malheurs
3922.834645669291 1691.3385826771653 110.23622047244095 64.56692913385827 du

1207.8740157480315 1759.0551181102362 267.7165354330709 64.56692913385827 pays.
1385.8267716535433 1759.0551181102362 237.79527559055117 64.56692913385827 «Les
1535.4330708661416 1759.0551181102362 387.40157480314963 64.56692913385827 suffrages
1833.0708661417323 1759.0551181102362 267.7165354330709 64.56692913385827 dont,
2011.023622047244 1759.0551181102362 297.6377952755906 64.56692913385827 malgré
2218.8976377952754 1759.0551181102362 267.7165354330709 64.56692913385827 cette
2398.4251968503936 1759.0551181102362 475.59055118110234 64.56692913385827 déclaration,
2784.251968503937 1759.0551181102362 237.79527559055117 64.56692913385827 vous
2933.8582677165355 1759.0551181102362 297.6377952755906 64.56692913385827 m’avez
3141.732283464567 1759.0551181102362 327.5590551181102 64.56692913385827 honoré,
3379.527559055118 1759.0551181102362 177.95275590551182 64.56692913385827 me
3469.2913385826773 1759.0551181102362 297.6377952755906 64.56692913385827 créent
3677.165354330709 1759.0551181102362 207.8740157480315 64.56692913385827 des
3766.9291338582675 1759.0551181102362 267.7165354330709 64.56692913385827 devoirs

1206.2992125984251 1825.1968503937007 256.6929133858268 64.56692913385827 qu’il
1377.9527559055118 1825.1968503937007 256.6929133858268 64.56692913385827 m'est
1548.0314960629921 1825.1968503937007 343.3070866141732 64.56692913385827 interdit
1806.2992125984251 1825.1968503937007 171.6535433070866 64.56692913385827 de
1891.3385826771653 1825.1968503937007 371.65354330708664 64.56692913385827 discuter.
2176.3779527559054 1825.1968503937007 171.6535433070866 64.56692913385827 Je
2262.9921259842517 1825.1968503937007 343.3070866141732 64.56692913385827 siégerai
2519.685039370079 1825.1968503937007 143.30708661417322 64.56692913385827 à
2576.3779527559054 1825.1968503937007 428.34645669291336 64.56692913385827 l’Assemblée
2919.685039370079 1825.1968503937007 371.65354330708664 64.56692913385827 nationale
3204.7244094488187 1825.1968503937007 171.6535433070866 64.56692913385827 au
3291.3385826771655 1825.1968503937007 256.6929133858268 64.56692913385827 titre
3461.417322834646 1825.1968503937007 171.6535433070866 64.56692913385827 du
3548.031496062992 1825.1968503937007 371.65354330708664 64.56692913385827 Morbihan,
3804.7244094488187 1825.1968503937007 228.3464566929134 64.56692913385827 auquel

1204.724409448819 1891.3385826771653 166.9291338582677 61.41732283464567 me
1288.1889763779527 1891.3385826771653 277.1653543307087 61.41732283464567 lient,
1483.4645669291338 1891.3385826771653 222.04724409448818 61.41732283464567 avec
1622.0472440944882 1891.3385826771653 415.748031496063 61.41732283464567 l’indigénat
1954.3307086614172 1891.3385826771653 305.51181102362204 61.41732283464567 breton,
2176.3779527559054 1891.3385826771653 193.70078740157481 61.41732283464567 les
2288.1889763779527 1891.3385826771653 388.9763779527559 61.41732283464567 affections
2593.700787401575 1891.3385826771653 166.9291338582677 61.41732283464567 et
2675.5905511811025 1891.3385826771653 193.70078740157481 61.41732283464567 les
2787.4015748031497 1891.3385826771653 415.748031496063 61.41732283464567 obligations
3119.685039370079 1891.3385826771653 166.9291338582677 61.41732283464567 de
3203.149606299213 1891.3385826771653 250.39370078740157 61.41732283464567 toute
3370.0787401574803 1891.3385826771653 166.9291338582677 61.41732283464567 ma
3453.5433070866143 1891.3385826771653 222.04724409448818 61.41732283464567 vie,
3592.1259842519685 1891.3385826771653 222.04724409448818 61.41732283464567 mais
3730.7086614173227 1891.3385826771653 166.9291338582677 61.41732283464567 je
3814.1732283464567 1891.3385826771653 166.9291338582677 61.41732283464567 me
3869.2913385826773 1891.3385826771653 166.9291338582677 61.41732283464567 rat-

1203.1496062992126 1960.6299212598426 354.3307086614173 59.84251968503937 tacherai
1469.291338582677 1960.6299212598426 442.5196850393701 59.84251968503937 étroitement
1823.6220472440946 1960.6299212598426 206.29921259842519 59.84251968503937 par
1940.1574803149606 1960.6299212598426 176.3779527559055 59.84251968503937 la
2029.9212598425197 1960.6299212598426 530.7086614173228 59.84251968503937 reconnaissance
2472.4409448818897 1960.6299212598426 206.29921259842519 59.84251968503937 aux
2588.9763779527557 1960.6299212598426 472.4409448818898 59.84251968503937 départements
2973.228346456693 1960.6299212598426 206.29921259842519 59.84251968503937 qui
3091.3385826771655 1960.6299212598426 266.1417322834646 59.84251968503937 m’ont
3267.716535433071 1960.6299212598426 266.1417322834646 59.84251968503937 donné
3444.0944881889764 1960.6299212598426 206.29921259842519 59.84251968503937 une
3562.2047244094488 1960.6299212598426 176.3779527559055 59.84251968503937 si
3651.968503937008 1960.6299212598426 266.1417322834646 59.84251968503937 haute
3798.4251968503936 1960.6299212598426 236.2204724409449 59.84251968503937 marque

1204.724409448819 2025.1968503937007 349.6062992125984 59.84251968503937 d’estime,
1472.4409448818897 2025.1968503937007 160.62992125984252 59.84251968503937 et
1554.3307086614172 2025.1968503937007 160.62992125984252 59.84251968503937 je
1634.6456692913387 2025.1968503937007 240.9448818897638 59.84251968503937 serai
1795.275590551181 2025.1968503937007 267.7165354330709 59.84251968503937 fidèle
1982.6771653543308 2025.1968503937007 133.85826771653544 59.84251968503937 à
2036.2204724409448 2025.1968503937007 160.62992125984252 59.84251968503937 la
2118.1102362204724 2025.1968503937007 296.06299212598424 59.84251968503937 défense
2332.283464566929 2025.1968503937007 160.62992125984252 59.84251968503937 de
2412.5984251968503 2025.1968503937007 240.9448818897638 59.84251968503937 leurs
2546.4566929133857 2025.1968503937007 322.8346456692913 59.84251968503937 intérêts.»

1269.291338582677 2127.5590551181103 242.51968503937007 80.31496062992126 2º
1390.5511811023623 2127.5590551181103 242.51968503937007 80.31496062992126 P.
1511.8110236220473 2127.5590551181103 242.51968503937007 80.31496062992126 A.
1633.0708661417323 2127.5590551181103 242.51968503937007 80.31496062992126 S.
1755.9055118110236 2127.5590551181103 242.51968503937007 80.31496062992126 de
1877.1653543307086 2127.5590551181103 322.8346456692913 80.31496062992126 LÉON
2078.740157480315 2127.5590551181103 485.03937007874015 80.31496062992126 GAMBETTA
2442.51968503937 2127.5590551181103 445.6692913385827 80.31496062992126 (député
2766.9291338582675 2127.5590551181103 283.46456692913387 80.31496062992126 des
2927.5590551181103 2127.5590551181103 848.8188976377953 80.31496062992126 Bouches-du-Rhône,
3656.6929133858266 2127.5590551181103 485.03937007874015 80.31496062992126 ministre
4020.472440944882 2127.5590551181103 242.51968503937007 80.31496062992126 de
4141.7322834645665 2127.5590551181103 606.2992125984252 80.31496062992126 l’Intérieur
4585.826771653543 2127.5590551181103 162.20472440944883 80.31496062992126 du

1192.1259842519685 2214.1732283464567 568.503937007874 83.46456692913385 gouvernement
1655.1181102362204 2214.1732283464567 214.17322834645668 83.46456692913385 de
1762.2047244094488 2214.1732283464567 214.17322834645668 83.46456692913385 la
1869.291338582677 2214.1732283464567 390.5511811023622 83.46456692913385 Défense
2152.755905511811 2214.1732283464567 497.6377952755906 83.46456692913385 nationale,
2544.8818897637793 2214.1732283464567 390.5511811023622 83.46456692913385 délégué
2828.3464566929133 2214.1732283464567 177.95275590551182 83.46456692913385 à
2900.787401574803 2214.1732283464567 319.68503937007875 83.46456692913385 Tours
3113.3858267716537 2214.1732283464567 214.17322834645668 83.46456692913385 le
3220.472440944882 2214.1732283464567 177.95275590551182 83.46456692913385 7
3291.3385826771655 2214.1732283464567 390.5511811023622 83.46456692913385 octobre
3576.3779527559054 2214.1732283464567 355.90551181102364 83.46456692913385 1870);
3825.196850393701 2214.1732283464567 355.90551181102364 83.46456692913385 Paris,
4074.015748031496 2214.1732283464567 214.17322834645668 83.46456692913385 15
4181.102362204724 2214.1732283464567 462.99212598425197 83.46456692913385 septembre
4500.787401574803 2214.1732283464567 248.8188976377953 83.46456692913385 1870,

1203.1496062992126 2302.3622047244094 195.2755905511811 78.74015748031496 1/2
1314.9606299212599 2302.3622047244094 166.9291338582677 78.74015748031496 p.
1398.4251968503936 2302.3622047244094 250.39370078740157 78.74015748031496 in-8.
1565.3543307086613 2302.3622047244094 362.20472440944883 78.74015748031496 (Coll.
1844.0944881889764 2302.3622047244094 166.9291338582677 78.74015748031496 B.
1929.1338582677165 2302.3622047244094 445.6692913385827 78.74015748031496 Fillon.)
2291.3385826771655 2302.3622047244094 140.15748031496062 78.74015748031496 —
2346.4566929133857 2302.3622047244094 166.9291338582677 78.74015748031496 P.
2401.5748031496064 2302.3622047244094 418.8976377952756 78.74015748031496 photographié.

1253.5433070866143 2415.748031496063 188.9763779527559 62.99212598425197 Il
1348.0314960629921 2415.748031496063 314.96062992125985 62.99212598425197 charge
1568.5039370078741 2415.748031496063 188.9763779527559 62.99212598425197 M.
1662.992125984252 2415.748031496063 314.96062992125985 62.99212598425197 Fémeau
1881.8897637795276 2415.748031496063 188.9763779527559 62.99212598425197 de
1976.3779527559054 2415.748031496063 346.45669291338584 62.99212598425197 remplir
2228.3464566929133 2415.748031496063 565.3543307086615 62.99212598425197 provisoirement
2667.716535433071 2415.748031496063 157.48031496062993 62.99212598425197 les

1196.8503937007874 2485.0393700787404 370.0787401574803 58.267716535433074 fonctions
1481.8897637795276 2485.0393700787404 170.07874015748033 58.267716535433074 de
1566.9291338582677 2485.0393700787404 370.0787401574803 58.267716535433074 directeur
1851.9685039370079 2485.0393700787404 170.07874015748033 58.267716535433074 de
1937.007874015748 2485.0393700787404 313.38582677165357 58.267716535433074 l’asile
2163.779527559055 2485.0393700787404 170.07874015748033 58.267716535433074 du
2250.3937007874015 2485.0393700787404 341.73228346456693 58.267716535433074 Vésinet,
2505.511811023622 2485.0393700787404 170.07874015748033 58.267716535433074 en
2562.2047244094488 2485.0393700787404 256.6929133858268 58.267716535433074 rempla-

1195.275590551181 2551.181102362205 289.76377952755905 59.84251968503937 cement
1398.4251968503936 2551.181102362205 174.8031496062992 59.84251968503937 de
1485.0393700787401 2551.181102362205 174.8031496062992 59.84251968503937 M.
1571.6535433070867 2551.181102362205 348.0314960629921 59.84251968503937 Millard,
1833.0708661417323 2551.181102362205 174.8031496062992 59.84251968503937 en
1919.6850393700788 2551.181102362205 261.4173228346457 59.84251968503937 congé
2094.488188976378 2551.181102362205 174.8031496062992 59.84251968503937 de
2181.1023622047246 2551.181102362205 261.4173228346457 59.84251968503937 santé
2354.3307086614172 2551.181102362205 231.49606299212599 59.84251968503937 pour
2499.212598425197 2551.181102362205 231.49606299212599 59.84251968503937 deux
2615.748031496063 2551.181102362205 203.1496062992126 59.84251968503937 mois.

1247.244094488189 2617.3228346456694 212.5984251968504 62.99212598425197 (Le
1368.5039370078741 2617.3228346456694 485.03937007874015 62.99212598425197 gouvernement
1762.2047244094488 2617.3228346456694 181.10236220472441 62.99212598425197 de
1851.9685039370079 2617.3228346456694 181.10236220472441 62.99212598425197 la
1943.3070866141732 2617.3228346456694 333.8582677165354 62.99212598425197 Défense
2185.8267716535433 2617.3228346456694 393.7007874015748 62.99212598425197 nationale
2488.1889763779527 2617.3228346456694 272.4409448818898 62.99212598425197 avait
2640.9448818897636 2617.3228346456694 181.10236220472441 62.99212598425197 pour

1193.7007874015749 2685.0393700787404 343.3070866141732 61.41732283464567 membres
1444.0944881889764 2685.0393700787404 187.4015748031496 61.41732283464567 le
1537.007874015748 2685.0393700787404 343.3070866141732 61.41732283464567 général
1785.8267716535433 2685.0393700787404 343.3070866141732 61.41732283464567 Trochu,
2036.2204724409448 2685.0393700787404 436.2204724409449 61.41732283464567 gouverneur
2379.527559055118 2685.0393700787404 187.4015748031496 61.41732283464567 de
2472.4409448818897 2685.0393700787404 311.81102362204723 61.41732283464567 Paris,
2659.8425196850394 2685.0393700787404 155.90551181102362 61.41732283464567 Em-

1192.1259842519685 2749.6062992125985 325.98425196850394 62.99212598425197 manuel
1420.4724409448818 2749.6062992125985 325.98425196850394 62.99212598425197 Arago,
1647.244094488189 2749.6062992125985 422.0472440944882 62.99212598425197 Crémieux,
1973.2283464566929 2749.6062992125985 292.9133858267717 62.99212598425197 Jules
2168.503937007874 2749.6062992125985 325.98425196850394 62.99212598425197 Favre,
2396.850393700787 2749.6062992125985 292.9133858267717 62.99212598425197 Jules
2559.0551181102364 2749.6062992125985 259.84251968503935 62.99212598425197 Ferry,

1192.1259842519685 2815.748031496063 563.7795275590552 62.99212598425197 Garnier-Pagès,
1661.4173228346456 2815.748031496063 532.2834645669292 62.99212598425197 Glais-Bizoin,
2099.212598425197 2815.748031496063 313.38582677165357 62.99212598425197 Eugène
2318.1102362204724 2815.748031496063 406.2992125984252 62.99212598425197 Pelletan,
2600.0 2815.748031496063 218.89763779527559 62.99212598425197 Henri

1196.8503937007874 2880.314960629921 377.9527559055118 58.267716535433074 Rochefort
1486.6141732283465 2880.314960629921 174.8031496062992 58.267716535433074 et
1573.2283464566929 2880.314960629921 319.68503937007875 58.267716535433074 Thiers,
1806.2992125984251 2880.314960629921 319.68503937007875 58.267716535433074 députés
2037.7952755905512 2880.314960629921 174.8031496062992 58.267716535433074 de
2125.984251968504 2880.314960629921 174.8031496062992 58.267716535433074 la
2212.5984251968503 2880.314960629921 289.76377952755905 58.267716535433074 Seine,
2415.748031496063 2880.314960629921 377.9527559055118 58.267716535433074 Gambetta,
2677.165354330709 2880.314960629921 144.88188976377953 58.267716535433074 dé-

1192.1259842519685 2943.3070866141734 250.39370078740157 64.56692913385827 puté
1349.6062992125985 2943.3070866141734 218.89763779527559 64.56692913385827 des
1474.015748031496 2943.3070866141734 658.2677165354331 64.56692913385827 Bouches-du-Rhône,
2037.7952755905512 2943.3070866141734 313.38582677165357 64.56692913385827 Ernest
2256.6929133858266 2943.3070866141734 344.88188976377955 64.56692913385827 Picard,
2507.0866141732286 2943.3070866141734 313.38582677165357 64.56692913385827 député
2694.488188976378 2943.3070866141734 125.98425196850394 64.56692913385827 de

1190.5511811023623 3007.8740157480315 422.0472440944882 62.99212598425197 l’Hérault,
1522.8346456692914 3007.8740157480315 270.86614173228344 62.99212598425197 Jules
1702.3622047244094 3007.8740157480315 302.3622047244094 62.99212598425197 Simon,
1913.3858267716535 3007.8740157480315 302.3622047244094 62.99212598425197 député
2125.984251968504 3007.8740157480315 181.10236220472441 62.99212598425197 de
2215.748031496063 3007.8740157480315 181.10236220472441 62.99212598425197 la
2305.511811023622 3007.8740157480315 362.20472440944883 62.99212598425197 Gironde,
2548.031496062992 3007.8740157480315 270.86614173228344 62.99212598425197 Dorian,

1190.5511811023623 3072.4409448818897 296.06299212598424 64.56692913385827 député
1398.4251968503936 3072.4409448818897 177.95275590551182 64.56692913385827 de
1486.6141732283465 3072.4409448818897 177.95275590551182 64.56692913385827 la
1576.3779527559054 3072.4409448818897 296.06299212598424 64.56692913385827 Loire,
1782.6771653543308 3072.4409448818897 325.98425196850394 64.56692913385827 Magnin,
2020.4724409448818 3072.4409448818897 296.06299212598424 64.56692913385827 député
2228.3464566929133 3072.4409448818897 177.95275590551182 64.56692913385827 de
2316.535433070866 3072.4409448818897 177.95275590551182 64.56692913385827 la
2406.299212598425 3072.4409448818897 414.1732283464567 64.56692913385827 Côte-d’Or,
2702.3622047244094 3072.4409448818897 118.11023622047244 64.56692913385827 le

1190.5511811023623 3140.1574803149606 311.81102362204723 64.56692913385827 général
1417.3228346456692 3140.1574803149606 170.07874015748033 64.56692913385827 Le
1502.3622047244094 3140.1574803149606 226.77165354330708 64.56692913385827 Flô,
1645.6692913385828 3140.1574803149606 255.11811023622047 64.56692913385827 nommé
1815.748031496063 3140.1574803149606 340.15748031496065 64.56692913385827 ministre
2070.8661417322833 3140.1574803149606 170.07874015748033 64.56692913385827 de
2155.9055118110236 3140.1574803149606 170.07874015748033 64.56692913385827 la
2240.9448818897636 3140.1574803149606 311.81102362204723 64.56692913385827 guerre,
2469.2913385826773 3140.1574803149606 170.07874015748033 64.56692913385827 et
2525.984251968504 3140.1574803149606 283.46456692913387 64.56692913385827 l’amiral

1190.5511811023623 3201.5748031496064 445.6692913385827 64.56692913385827 Fourichon,
1540.1574803149606 3201.5748031496064 286.61417322834643 64.56692913385827 nommé
1732.283464566929 3201.5748031496064 382.6771653543307 64.56692913385827 ministre
2018.8976377952756 3201.5748031496064 190.5511811023622 64.56692913385827 de
2114.9606299212596 3201.5748031496064 190.5511811023622 64.56692913385827 la
2209.448818897638 3201.5748031496064 351.18110236220474 64.56692913385827 marine.
2464.566929133858 3201.5748031496064 190.5511811023622 64.56692913385827 Le
2529.1338582677167 3201.5748031496064 286.61417322834643 64.56692913385827 général

1187.4015748031495 3269.2913385826773 307.0866141732283 61.41732283464567 Trochu
1403.1496062992126 3269.2913385826773 215.748031496063 61.41732283464567 fut
1525.984251968504 3269.2913385826773 277.1653543307087 61.41732283464567 nommé
1711.8110236220473 3269.2913385826773 431.496062992126 61.41732283464567 président,
2050.3937007874015 3269.2913385826773 184.251968503937 61.41732283464567 et
2141.732283464567 3269.2913385826773 277.1653543307087 61.41732283464567 Jules
2325.984251968504 3269.2913385826773 277.1653543307087 61.41732283464567 Favre
2480.314960629921 3269.2913385826773 338.5826771653543 61.41732283464567 vice-

1185.8267716535433 3338.582677165354 307.0866141732283 64.56692913385827 sident
1401.5748031496064 3338.582677165354 184.251968503937 64.56692913385827 du
1494.4881889763778 3338.582677165354 522.8346456692914 64.56692913385827 gouvernement.
1924.4094488188975 3338.582677165354 400.0 64.56692913385827 Crémieux,
2233.0708661417325 3338.582677165354 368.503937007874 64.56692913385827 l’amiral
2478.740157480315 3338.582677165354 338.5826771653543 64.56692913385827 Fourichon

1187.4015748031495 3407.8740157480315 181.10236220472441 59.84251968503937 et
1277.1653543307086 3407.8740157480315 483.46456692913387 59.84251968503937 Glais-Bizoin
1670.8661417322835 3407.8740157480315 302.3622047244094 59.84251968503937 furent
1883.4645669291338 3407.8740157480315 332.2834645669291 59.84251968503937 envoyés
2124.4094488188975 3407.8740157480315 151.1811023622047 59.84251968503937 à
2185.8267716535433 3407.8740157480315 272.4409448818898 59.84251968503937 Tours
2366.9291338582675 3407.8740157480315 242.51968503937007 59.84251968503937 pour
2488.1889763779527 3407.8740157480315 332.2834645669291 59.84251968503937 organiser

1188.976377952756 3474.015748031496 174.8031496062992 59.84251968503937 la
1275.5905511811025 3474.015748031496 319.68503937007875 59.84251968503937 défense
1508.6614173228347 3474.015748031496 233.0708661417323 59.84251968503937 dans
1653.5433070866143 3474.015748031496 203.1496062992126 59.84251968503937 les
1770.0787401574803 3474.015748031496 494.48818897637796 59.84251968503937 départements,
2177.952755905512 3474.015748031496 174.8031496062992 59.84251968503937 et
2266.1417322834645 3474.015748031496 377.9527559055118 59.84251968503937 Gambetta,
2557.48031496063 3474.015748031496 261.4173228346457 59.84251968503937 parti
2702.3622047244094 3474.015748031496 116.53543307086615 59.84251968503937 de

1187.4015748031495 3541.732283464567 251.96850393700788 61.41732283464567 Paris
1355.9055118110236 3541.732283464567 168.50393700787401 61.41732283464567 en
1440.9448818897638 3541.732283464567 308.66141732283467 61.41732283464567 ballon,
1664.5669291338584 3541.732283464567 225.1968503937008 61.41732283464567 alla
1804.724409448819 3541.732283464567 196.8503937007874 61.41732283464567 les
1918.1102362204724 3541.732283464567 365.3543307086614 61.41732283464567 rejoindre
2198.4251968503936 3541.732283464567 168.50393700787401 61.41732283464567 le
2281.8897637795276 3541.732283464567 168.50393700787401 61.41732283464567 10
2366.9291338582675 3541.732283464567 308.66141732283467 61.41732283464567 octobre
2562.2047244094488 3541.732283464567 225.1968503937008 61.41732283464567 1870.)

1168.5039370078741 3697.6377952755906 371.65354330708664 103.93700787401575 ★46★
1400.0 3697.6377952755906 462.99212598425197 103.93700787401575 THIERS
1724.4094488188975 3697.6377952755906 1530.708661417323 103.93700787401575 (Marie-Joseph-Louis-Adolphe),
3114.9606299212596 3697.6377952755906 371.65354330708664 103.93700787401575 chef
3348.031496062992 3697.6377952755906 278.74015748031496 103.93700787401575 du
3486.6141732283463 3697.6377952755906 510.23622047244095 103.93700787401575 Pouvoir
3858.267716535433 3697.6377952755906 555.9055118110236 103.93700787401575 exécutif
4275.5905511811025 3697.6377952755906 278.74015748031496 103.93700787401575 le
4414.173228346457 3697.6377952755906 278.74015748031496 103.93700787401575 17
4507.086614173229 3697.6377952755906 231.49606299212599 103.93700787401575 fé-

1165.3543307086613 3806.299212598425 392.12598425196853 102.36220472440945 vrier
1426.7716535433071 3806.299212598425 392.12598425196853 102.36220472440945 1871,
1688.1889763779527 3806.299212598425 565.3543307086615 102.36220472440945 président
2122.834645669291 3806.299212598425 261.4173228346457 102.36220472440945 de
2253.5433070866143 3806.299212598425 261.4173228346457 102.36220472440945 la
2384.251968503937 3806.299212598425 565.3543307086615 102.36220472440945 troisième
2820.472440944882 3806.299212598425 653.5433070866142 102.36220472440945 République,
3341.732283464567 3806.299212598425 261.4173228346457 102.36220472440945 du
3472.4409448818897 3806.299212598425 261.4173228346457 102.36220472440945 31
3603.149606299213 3806.299212598425 348.0314960629921 102.36220472440945 août
3822.047244094488 3806.299212598425 348.0314960629921 102.36220472440945 1871
4039.3700787401576 3806.299212598425 261.4173228346457 102.36220472440945 au
4170.078740157481 3806.299212598425 261.4173228346457 102.36220472440945 24
4300.787401574803 3806.299212598425 303.93700787401576 102.36220472440945 mai
4431.496062992126 3806.299212598425 303.93700787401576 102.36220472440945 1873,

1170.0787401574803 3908.6614173228345 259.84251968503935 100.78740157480316 n.
1299.2125984251968 3908.6614173228345 217.3228346456693 100.78740157480316 à
1385.8267716535433 3908.6614173228345 606.2992125984252 100.78740157480316 Marseille,
1862.992125984252 3908.6614173228345 259.84251968503935 100.78740157480316 15
1992.1259842519685 3908.6614173228345 390.5511811023622 100.78740157480316 avril
2251.968503937008 3908.6614173228345 390.5511811023622 100.78740157480316 1797,
2511.8110236220473 3908.6614173228345 259.84251968503935 100.78740157480316 m.
2642.51968503937 3908.6614173228345 217.3228346456693 100.78740157480316 à
2729.1338582677167 3908.6614173228345 737.007874015748 100.78740157480316 Saint-Germain
3335.433070866142 3908.6614173228345 259.84251968503935 100.78740157480316 en
3464.566929133858 3908.6614173228345 390.5511811023622 100.78740157480316 Laye,
3724.4094488188975 3908.6614173228345 217.3228346456693 100.78740157480316 3
3811.0236220472443 3908.6614173228345 563.7795275590552 100.78740157480316 septembre
4201.574803149606 3908.6614173228345 303.93700787401576 100.78740157480316 1877.

1251.9685039370079 4053.5433070866143 204.7244094488189 81.88976377952756 L.
1354.3307086614172 4053.5433070866143 204.7244094488189 81.88976377952756 A.
1456.6929133858268 4053.5433070866143 204.7244094488189 81.88976377952756 S.
1559.0551181102362 4053.5433070866143 204.7244094488189 81.88976377952756 (à
1661.4173228346456 4053.5433070866143 307.0866141732283 81.88976377952756 Jules
1866.1417322834645 4053.5433070866143 374.8031496062992 81.88976377952756 Favre);
2140.1574803149606 4053.5433070866143 409.4488188976378 81.88976377952756 (Paris),
2447.244094488189 4053.5433070866143 170.07874015748033 81.88976377952756 4
2514.9606299212596 4053.5433070866143 374.8031496062992 81.88976377952756 octobre
2788.9763779527557 4053.5433070866143 307.0866141732283 81.88976377952756 1871,
2993.700787401575 4053.5433070866143 170.07874015748033 81.88976377952756 1
3061.417322834646 4053.5433070866143 204.7244094488189 81.88976377952756 p.
3163.779527559055 4053.5433070866143 239.37007874015748 81.88976377952756 1/2
3300.787401574803 4053.5433070866143 307.0866141732283 81.88976377952756 in-8,
3505.511811023622 4053.5433070866143 341.73228346456693 81.88976377952756 papier
3743.3070866141734 4053.5433070866143 204.7244094488189 81.88976377952756 de
3845.6692913385828 4053.5433070866143 341.73228346456693 81.88976377952756 deuil.
4085.0393700787404 4053.5433070866143 170.07874015748033 81.88976377952756 —
4154.330708661418 4053.5433070866143 204.7244094488189 81.88976377952756 P.
4222.047244094489 4053.5433070866143 511.81102362204723 81.88976377952756 photographié.

1234.6456692913387 4177.952755905511 207.8740157480315 56.69291338582677 Très
1363.7795275590552 4177.952755905511 233.0708661417323 56.69291338582677 belle
1519.6850393700788 4177.952755905511 285.03937007874015 56.69291338582677 lettre,
1727.5590551181103 4177.952755905511 207.8740157480315 56.69291338582677 dont
1856.6929133858268 4177.952755905511 233.0708661417323 56.69291338582677 voici
2012.5984251968505 4177.952755905511 155.90551181102362 56.69291338582677 le
2089.763779527559 4177.952755905511 233.0708661417323 56.69291338582677 texte
2220.472440944882 4177.952755905511 77.16535433070867 56.69291338582677 :

1233.0708661417323 4240.944881889764 151.1811023622047 62.99212598425197 «
1292.9133858267717 4240.944881889764 211.0236220472441 62.99212598425197 Mon
1414.1732283464567 4240.944881889764 240.9448818897638 62.99212598425197 cher
1565.3543307086613 4240.944881889764 240.9448818897638 62.99212598425197 ami,
1714.9606299212599 4240.944881889764 270.86614173228344 62.99212598425197 voilà
1896.0629921259842 4240.944881889764 270.86614173228344 62.99212598425197 trois
2077.165354330709 4240.944881889764 362.20472440944883 62.99212598425197 semaines
2349.6062992125985 4240.944881889764 211.0236220472441 62.99212598425197 que
2470.8661417322833 4240.944881889764 181.10236220472441 62.99212598425197 je
2560.6299212598424 4240.944881889764 240.9448818897638 62.99212598425197 veux
2711.8110236220473 4240.944881889764 240.9448818897638 62.99212598425197 vous
2862.9921259842517 4240.944881889764 302.3622047244094 62.99212598425197 écrire
3074.015748031496 4240.944881889764 181.10236220472441 62.99212598425197 et
3163.779527559055 4240.944881889764 240.9448818897638 62.99212598425197 vous
3314.9606299212596 4240.944881889764 392.12598425196853 62.99212598425197 remercier
3617.3228346456694 4240.944881889764 181.10236220472441 62.99212598425197 de
3707.0866141732286 4240.944881889764 211.0236220472441 62.99212598425197 vos
3828.3464566929133 4240.944881889764 422.0472440944882 62.99212598425197 sentiments
4160.629921259842 4240.944881889764 211.0236220472441 62.99212598425197 qui
4281.889763779527 4240.944881889764 181.10236220472441 62.99212598425197 me
4371.653543307087 4240.944881889764 362.20472440944883 62.99212598425197 touchent
4612.59842519685 4240.944881889764 121.25984251968504 62.99212598425197 et

1174.8031496062993 4307.086614173229 173.22834645669292 62.99212598425197 me
1261.4173228346456 4307.086614173229 376.37795275590554 62.99212598425197 pénètrent
1549.6062992125985 4307.086614173229 173.22834645669292 62.99212598425197 de
1636.2204724409448 4307.086614173229 404.7244094488189 62.99212598425197 gratitude.
1954.3307086614172 4307.086614173229 231.49606299212599 62.99212598425197 Mais
2099.212598425197 4307.086614173229 346.45669291338584 62.99212598425197 imaginez
2359.0551181102364 4307.086614173229 203.1496062992126 62.99212598425197 que
2475.5905511811025 4307.086614173229 173.22834645669292 62.99212598425197 je
2562.2047244094488 4307.086614173229 231.49606299212599 62.99212598425197 n’ai
2707.0866141732286 4307.086614173229 203.1496062992126 62.99212598425197 pas
2822.047244094488 4307.086614173229 173.22834645669292 62.99212598425197 pu
2908.6614173228345 4307.086614173229 289.76377952755905 62.99212598425197 encore
3111.8110236220473 4307.086614173229 259.84251968503935 62.99212598425197 jouir
3285.0393700787404 4307.086614173229 173.22834645669292 62.99212598425197 de
3371.6535433070867 4307.086614173229 203.1496062992126 62.99212598425197 mon
3486.6141732283463 4307.086614173229 289.76377952755905 62.99212598425197 congé.
3689.763779527559 4307.086614173229 231.49606299212599 62.99212598425197 J’ai
3834.6456692913384 4307.086614173229 289.76377952755905 62.99212598425197 autant
4036.220472440945 4307.086614173229 173.22834645669292 62.99212598425197 et
4122.834645669292 4307.086614173229 231.49606299212599 62.99212598425197 même
4267.716535433071 4307.086614173229 231.49606299212599 62.99212598425197 plus
4412.59842519685 4307.086614173229 173.22834645669292 62.99212598425197 de
4470.866141732284 4307.086614173229 259.84251968503935 62.99212598425197 travail

1173.2283464566929 4373.228346456693 200.0 62.99212598425197 que
1286.6141732283465 4373.228346456693 313.38582677165357 62.99212598425197 jamais.
1514.9606299212599 4373.228346456693 171.6535433070866 62.99212598425197 Le
1600.0 4373.228346456693 370.0787401574803 62.99212598425197 campement
1886.6141732283465 4373.228346456693 200.0 62.99212598425197 des
2000.0 4373.228346456693 341.73228346456693 62.99212598425197 troupes,
2256.6929133858266 4373.228346456693 398.4251968503937 62.99212598425197 l’Algérie,
2570.0787401574803 4373.228346456693 200.0 62.99212598425197 les
2683.464566929134 4373.228346456693 485.03937007874015 62.99212598425197 négociations,
3083.464566929134 4373.228346456693 171.6535433070866 62.99212598425197 le
3168.503937007874 4373.228346456693 285.03937007874015 62.99212598425197 budget
3368.503937007874 4373.228346456693 285.03937007874015 62.99212598425197 futur,
3568.503937007874 4373.228346456693 228.3464566929134 62.99212598425197 tout
3710.236220472441 4373.228346456693 228.3464566929134 62.99212598425197 cela
3853.5433070866143 4373.228346456693 370.0787401574803 62.99212598425197 m’empêche
4138.582677165355 4373.228346456693 171.6535433070866 62.99212598425197 de
4223.622047244095 4373.228346456693 285.03937007874015 62.99212598425197 dormir
4423.622047244095 4373.228346456693 171.6535433070866 62.99212598425197 et
4480.314960629921 4373.228346456693 256.6929133858268 62.99212598425197 presque

1170.0787401574803 4439.370078740158 184.251968503937 61.41732283464567 de
1262.992125984252 4439.370078740158 307.0866141732283 61.41732283464567 vivre.
1478.740157480315 4439.370078740158 277.1653543307087 61.41732283464567 Aussi
1662.992125984252 4439.370078740158 245.66929133858267 61.41732283464567 vous
1815.748031496063 4439.370078740158 184.251968503937 61.41732283464567 me
1908.6614173228347 4439.370078740158 461.4173228346457 61.41732283464567 pardonnerez
2277.165354330709 4439.370078740158 184.251968503937 61.41732283464567 un
2368.503937007874 4439.370078740158 338.5826771653543 61.41732283464567 silence
2614.1732283464567 4439.370078740158 215.748031496063 61.41732283464567 qui
2737.0078740157483 4439.370078740158 215.748031496063 61.41732283464567 est
2859.8425196850394 4439.370078740158 277.1653543307087 61.41732283464567 celui
3044.0944881889764 4439.370078740158 184.251968503937 61.41732283464567 de
3137.0078740157483 4439.370078740158 184.251968503937 61.41732283464567 la
3228.3464566929133 4439.370078740158 277.1653543307087 61.41732283464567 plume
3412.5984251968503 4439.370078740158 184.251968503937 61.41732283464567 et
3505.511811023622 4439.370078740158 215.748031496063 61.41732283464567 non
3628.3464566929133 4439.370078740158 277.1653543307087 61.41732283464567 celui
3812.5984251968503 4439.370078740158 184.251968503937 61.41732283464567 du
3903.9370078740158 4439.370078740158 277.1653543307087 61.41732283464567 cœur.
4088.1889763779527 4439.370078740158 184.251968503937 61.41732283464567 Je
4181.102362204724 4439.370078740158 245.66929133858267 61.41732283464567 vous
4333.858267716535 4439.370078740158 245.66929133858267 61.41732283464567 prie
4488.188976377953 4439.370078740158 245.66929133858267 61.41732283464567 donc
4611.023622047244 4439.370078740158 122.83464566929133 61.41732283464567 de

1171.6535433070867 4503.937007874016 321.25984251968504 61.41732283464567 m’aimer
1406.2992125984251 4503.937007874016 409.4488188976378 61.41732283464567 silencieux
1727.5590551181103 4503.937007874016 291.33858267716533 61.41732283464567 autant
1930.708661417323 4503.937007874016 204.7244094488189 61.41732283464567 que
2048.818897637795 4503.937007874016 233.0708661417323 61.41732283464567 vous
2193.700787401575 4503.937007874016 409.4488188976378 61.41732283464567 m’aimeriez
2514.9606299212596 4503.937007874016 349.6062992125984 61.41732283464567 écrivant
2777.952755905512 4503.937007874016 174.8031496062992 61.41732283464567 et
2866.1417322834645 4503.937007874016 174.8031496062992 61.41732283464567 de
2952.755905511811 4503.937007874016 349.6062992125984 61.41732283464567 recevoir
3215.748031496063 4503.937007874016 233.0708661417323 61.41732283464567 pour
3362.2047244094488 4503.937007874016 233.0708661417323 61.41732283464567 vous
3507.0866141732286 4503.937007874016 174.8031496062992 61.41732283464567 et
3595.2755905511813 4503.937007874016 204.7244094488189 61.41732283464567 vos
3711.8110236220473 4503.937007874016 409.4488188976378 61.41732283464567 charmantes
4033.0708661417325 4503.937007874016 291.33858267716533 61.41732283464567 filles
4237.795275590551 4503.937007874016 437.79527559055117 61.41732283464567 l’assurance
4559.055118110236 4503.937007874016 174.8031496062992 61.41732283464567 d’un

1170.0787401574803 4570.078740157481 324.40944881889766 64.56692913385827 profond
1406.2992125984251 4570.078740157481 176.3779527559055 64.56692913385827 et
1494.4881889763778 4570.078740157481 324.40944881889766 64.56692913385827 éternel
1730.708661417323 4570.078740157481 472.4409448818898 64.56692913385827 attachement.
2113.3858267716537 4570.078740157481 294.48818897637796 64.56692913385827 Madame
2321.259842519685 4570.078740157481 294.48818897637796 64.56692913385827 Thiers
2527.5590551181103 4570.078740157481 176.3779527559055 64.56692913385827 et
2615.748031496063 4570.078740157481 176.3779527559055 64.56692913385827 sa
2703.9370078740158 4570.078740157481 236.2204724409449 64.56692913385827 sœur
2851.968503937008 4570.078740157481 176.3779527559055 64.56692913385827 se
2940.1574803149606 4570.078740157481 354.3307086614173 64.56692913385827 joignent
3204.7244094488187 4570.078740157481 148.03149606299212 64.56692913385827 à
3264.566929133858 4570.078740157481 206.29921259842519 64.56692913385827 moi
3382.6771653543306 4570.078740157481 236.2204724409449 64.56692913385827 pour
3529.1338582677167 4570.078740157481 236.2204724409449 64.56692913385827 vous
3677.165354330709 4570.078740157481 354.3307086614173 64.56692913385827 exprimer
3941.732283464567 4570.078740157481 206.29921259842519 64.56692913385827 ces
4031.496062992126 4570.078740157481 382.6771653543307 64.56692913385827 sentiments.

3623.6220472440946 4640.944881889764 228.3464566929134 50.39370078740158 «A.
3722.834645669291 4640.944881889764 327.5590551181102 50.39370078740158 Thiers.»

1148.0314960629921 4740.157480314961 409.4488188976378 102.36220472440945 ★47★
1403.1496062992126 4740.157480314961 357.4803149606299 102.36220472440945 MAC
1607.8740157480315 4740.157480314961 459.84251968503935 102.36220472440945 MAHON
1914.9606299212599 4740.157480314961 1585.8267716535433 102.36220472440945 (Marie-Edme-Patrice-Maurice
3348.031496062992 4740.157480314961 409.4488188976378 102.36220472440945 de),
3603.149606299213 4740.157480314961 357.4803149606299 102.36220472440945 duc
3807.8740157480315 4740.157480314961 307.0866141732283 102.36220472440945 de
3962.2047244094488 4740.157480314961 614.1732283464567 102.36220472440945 Magenta,
4371.653543307087 4740.157480314961 357.4803149606299 102.36220472440945 maré-

1151.1811023622047 4848.818897637795 357.4803149606299 100.78740157480316 chal
1374.8031496062993 4848.818897637795 267.7165354330709 100.78740157480316 de
1508.6614173228347 4848.818897637795 447.244094488189 100.78740157480316 France
1820.4724409448818 4848.818897637795 267.7165354330709 100.78740157480316 (4
1955.9055118110236 4848.818897637795 357.4803149606299 100.78740157480316 juin
2179.527559055118 4848.818897637795 447.244094488189 100.78740157480316 1859),
2491.3385826771655 4848.818897637795 537.007874015748 100.78740157480316 deuxième
2894.488188976378 4848.818897637795 581.1023622047244 100.78740157480316 président
3341.732283464567 4848.818897637795 267.7165354330709 100.78740157480316 de
3475.5905511811025 4848.818897637795 267.7165354330709 100.78740157480316 la
3609.448818897638 4848.818897637795 581.1023622047244 100.78740157480316 troisième
4056.6929133858266 4848.818897637795 670.8661417322835 100.78740157480316 République,
4548.031496062992 4848.818897637795 179.5275590551181 100.78740157480316 du

1154.3307086614172 4954.330708661418 251.96850393700788 103.93700787401575 24
1280.3149606299212 4954.330708661418 292.9133858267717 103.93700787401575 mai
1448.8188976377953 4954.330708661418 335.43307086614175 103.93700787401575 1873
1656.6929133858268 4954.330708661418 251.96850393700788 103.93700787401575 au
1782.6771653543308 4954.330708661418 251.96850393700788 103.93700787401575 30
1908.6614173228347 4954.330708661418 459.84251968503935 103.93700787401575 janvier
2244.0944881889764 4954.330708661418 376.37795275590554 103.93700787401575 1879,
2494.488188976378 4954.330708661418 251.96850393700788 103.93700787401575 n.
2620.472440944882 4954.330708661418 209.4488188976378 103.93700787401575 à
2703.9370078740158 4954.330708661418 376.37795275590554 103.93700787401575 Sully
2955.9055118110236 4954.330708661418 878.7401574803149 103.93700787401575 (Saône-et-Loire),
3708.6614173228345 4954.330708661418 251.96850393700788 103.93700787401575 13
3834.6456692913384 4954.330708661418 459.84251968503935 103.93700787401575 juillet
4127.55905511811 4954.330708661418 292.9133858267717 103.93700787401575 1808.

1233.0708661417323 5096.062992125984 229.92125984251967 83.46456692913385 L.
1348.0314960629921 5096.062992125984 229.92125984251967 83.46456692913385 S.
1462.992125984252 5096.062992125984 229.92125984251967 83.46456692913385 au
1577.9527559055118 5096.062992125984 422.0472440944882 83.46456692913385 général
1885.0393700787401 5096.062992125984 269.29133858267716 83.46456692913385 (de
2037.7952755905512 5096.062992125984 576.3779527559055 83.46456692913385 Ladmirault,
2499.212598425197 5096.062992125984 537.007874015748 83.46456692913385 commandant
2921.259842519685 5096.062992125984 229.92125984251967 83.46456692913385 du
3036.220472440945 5096.062992125984 422.0472440944882 83.46456692913385 premier
3343.3070866141734 5096.062992125984 344.88188976377955 83.46456692913385 corps
3573.228346456693 5096.062992125984 499.21259842519686 83.46456692913385 d’armée);
3957.48031496063 5096.062992125984 459.84251968503935 83.46456692913385 quartier
4302.36220472441 5096.062992125984 422.0472440944882 83.46456692913385 général
4571.653543307087 5096.062992125984 152.75590551181102 83.46456692913385 du

1152.755905511811 5181.102362204724 499.21259842519686 83.46456692913385 Trocadéro,
1546.4566929133857 5181.102362204724 214.17322834645668 83.46456692913385 24
1653.5433070866143 5181.102362204724 250.39370078740157 83.46456692913385 mai
1795.275590551181 5181.102362204724 321.25984251968504 83.46456692913385 1871,
2011.023622047244 5181.102362204724 250.39370078740157 83.46456692913385 six
2152.755905511811 5181.102362204724 357.4803149606299 83.46456692913385 heures
2403.149606299213 5181.102362204724 214.17322834645668 83.46456692913385 du
2510.236220472441 5181.102362204724 357.4803149606299 83.46456692913385 matin,
2760.6299212598424 5181.102362204724 177.95275590551182 83.46456692913385 3
2831.496062992126 5181.102362204724 214.17322834645668 83.46456692913385 p.
2938.582677165354 5181.102362204724 428.34645669291336 83.46456692913385 in-fol.,
3259.8425196850394 5181.102362204724 285.03937007874015 83.46456692913385 tête
3437.7952755905512 5181.102362204724 464.56692913385825 83.46456692913385 imprimée.
3795.2755905511813 5181.102362204724 177.95275590551182 83.46456692913385 —
3867.716535433071 5181.102362204724 214.17322834645668 83.46456692913385 P.
3938.582677165354 5181.102362204724 535.4330708661417 83.46456692913385 photographié.

1217.3228346456692 5305.511811023622 387.40157480314963 64.56692913385827 Important
1514.9606299212599 5305.511811023622 357.4803149606299 64.56692913385827 document
1782.6771653543308 5305.511811023622 415.748031496063 64.56692913385827 historique
2110.236220472441 5305.511811023622 207.8740157480315 64.56692913385827 sur
2228.3464566929133 5305.511811023622 177.95275590551182 64.56692913385827 la
2318.1102362204724 5305.511811023622 415.748031496063 64.56692913385827 répression
2645.6692913385828 5305.511811023622 177.95275590551182 64.56692913385827 de
2733.8582677165355 5305.511811023622 177.95275590551182 64.56692913385827 la
2823.6220472440946 5305.511811023622 357.4803149606299 64.56692913385827 Commune.
3091.3385826771655 5305.511811023622 237.79527559055117 64.56692913385827 «Les
3240.9448818897636 5305.511811023622 387.40157480314963 64.56692913385827 Tuileries
3537.0078740157483 5305.511811023622 237.79527559055117 64.56692913385827 sont
3686.6141732283463 5305.511811023622 445.6692913385827 64.56692913385827 entièrement
4044.0944881889764 5305.511811023622 357.4803149606299 64.56692913385827 brûlées,
4311.811023622047 5305.511811023622 177.95275590551182 64.56692913385827 le
4400.0 5305.511811023622 297.6377952755906 64.56692913385827 Louvre
4579.527559055118 5305.511811023622 148.03149606299212 64.56692913385827 est

1160.6299212598426 5370.078740157481 344.88188976377955 69.29133858267717 atteint:
1418.8976377952756 5370.078740157481 173.22834645669292 69.29133858267717 de
1505.5118110236222 5370.078740157481 344.88188976377955 69.29133858267717 nouveaux
1763.7795275590552 5370.078740157481 403.1496062992126 69.29133858267717 incendies,
2080.314960629921 5370.078740157481 229.92125984251967 69.29133858267717 dont
2223.6220472440946 5370.078740157481 173.22834645669292 69.29133858267717 la
2310.236220472441 5370.078740157481 258.26771653543307 69.29133858267717 fumée
2483.464566929134 5370.078740157481 201.5748031496063 69.29133858267717 qui
2598.4251968503936 5370.078740157481 288.18897637795277 69.29133858267717 couvre
2800.0 5370.078740157481 258.26771653543307 69.29133858267717 Paris
2971.6535433070867 5370.078740157481 316.53543307086613 69.29133858267717 empêche
3201.5748031496064 5370.078740157481 173.22834645669292 69.29133858267717 de
3288.1889763779527 5370.078740157481 431.496062992126 69.29133858267717 reconnaître
3633.0708661417325 5370.078740157481 518.1102362204724 69.29133858267717 l’emplacement,
4064.566929133858 5370.078740157481 173.22834645669292 69.29133858267717 se
4151.181102362205 5370.078740157481 431.496062992126 69.29133858267717 distinguent
4496.062992125984 5370.078740157481 173.22834645669292 69.29133858267717 du
4552.755905511811 5370.078740157481 173.22834645669292 69.29133858267717 côté

1157.4803149606298 5437.795275590551 182.6771653543307 67.71653543307086 de
1248.8188976377953 5437.795275590551 365.3543307086614 67.71653543307086 l’Elysée
1522.8346456692914 5437.795275590551 182.6771653543307 67.71653543307086 et
1614.1732283464567 5437.795275590551 182.6771653543307 67.71653543307086 du
1705.5118110236222 5437.795275590551 396.8503937007874 67.71653543307086 ministère
2011.023622047244 5437.795275590551 182.6771653543307 67.71653543307086 de
2102.3622047244094 5437.795275590551 182.6771653543307 67.71653543307086 la
2193.700787401575 5437.795275590551 335.43307086614175 67.71653543307086 Marine.
2437.7952755905512 5437.795275590551 182.6771653543307 67.71653543307086 Le
2529.1338582677167 5437.795275590551 335.43307086614175 67.71653543307086 général
2773.228346456693 5437.795275590551 305.51181102362204 67.71653543307086 Douai,
2987.4015748031497 5437.795275590551 214.17322834645668 67.71653543307086 qui
3108.6614173228345 5437.795275590551 305.51181102362204 67.71653543307086 occupe
3322.834645669291 5437.795275590551 182.6771653543307 67.71653543307086 la
3414.1732283464567 5437.795275590551 274.01574803149606 67.71653543307086 place
3596.850393700787 5437.795275590551 365.3543307086614 67.71653543307086 Vendôme,
3872.4409448818897 5437.795275590551 182.6771653543307 67.71653543307086 se
3963.779527559055 5437.795275590551 274.01574803149606 67.71653543307086 porte
4146.456692913386 5437.795275590551 214.17322834645668 67.71653543307086 sur
4267.716535433071 5437.795275590551 182.6771653543307 67.71653543307086 le
4360.629921259842 5437.795275590551 305.51181102362204 67.71653543307086 Louvre
4543.307086614173 5437.795275590551 182.6771653543307 67.71653543307086 pour

1160.6299212598426 5500.787401574803 297.6377952755906 56.69291338582677 tâcher
1368.5039370078741 5500.787401574803 417.3228346456693 56.69291338582677 d’éteindre
1696.0629921259842 5500.787401574803 447.244094488189 56.69291338582677 l’incendie.
2053.5433070866143 5500.787401574803 387.40157480314963 56.69291338582677 Continuez
2351.181102362205 5500.787401574803 267.7165354330709 56.69291338582677 votre
2500.787401574803 5500.787401574803 327.5590551181102 56.69291338582677 mouvement

1162.2047244094488 5565.354330708661 225.1968503937008 70.86614173228347 dans
1303.9370078740158 5565.354330708661 170.07874015748033 70.86614173228347 la
1388.976377952756 5565.354330708661 366.92913385826773 70.86614173228347 direction
1670.8661417322835 5565.354330708661 170.07874015748033 70.86614173228347 du
1755.9055118110236 5565.354330708661 508.66141732283467 70.86614173228347 Château-d’Eau,
2179.527559055118 5565.354330708661 338.5826771653543 70.86614173228347 laissant
2433.0708661417325 5565.354330708661 198.4251968503937 70.86614173228347 aux
2546.4566929133857 5565.354330708661 253.54330708661416 70.86614173228347 gares
2686.6141732283463 5565.354330708661 141.73228346456693 70.86614173228347 les

1157.4803149606298 5631.496062992126 477.1653543307087 62.99212598425197 détachements
1546.4566929133857 5631.496062992126 417.3228346456693 62.99212598425197 suffisants
1874.015748031496 5631.496062992126 239.37007874015748 62.99212598425197 pour
2023.6220472440946 5631.496062992126 209.4488188976378 62.99212598425197 les
2143.3070866141734 5631.496062992126 417.3228346456693 62.99212598425197 défendre.»
2470.8661417322833 5631.496062992126 329.13385826771656 62.99212598425197 Suivent
2680.314960629921 5631.496062992126 149.60629921259843 62.99212598425197 des

1154.3307086614172 5694.488188976378 474.01574803149606 72.44094488188976 indications
1533.8582677165355 5694.488188976378 220.4724409448819 72.44094488188976 sur
1659.8425196850394 5694.488188976378 220.4724409448819 72.44094488188976 les
1785.8267716535433 5694.488188976378 442.5196850393701 72.44094488188976 mouvements
2133.8582677165355 5694.488188976378 379.5275590551181 72.44094488188976 ordonnés
2417.3228346456694 5694.488188976378 220.4724409448819 72.44094488188976 aux
2511.8110236220473 5694.488188976378 316.53543307086613 72.44094488188976 généraux

1157.4803149606298 5760.629921259842 170.07874015748033 67.71653543307086 de
1242.5196850393702 5760.629921259842 283.46456692913387 67.71653543307086 Cissey
1440.9448818897638 5760.629921259842 170.07874015748033 67.71653543307086 et
1525.984251968504 5760.629921259842 396.8503937007874 67.71653543307086 Clinchant.
1837.7952755905512 5760.629921259842 396.8503937007874 67.71653543307086 «Peut-être
2149.6062992125985 5760.629921259842 198.4251968503937 67.71653543307086 les
2262.9921259842517 5760.629921259842 340.15748031496065 67.71653543307086 insurgés
2489.763779527559 5760.629921259842 340.15748031496065 67.71653543307086 tenteront-

1159.0551181102362 5826.771653543307 188.9763779527559 64.56692913385827 ils
1266.1417322834645 5826.771653543307 162.20472440944883 64.56692913385827 de
1348.0314960629921 5826.771653543307 270.86614173228344 64.56692913385827 brûler
1537.007874015748 5826.771653543307 595.2755905511812 64.56692913385827 l’Hôtel-de-Ville.»
2050.3937007874015 5826.771653543307 135.43307086614172 64.56692913385827 —
2105.511811023622 5826.771653543307 188.9763779527559 64.56692913385827 (On
2212.5984251968503 5826.771653543307 215.748031496063 64.56692913385827 sait
2348.031496062992 5826.771653543307 188.9763779527559 64.56692913385827 que
2456.6929133858266 5826.771653543307 297.6377952755906 64.56692913385827 l’armée
2645.6692913385828 5826.771653543307 188.9763779527559 64.56692913385827 avait

1160.6299212598426 5892.913385826771 286.61417322834643 69.29133858267717 pénétré
1370.0787401574803 5892.913385826771 155.90551181102362 69.29133858267717 le
1448.8188976377953 5892.913385826771 155.90551181102362 69.29133858267717 21
1525.984251968504 5892.913385826771 182.6771653543307 69.29133858267717 mai
1631.4960629921259 5892.913385826771 209.4488188976378 69.29133858267717 dans
1762.2047244094488 5892.913385826771 234.64566929133858 69.29133858267717 Paris
1918.1102362204724 5892.913385826771 155.90551181102362 69.29133858267717 et
1996.8503937007874 5892.913385826771 182.6771653543307 69.29133858267717 que
2100.787401574803 5892.913385826771 155.90551181102362 69.29133858267717 la
2179.527559055118 5892.913385826771 234.64566929133858 69.29133858267717 lutte
2335.433070866142 5892.913385826771 209.4488188976378 69.29133858267717 dura
2466.1417322834645 5892.913385826771 313.38582677165357 69.29133858267717 jusqu’au
2675.5905511811025 5892.913385826771 155.90551181102362 69.29133858267717 29.)
