405.9212598425197 636.3779527559055
176.31496062992127 6.803149606299213 32.881889763779526 7.937007874015748 —
189.35433070866142 6.803149606299213 39.40157480314961 7.937007874015748 16
202.6771653543307 6.803149606299213 19.84251968503937 7.937007874015748 —

52.724409448818896 28.062992125984252 50.45669291338583 11.05511811023622 grande
88.15748031496064 28.062992125984252 50.45669291338583 11.05511811023622 armée,
123.59055118110236 28.062992125984252 40.53543307086614 11.05511811023622 pour
148.8188976377953 28.062992125984252 35.43307086614173 11.05511811023622 les
168.9448818897638 28.062992125984252 25.228346456692915 11.05511811023622 4
179.1496062992126 28.062992125984252 30.330708661417322 11.05511811023622 et
194.45669291338584 28.062992125984252 25.228346456692915 11.05511811023622 5
204.3779527559055 28.062992125984252 40.53543307086614 11.05511811023622 mars
229.60629921259843 28.062992125984252 45.63779527559055 11.05511811023622 1807,
259.93700787401576 28.062992125984252 45.63779527559055 11.05511811023622 pièce
290.26771653543307 28.062992125984252 45.63779527559055 11.05511811023622 aut.,
320.59842519685037 28.062992125984252 25.228346456692915 11.05511811023622 1
330.8031496062992 28.062992125984252 30.330708661417322 11.05511811023622 p.
341.00787401574803 28.062992125984252 25.228346456692915 11.05511811023622 1/2

52.15748031496063 38.55118110236221 60.94488188976378 10.488188976377952 in-fol.;
97.79527559055119 38.55118110236221 30.614173228346456 10.488188976377952 2°
113.10236220472441 38.55118110236221 40.53543307086614 10.488188976377952 Let.
138.61417322834646 38.55118110236221 40.53543307086614 10.488188976377952 aut.
163.84251968503938 38.55118110236221 60.94488188976378 10.488188976377952 (minute)
209.76377952755905 38.55118110236221 25.511811023622048 10.488188976377952 à
219.68503937007873 38.55118110236221 60.94488188976378 10.488188976377952 Marmont;
265.6062992125984 38.55118110236221 76.25196850393701 10.488188976377952 Wartenburg,
326.5511811023622 38.55118110236221 30.614173228346456 10.488188976377952 25
336.4724409448819 38.55118110236221 30.614173228346456 10.488188976377952 sep-

48.47244094488189 48.47244094488189 90.70866141732283 10.771653543307087 tembre
111.96850393700787 48.47244094488189 81.63779527559055 10.771653543307087 1813,
166.39370078740157 48.47244094488189 45.354330708661415 10.771653543307087 1
184.53543307086613 48.47244094488189 54.425196850393704 10.771653543307087 p.
211.748031496063 48.47244094488189 63.496062992125985 10.771653543307087 1/2
248.03149606299212 48.47244094488189 99.77952755905511 10.771653543307087 in-fol.
320.59842519685037 48.47244094488189 54.425196850393704 10.771653543307087 55
338.74015748031496 48.47244094488189 27.212598425196852 10.771653543307087 »

61.79527559055118 60.37795275590551 44.22047244094488 9.921259842519685 Lettre
92.97637795275591 60.37795275590551 66.33070866141732 9.921259842519685 importante.
145.98425196850394 60.37795275590551 30.89763779527559 9.921259842519685 Ney
163.55905511811022 60.37795275590551 35.43307086614173 9.921259842519685 rend
185.66929133858267 60.37795275590551 44.22047244094488 9.921259842519685 compte
216.56692913385828 60.37795275590551 30.89763779527559 9.921259842519685 des
234.14173228346456 60.37795275590551 70.58267716535433 9.921259842519685 dispositions
291.68503937007875 60.37795275590551 39.68503937007874 9.921259842519685 qu’il
318.3307086614173 60.37795275590551 26.64566929133858 9.921259842519685 va
327.11811023622045 60.37795275590551 39.68503937007874 9.921259842519685 prendre

53.29133858267716 69.16535433070867 37.41732283464567 9.637795275590552 pour
76.53543307086615 69.16535433070867 60.94488188976378 9.637795275590552 manœuvrer
123.30708661417323 69.16535433070867 32.881889763779526 9.637795275590552 sur
142.01574803149606 69.16535433070867 28.062992125984252 9.637795275590552 la
156.18897637795277 69.16535433070867 37.41732283464567 9.637795275590552 rive
179.43307086614172 69.16535433070867 46.77165354330709 9.637795275590552 gauche
212.31496062992127 69.16535433070867 28.062992125984252 9.637795275590552 de
226.20472440944883 69.16535433070867 51.59055118110236 9.637795275590552 l’Elbe.
263.62204724409446 69.16535433070867 42.23622047244095 9.637795275590552 «Nous
291.68503937007875 69.16535433070867 46.77165354330709 9.637795275590552 tenons
319.748031496063 69.16535433070867 46.77165354330709 9.637795275590552 l’ennemi

53.00787401574803 78.23622047244095 44.22047244094488 9.921259842519685 comme
82.48818897637796 78.23622047244095 63.77952755905512 9.921259842519685 bloqué...
131.5275590551181 78.23622047244095 58.960629921259844 9.921259842519685 l’ennemi
175.46456692913387 78.23622047244095 24.661417322834644 9.921259842519685 a
185.38582677165354 78.23622047244095 44.22047244094488 9.921259842519685 perdu
214.86614173228347 78.23622047244095 29.480314960629922 9.921259842519685 du
229.60629921259843 78.23622047244095 44.22047244094488 9.921259842519685 monde
258.8031496062992 78.23622047244095 58.960629921259844 9.921259842519685 partout.
303.0236220472441 78.23622047244095 29.480314960629922 9.921259842519685 Ce
317.76377952755905 78.23622047244095 49.039370078740156 9.921259842519685 matin,
347.244094488189 78.23622047244095 19.559055118110237 9.921259842519685 le

53.29133858267716 87.30708661417323 42.23622047244095 9.070866141732283 canon
81.63779527559055 87.30708661417323 42.23622047244095 9.070866141732283 s'est
109.7007874015748 87.30708661417323 28.062992125984252 9.070866141732283 de
123.59055118110236 87.30708661417323 51.59055118110236 9.070866141732283 nouveau
161.00787401574803 87.30708661417323 37.41732283464567 9.070866141732283 fait
184.53543307086613 87.30708661417323 56.125984251968504 9.070866141732283 entendre
226.77165354330708 87.30708661417323 37.41732283464567 9.070866141732283 sous
250.01574803149606 87.30708661417323 70.2992125984252 9.070866141732283 Wittemberg.
306.1417322834646 87.30708661417323 28.062992125984252 9.070866141732283 Je
320.31496062992125 87.30708661417323 37.41732283464567 9.070866141732283 suis
339.0236220472441 87.30708661417323 28.062992125984252 9.070866141732283 bien

53.29133858267716 96.66141732283465 28.62992125984252 9.070866141732283 en
67.74803149606299 96.66141732283465 47.62204724409449 9.070866141732283 l’air,
100.91338582677166 96.66141732283465 28.62992125984252 9.070866141732283 et
115.08661417322834 96.66141732283465 56.976377952755904 9.070866141732283 l’ennemi
157.88976377952756 96.66141732283465 37.98425196850393 9.070866141732283 peut
181.70078740157481 96.66141732283465 37.98425196850393 9.070866141732283 d’un
205.51181102362204 96.66141732283465 47.62204724409449 9.070866141732283 moment
238.6771653543307 96.66141732283465 23.811023622047244 9.070866141732283 à
248.31496062992127 96.66141732283465 52.15748031496063 9.070866141732283 l’autre
286.2992125984252 96.66141732283465 61.79527559055118 9.070866141732283 déboucher
333.9212598425197 96.66141732283465 33.16535433070866 9.070866141732283 sur
348.09448818897636 96.66141732283465 18.992125984251967 9.070866141732283 ma

53.29133858267716 105.16535433070867 47.62204724409449 9.354330708661417 gauche
86.74015748031496 105.16535433070867 28.62992125984252 9.354330708661417 en
100.91338582677166 105.16535433070867 61.79527559055118 9.354330708661417 remontant
148.53543307086613 105.16535433070867 28.62992125984252 9.354330708661417 la
162.70866141732284 105.16535433070867 47.62204724409449 9.354330708661417 Mulde,
196.15748031496062 105.16535433070867 37.98425196850393 9.354330708661417 pour
219.96850393700788 105.16535433070867 28.62992125984252 9.354330708661417 me
234.14173228346456 105.16535433070867 47.62204724409449 9.354330708661417 forcer
267.59055118110234 105.16535433070867 23.811023622047244 9.354330708661417 à
276.9448818897638 105.16535433070867 28.62992125984252 9.354330708661417 la
291.11811023622045 105.16535433070867 71.43307086614173 9.354330708661417 retraite...
343.5590551181102 105.16535433070867 23.811023622047244 9.354330708661417 Les

53.574803149606296 114.51968503937007 57.54330708661417 9.070866141732283 Prussiens
97.79527559055119 114.51968503937007 30.89763779527559 9.070866141732283 ont
115.65354330708661 114.51968503937007 53.00787401574803 9.070866141732283 beaucoup
155.33858267716536 114.51968503937007 53.00787401574803 9.070866141732283 souffert
195.0236220472441 114.51968503937007 26.64566929133858 9.070866141732283 et
208.3464566929134 114.51968503937007 26.64566929133858 9.070866141732283 ce
221.66929133858267 114.51968503937007 39.68503937007874 9.070866141732283 n’est
248.03149606299212 114.51968503937007 30.89763779527559 9.070866141732283 pas
265.8897637795276 114.51968503937007 35.43307086614173 9.070866141732283 avec
287.7165354330709 114.51968503937007 44.22047244094488 9.070866141732283 70,000
318.8976377952756 114.51968503937007 44.22047244094488 9.070866141732283 hommes
345.25984251968504 114.51968503937007 22.11023622047244 9.070866141732283 que

54.14173228346457 123.02362204724409 26.362204724409448 9.354330708661417 le
67.46456692913385 123.02362204724409 44.22047244094488 9.354330708661417 prince
98.36220472440945 123.02362204724409 26.362204724409448 9.354330708661417 de
111.68503937007874 123.02362204724409 39.68503937007874 9.354330708661417 Suède
138.04724409448818 123.02362204724409 44.22047244094488 9.354330708661417 pourra
168.9448818897638 123.02362204724409 26.362204724409448 9.354330708661417 se
182.26771653543307 123.02362204724409 53.00787401574803 9.354330708661417 hasarder
221.95275590551182 123.02362204724409 48.47244094488189 9.354330708661417 d’aller
257.1023622047244 123.02362204724409 48.47244094488189 9.354330708661417 au-delà
292.53543307086613 123.02362204724409 26.362204724409448 9.354330708661417 de
305.5748031496063 123.02362204724409 53.00787401574803 9.354330708661417 Leipzig,
341.00787401574803 123.02362204724409 26.362204724409448 9.354330708661417 sans

54.425196850393704 131.5275590551181 50.74015748031496 10.204724409448819 risquer
91.2755905511811 131.5275590551181 27.496062992125985 10.204724409448819 de
104.88188976377953 131.5275590551181 45.92125984251968 10.204724409448819 courir
137.1968503937008 131.5275590551181 22.96062992125984 10.204724409448819 à
146.5511811023622 131.5275590551181 27.496062992125985 10.204724409448819 sa
160.15748031496062 131.5275590551181 45.92125984251968 10.204724409448819 ruine.
192.4724409448819 131.5275590551181 55.275590551181104 10.204724409448819 L’ennemi
233.85826771653544 131.5275590551181 55.275590551181104 10.204724409448819 manœuvre
275.244094488189 131.5275590551181 36.8503937007874 10.204724409448819 avec
298.20472440944883 131.5275590551181 27.496062992125985 10.204724409448819 la
312.09448818897636 131.5275590551181 36.8503937007874 10.204724409448819 plus
330.5196850393701 131.5275590551181 36.8503937007874 10.204724409448819 grande

53.85826771653543 140.88188976377953 87.59055118110236 9.354330708661417 circonspection,
127.55905511811024 140.88188976377953 27.77952755905512 9.354330708661417 il
141.4488188976378 140.88188976377953 46.20472440944882 9.354330708661417 craint
173.76377952755905 140.88188976377953 27.77952755905512 9.354330708661417 un
187.6535433070866 140.88188976377953 64.62992125984252 9.354330708661417 engagement
238.39370078740157 140.88188976377953 50.74015748031496 9.354330708661417 général
275.244094488189 140.88188976377953 36.8503937007874 9.354330708661417 avec
298.48818897637796 140.88188976377953 69.16535433070867 9.354330708661417 l’Empereur,
349.2283464566929 140.88188976377953 18.4251968503937 9.354330708661417 et

53.85826771653543 149.95275590551182 64.62992125984252 9.354330708661417 l’évitera,
104.5984251968504 149.95275590551182 22.96062992125984 9.354330708661417 à
113.66929133858268 149.95275590551182 41.38582677165354 9.354330708661417 moins
141.4488188976378 149.95275590551182 32.31496062992126 9.354330708661417 que
159.8740157480315 149.95275590551182 27.77952755905512 9.354330708661417 Sa
173.48031496062993 149.95275590551182 50.74015748031496 9.354330708661417 Majesté
210.33070866141733 149.95275590551182 27.77952755905512 9.354330708661417 ne
224.2204724409449 149.95275590551182 27.77952755905512 9.354330708661417 se
238.11023622047244 149.95275590551182 46.20472440944882 9.354330708661417 décide
270.4251968503937 149.95275590551182 22.96062992125984 9.354330708661417 à
279.496062992126 149.95275590551182 59.811023622047244 9.354330708661417 déboucher
320.88188976377955 149.95275590551182 46.20472440944882 9.354330708661417 prompte-

54.70866141732284 159.30708661417322 39.40157480314961 8.78740157480315 ment
79.37007874015748 159.30708661417322 34.58267716535433 8.78740157480315 par
94.11023622047244 159.30708661417322 68.88188976377953 8.78740157480315 Wittenberg.»

34.2992125984252 169.22834645669292 34.2992125984252 10.771653543307087 135
53.85826771653543 169.22834645669292 83.33858267716535 10.771653543307087 Nodier
122.45669291338582 169.22834645669292 68.5984251968504 10.771653543307087 (Charles),
176.5984251968504 169.22834645669292 53.85826771653543 10.771653543307087 éminent
215.71653543307087 169.22834645669292 63.77952755905512 10.771653543307087 écrivain,
264.755905511811 169.22834645669292 29.480314960629922 10.771653543307087 de
279.496062992126 169.22834645669292 53.85826771653543 10.771653543307087 l’Acad.
318.8976377952756 169.22834645669292 39.40157480314961 10.771653543307087 fr.,
343.2755905511811 169.22834645669292 29.480314960629922 10.771653543307087 né
353.1968503937008 169.22834645669292 14.740157480314961 10.771653543307087 à

52.724409448818896 179.71653543307087 72.85039370078741 10.488188976377952 Besançon.
108.85039370078741 179.71653543307087 28.062992125984252 10.488188976377952 —
119.90551181102362 179.71653543307087 33.732283464566926 10.488188976377952 L.
136.91338582677164 179.71653543307087 33.732283464566926 10.488188976377952 a.
153.63779527559055 179.71653543307087 39.118110236220474 10.488188976377952 s.;
176.03149606299212 179.71653543307087 56.125984251968504 10.488188976377952 Paris,
215.1496062992126 179.71653543307087 39.118110236220474 10.488188976377952 1er
237.54330708661416 179.71653543307087 50.45669291338583 10.488188976377952 avril
271.2755905511811 179.71653543307087 50.45669291338583 10.488188976377952 1832,
305.00787401574803 179.71653543307087 28.062992125984252 10.488188976377952 1
316.06299212598424 179.71653543307087 33.732283464566926 10.488188976377952 p.
327.40157480314963 179.71653543307087 39.118110236220474 10.488188976377952 in

38.267716535433074 189.92125984251967 267.59055118110234 8.503937007874017 Curieuse.
244.06299212598427 189.92125984251967 102.89763779527559 8.503937007874017 5
264.755905511811 189.92125984251967 102.89763779527559 8.503937007874017 ».)

34.58267716535433 201.54330708661416 30.89763779527559 11.05511811023622 136
52.44094488188976 201.54330708661416 74.83464566929133 11.05511811023622 Orange
113.95275590551181 201.54330708661416 52.724409448818896 11.05511811023622 (Maurice
153.35433070866142 201.54330708661416 26.362204724409448 11.05511811023622 de
166.6771653543307 201.54330708661416 79.08661417322834 11.05511811023622 Nassau,
232.44094488188978 201.54330708661416 43.93700787401575 11.05511811023622 prince
263.33858267716533 201.54330708661416 35.1496062992126 11.05511811023622 d'),
285.1653543307087 201.54330708661416 26.362204724409448 11.05511811023622 un
298.48818897637796 201.54330708661416 30.89763779527559 11.05511811023622 des
316.06299212598424 201.54330708661416 35.1496062992126 11.05511811023622 plus
333.6377952755906 201.54330708661416 35.1496062992126 11.05511811023622 grands

54.14173228346457 211.748031496063 75.96850393700787 11.05511811023622 capitaines
113.66929133858268 211.748031496063 32.59842519685039 11.05511811023622 de
130.11023622047244 211.748031496063 37.98425196850393 11.05511811023622 son
151.6535433070866 211.748031496063 54.14173228346457 11.05511811023622 temps,
189.63779527559055 211.748031496063 75.96850393700787 11.05511811023622 stathouder
249.16535433070865 211.748031496063 37.98425196850393 11.05511811023622 des
270.99212598425197 211.748031496063 70.58267716535433 11.05511811023622 Pays-Bas,
325.13385826771656 211.748031496063 43.37007874015748 11.05511811023622 fils
346.96062992125985 211.748031496063 21.543307086614174 11.05511811023622 de

53.85826771653543 221.95275590551182 146.26771653543307 10.488188976377952 Guillaume-le-Taciturne,
183.96850393700788 221.95275590551182 32.59842519685039 10.488188976377952 né
200.1259842519685 221.95275590551182 32.59842519685039 10.488188976377952 en
216.56692913385828 221.95275590551182 48.75590551181102 10.488188976377952 1567,
248.88188976377953 221.95275590551182 43.37007874015748 10.488188976377952 mort
276.09448818897636 221.95275590551182 32.59842519685039 10.488188976377952 en
292.251968503937 221.95275590551182 48.75590551181102 10.488188976377952 1625.
324.8503937007874 221.95275590551182 27.212598425196852 10.488188976377952 —
330.23622047244095 221.95275590551182 37.98425196850393 10.488188976377952 Pièce

50.173228346456696 232.15748031496062 81.63779527559055 10.771653543307087 sig.;
104.5984251968504 232.15748031496062 81.63779527559055 10.771653543307087 1591,
159.0236220472441 232.15748031496062 45.354330708661415 10.771653543307087 1
177.16535433070865 232.15748031496062 54.425196850393704 10.771653543307087 p.
204.3779527559055 232.15748031496062 99.77952755905511 10.771653543307087 in-fol.
276.9448818897638 232.15748031496062 72.56692913385827 10.771653543307087 obl.
322.2992125984252 232.15748031496062 54.425196850393704 10.771653543307087 20
340.4409448818898 232.15748031496062 27.212598425196852 10.771653543307087 »

35.1496062992126 246.04724409448818 32.031496062992126 11.05511811023622 137
53.29133858267716 246.04724409448818 68.5984251968504 11.05511811023622 Philippe
108.28346456692914 246.04724409448818 45.63779527559055 11.05511811023622 V,
140.03149606299212 246.04724409448818 32.031496062992126 11.05511811023622 roi
158.45669291338584 246.04724409448818 64.06299212598425 11.05511811023622 d’Espagne.
208.62992125984252 246.04724409448818 22.96062992125984 11.05511811023622 —
217.70078740157481 246.04724409448818 27.496062992125985 11.05511811023622 L.
231.59055118110237 246.04724409448818 27.496062992125985 11.05511811023622 a.
245.1968503937008 246.04724409448818 32.031496062992126 11.05511811023622 s.,
263.33858267716533 246.04724409448818 27.496062992125985 11.05511811023622 en
277.2283464566929 246.04724409448818 59.24409448818898 11.05511811023622 français,
322.86614173228344 246.04724409448818 22.96062992125984 11.05511811023622 à
327.40157480314963 246.04724409448818 41.10236220472441 11.05511811023622 l’Elec

54.425196850393704 255.11811023622047 40.53543307086614 11.905511811023622 teur
79.93700787401575 255.11811023622047 30.330708661417322 11.905511811023622 de
94.96062992125984 255.11811023622047 60.94488188976378 11.905511811023622 Bavière,
140.5984251968504 255.11811023622047 55.84251968503937 11.905511811023622 Madrid,
181.41732283464566 255.11811023622047 25.511811023622048 11.905511811023622 4
191.33858267716536 255.11811023622047 60.94488188976378 11.905511811023622 décembre
237.25984251968504 255.11811023622047 45.63779527559055 11.905511811023622 i705,
267.59055118110234 255.11811023622047 25.511811023622048 11.905511811023622 1
277.79527559055117 255.11811023622047 30.330708661417322 11.905511811023622 p.
292.81889763779526 255.11811023622047 45.63779527559055 11.905511811023622 in-4.
323.43307086614175 255.11811023622047 50.74015748031496 11.905511811023622 Cachet
353.76377952755905 255.11811023622047 15.307086614173228 11.905511811023622 à

48.75590551181102 266.74015748031496 74.55118110236221 8.503937007874017 ses
91.55905511811024 266.74015748031496 106.58267716535433 8.503937007874017 armes.
166.11023622047244 266.74015748031496 95.81102362204724 8.503937007874017 Belle
229.88976377952756 266.74015748031496 117.07086614173228 8.503937007874017 lettre.
314.92913385826773 266.74015748031496 63.77952755905512 8.503937007874017 60
336.18897637795277 266.74015748031496 32.031496062992126 8.503937007874017 »

35.71653543307087 279.21259842519686 31.46456692913386 10.488188976377952 138
53.85826771653543 279.21259842519686 85.60629921259843 10.488188976377952 Proudhon
125.85826771653544 279.21259842519686 54.14173228346457 10.488188976377952 (P.-J.),
166.39370078740157 279.21259842519686 26.929133858267715 10.488188976377952 le
180.0 279.21259842519686 49.60629921259842 10.488188976377952 célèbre
216.0 279.21259842519686 54.14173228346457 10.488188976377952 écrivain
256.53543307086613 279.21259842519686 67.74803149606299 10.488188976377952 socialiste.
310.6771653543307 279.21259842519686 22.677165354330707 10.488188976377952 —
319.748031496063 279.21259842519686 26.929133858267715 10.488188976377952 L.
333.3543307086614 279.21259842519686 26.929133858267715 10.488188976377952 a.
346.6771653543307 279.21259842519686 26.929133858267715 10.488188976377952 s.
355.748031496063 279.21259842519686 13.606299212598426 10.488188976377952 à

54.70866141732284 289.4173228346457 30.89763779527559 10.771653543307087 M.
70.01574803149606 289.4173228346457 51.59055118110236 10.771653543307087 Victor
106.2992125984252 289.4173228346457 66.89763779527559 10.771653543307087 Marchand;
157.60629921259843 289.4173228346457 51.59055118110236 10.771653543307087 Paris,
193.60629921259843 289.4173228346457 30.89763779527559 10.771653543307087 17
209.1968503937008 289.4173228346457 41.10236220472441 10.771653543307087 mars
234.99212598425197 289.4173228346457 46.488188976377955 10.771653543307087 1853,
265.8897637795276 289.4173228346457 25.79527559055118 10.771653543307087 1
276.09448818897636 289.4173228346457 30.89763779527559 10.771653543307087 p.
291.68503937007875 289.4173228346457 36.0 10.771653543307087 1/2
312.09448818897636 289.4173228346457 46.488188976377955 10.771653543307087 in-8.
342.99212598425197 289.4173228346457 30.89763779527559 10.771653543307087 34
353.4803149606299 289.4173228346457 15.590551181102363 10.771653543307087 »

64.06299212598425 301.6062992125984 72.0 7.653543307086614 Très-curieuse
123.30708661417323 301.6062992125984 46.488188976377955 7.653543307086614 lettre.
157.3228346456693 301.6062992125984 25.511811023622048 7.653543307086614 Il
170.07874015748033 301.6062992125984 46.488188976377955 7.653543307086614 connaît
203.81102362204723 301.6062992125984 25.511811023622048 7.653543307086614 le
216.56692913385828 301.6062992125984 37.98425196850393 7.653543307086614 livre
242.07874015748033 301.6062992125984 25.511811023622048 7.653543307086614 de
254.83464566929135 301.6062992125984 59.24409448818898 7.653543307086614 Buanorotti
301.3228346456693 301.6062992125984 25.511811023622048 7.653543307086614 et
314.0787401574803 301.6062992125984 21.25984251968504 7.653543307086614 a
322.5826771653543 301.6062992125984 25.511811023622048 7.653543307086614 lu
331.0866141732283 301.6062992125984 37.98425196850393 7.653543307086614 derniè-

56.40944881889764 310.3937007874016 41.10236220472441 9.637795275590552 rement
85.03937007874016 310.3937007874016 69.73228346456693 9.637795275590552 l'Histoire
142.58267716535434 310.3937007874016 24.661417322834644 9.637795275590552 de
154.77165354330708 310.3937007874016 24.661417322834644 9.637795275590552 la
167.24409448818898 310.3937007874016 65.76377952755905 9.637795275590552 conspiration
220.53543307086613 310.3937007874016 24.661417322834644 9.637795275590552 de
233.00787401574803 310.3937007874016 61.511811023622045 9.637795275590552 Babeuf,
282.3307086614173 310.3937007874016 28.62992125984252 9.637795275590552 par
298.7716535433071 310.3937007874016 24.661417322834644 9.637795275590552 un
310.96062992125985 310.3937007874016 36.8503937007874 9.637795275590552 nommé
331.65354330708664 310.3937007874016 36.8503937007874 9.637795275590552 Fleury,

55.84251968503937 319.18110236220474 36.0 9.637795275590552 jeune
79.93700787401575 319.18110236220474 48.188976377952756 9.637795275590552 écrivain
115.93700787401575 319.18110236220474 24.094488188976378 9.637795275590552 de
128.1259842519685 319.18110236220474 24.094488188976378 9.637795275590552 la
140.03149606299212 319.18110236220474 52.15748031496063 9.637795275590552 réaction.
180.28346456692913 319.18110236220474 36.0 9.637795275590552 Cette
204.3779527559055 319.18110236220474 48.188976377952756 9.637795275590552 histoire
240.3779527559055 319.18110236220474 28.062992125984252 9.637795275590552 n’a
256.53543307086613 319.18110236220474 32.031496062992126 9.637795275590552 fait
276.37795275590554 319.18110236220474 56.125984251968504 9.637795275590552 qu’ajouter
320.59842519685037 319.18110236220474 20.125984251968504 9.637795275590552 à
324.56692913385825 319.18110236220474 44.22047244094488 9.637795275590552 l’opinion

55.84251968503937 328.53543307086613 38.55118110236221 9.070866141732283 qu’il
81.63779527559055 328.53543307086613 38.55118110236221 9.070866141732283 avait
107.43307086614173 328.53543307086613 43.08661417322835 9.070866141732283 conçue
137.48031496062993 328.53543307086613 51.59055118110236 9.070866141732283 d’abord,
176.03149606299212 328.53543307086613 25.79527559055118 9.070866141732283 du
189.0708661417323 328.53543307086613 51.59055118110236 9.070866141732283 courage,
227.6220472440945 328.53543307086613 25.79527559055118 9.070866141732283 de
240.3779527559055 328.53543307086613 25.79527559055118 9.070866141732283 la
253.41732283464566 328.53543307086613 47.338582677165356 9.070866141732283 probité
287.7165354330709 328.53543307086613 25.79527559055118 9.070866141732283 et
300.755905511811 328.53543307086613 25.79527559055118 9.070866141732283 du
313.51181102362204 328.53543307086613 38.55118110236221 9.070866141732283 grand
335.0551181102362 328.53543307086613 34.2992125984252 9.070866141732283 carac-

56.125984251968504 337.03937007874015 34.2992125984252 9.637795275590552 tère
77.66929133858268 337.03937007874015 25.79527559055118 9.637795275590552 de
90.4251968503937 337.03937007874015 42.803149606299215 9.637795275590552 Babeuf
120.4724409448819 337.03937007874015 25.79527559055118 9.637795275590552 et
133.22834645669292 337.03937007874015 25.79527559055118 9.637795275590552 de
146.26771653543307 337.03937007874015 30.04724409448819 9.637795275590552 ses
163.2755905511811 337.03937007874015 38.55118110236221 9.637795275590552 amis.
189.0708661417323 337.03937007874015 25.79527559055118 9.637795275590552 Il
201.82677165354332 337.03937007874015 38.55118110236221 9.637795275590552 croit
227.6220472440945 337.03937007874015 25.79527559055118 9.637795275590552 ne
240.3779527559055 337.03937007874015 34.2992125984252 9.637795275590552 plus
261.9212598425197 337.03937007874015 34.2992125984252 9.637795275590552 rien
283.46456692913387 337.03937007874015 38.55118110236221 9.637795275590552 avoir
308.9763779527559 337.03937007874015 21.543307086614174 9.637795275590552 à
317.76377952755905 337.03937007874015 55.84251968503937 9.637795275590552 apprendre
356.31496062992125 337.03937007874015 12.755905511811024 9.637795275590552 à

55.55905511811024 345.8267716535433 28.913385826771652 9.921259842519685 ce
70.01574803149606 345.8267716535433 43.37007874015748 9.921259842519685 point
98.92913385826772 345.8267716535433 28.913385826771652 9.921259842519685 de
113.38582677165354 345.8267716535433 38.55118110236221 9.921259842519685 vue,
137.76377952755905 345.8267716535433 28.913385826771652 9.921259842519685 Il
152.2204724409449 345.8267716535433 38.55118110236221 9.921259842519685 n’en
176.31496062992127 345.8267716535433 33.732283464566926 9.921259842519685 est
195.59055118110237 345.8267716535433 33.732283464566926 9.921259842519685 pas
214.86614173228347 345.8267716535433 28.913385826771652 9.921259842519685 de
229.3228346456693 345.8267716535433 38.55118110236221 9.921259842519685 même
253.41732283464566 345.8267716535433 38.55118110236221 9.921259842519685 pour
277.51181102362204 345.8267716535433 28.913385826771652 9.921259842519685 ce
292.251968503937 345.8267716535433 33.732283464566926 9.921259842519685 qui
311.5275590551181 345.8267716535433 57.826771653543304 9.921259842519685 concerne
350.0787401574803 345.8267716535433 19.275590551181104 9.921259842519685 le

56.125984251968504 355.46456692913387 49.32283464566929 9.070866141732283 système
91.84251968503936 355.46456692913387 31.181102362204726 9.070866141732283 des
109.98425196850394 355.46456692913387 44.78740157480315 9.070866141732283 égaux,
141.16535433070865 355.46456692913387 26.929133858267715 9.070866141732283 et
154.48818897637796 355.46456692913387 26.929133858267715 9.070866141732283 la
168.09448818897638 355.46456692913387 58.110236220472444 9.070866141732283 politique
212.88188976377953 355.46456692913387 44.78740157480315 9.070866141732283 suivie
244.06299212598427 355.46456692913387 31.181102362204726 9.070866141732283 par
261.9212598425197 355.46456692913387 26.929133858267715 9.070866141732283 le
275.5275590551181 355.46456692913387 49.32283464566929 9.070866141732283 célèbre
306.70866141732284 355.46456692913387 62.645669291338585 9.070866141732283 conspirateur

55.84251968503937 363.9685039370079 33.44881889763779 9.637795275590552 dans
76.81889763779527 363.9685039370079 29.19685039370079 9.637795275590552 son
93.54330708661418 363.9685039370079 58.39370078740158 9.637795275590552 Orateur
139.46456692913387 363.9685039370079 24.944881889763778 9.637795275590552 du
151.93700787401573 363.9685039370079 62.645669291338585 9.637795275590552 Peuple.
202.11023622047244 363.9685039370079 20.976377952755904 9.637795275590552 A
210.33070866141733 363.9685039370079 24.944881889763778 9.637795275590552 ce
222.8031496062992 363.9685039370079 45.92125984251968 9.637795275590552 propos,
256.251968503937 363.9685039370079 24.944881889763778 9.637795275590552 il
268.7244094488189 363.9685039370079 45.92125984251968 9.637795275590552 établit
302.1732283464567 363.9685039370079 29.19685039370079 9.637795275590552 une
314.92913385826773 363.9685039370079 54.14173228346457 9.637795275590552 comparaison

56.40944881889764 373.03937007874015 39.118110236220474 7.653543307086614 entre
82.48818897637796 373.03937007874015 26.078740157480315 7.653543307086614 la
95.5275590551181 373.03937007874015 56.40944881889764 7.653543307086614 tentative
138.89763779527559 373.03937007874015 65.19685039370079 7.653543307086614 malheureuse
191.0551181102362 373.03937007874015 26.078740157480315 7.653543307086614 de
204.09448818897638 373.03937007874015 43.37007874015748 7.653543307086614 Babeuf
234.70866141732284 373.03937007874015 26.078740157480315 7.653543307086614 et
247.748031496063 373.03937007874015 30.330708661417322 7.653543307086614 les
265.03937007874015 373.03937007874015 60.94488188976378 7.653543307086614 événements
312.9448818897638 373.03937007874015 26.078740157480315 7.653543307086614 de
325.98425196850394 373.03937007874015 34.86614173228347 7.653543307086614 1848
343.2755905511811 373.03937007874015 26.078740157480315 7.653543307086614 d’où

56.976377952755904 381.8267716535433 26.362204724409448 9.354330708661417 il
70.2992125984252 381.8267716535433 35.1496062992126 9.354330708661417 tire
92.40944881889764 381.8267716535433 39.68503937007874 9.354330708661417 cette
118.77165354330708 381.8267716535433 66.04724409448819 9.354330708661417 conclusion:
171.49606299212599 381.8267716535433 30.89763779527559 9.354330708661417 Que
189.0708661417323 381.8267716535433 26.362204724409448 9.354330708661417 la
202.39370078740157 381.8267716535433 61.511811023622045 9.354330708661417 révolution
250.86614173228347 381.8267716535433 48.47244094488189 9.354330708661417 sociale
286.01574803149606 381.8267716535433 48.47244094488189 9.354330708661417 manquée
321.1653543307087 381.8267716535433 26.362204724409448 9.354330708661417 en
334.48818897637796 381.8267716535433 35.1496062992126 9.354330708661417 1848
352.06299212598424 381.8267716535433 17.5748031496063 9.354330708661417 ne

56.125984251968504 390.8976377952756 61.79527559055118 9.354330708661417 reviendra
103.74803149606299 390.8976377952756 33.16535433070866 9.354330708661417 pas
122.74015748031496 390.8976377952756 33.16535433070866 9.354330708661417 par
141.73228346456693 390.8976377952756 28.62992125984252 9.354330708661417 la
155.90551181102362 390.8976377952756 75.96850393700787 9.354330708661417 résurrection
217.70078740157481 390.8976377952756 33.16535433070866 9.354330708661417 des
236.69291338582678 390.8976377952756 47.62204724409449 9.354330708661417 hommes
269.8582677165354 390.8976377952756 66.61417322834646 9.354330708661417 politiques
322.01574803149606 390.8976377952756 33.16535433070866 9.354330708661417 qui
336.4724409448819 390.8976377952756 33.16535433070866 9.354330708661417 l'ont

56.40944881889764 399.68503937007875 55.275590551181104 9.354330708661417 manquée.
97.79527559055119 399.68503937007875 32.31496062992126 9.354330708661417 «Il
116.22047244094489 399.68503937007875 36.8503937007874 9.354330708661417 faut
139.1811023622047 399.68503937007875 27.77952755905512 9.354330708661417 la
153.0708661417323 399.68503937007875 41.38582677165354 9.354330708661417 faire
180.8503937007874 399.68503937007875 46.20472440944882 9.354330708661417 surgir
212.88188976377953 399.68503937007875 22.96062992125984 9.354330708661417 à
222.23622047244095 399.68503937007875 50.74015748031496 9.354330708661417 nouveau
259.0866141732283 399.68503937007875 27.77952755905512 9.354330708661417 du
272.9763779527559 399.68503937007875 36.8503937007874 9.354330708661417 fond
295.93700787401576 399.68503937007875 27.77952755905512 9.354330708661417 de
309.8267716535433 399.68503937007875 27.77952755905512 9.354330708661417 la
318.8976377952756 399.68503937007875 50.74015748031496 9.354330708661417 situation

56.69291338582677 408.4724409448819 56.69291338582677 9.354330708661417 présente.
100.06299212598425 408.4724409448819 26.078740157480315 9.354330708661417 Si
113.10236220472441 408.4724409448819 26.078740157480315 9.354330708661417 ce
126.14173228346456 408.4724409448819 39.118110236220474 9.354330708661417 n’est
152.2204724409449 408.4724409448819 30.330708661417322 9.354330708661417 pas
169.79527559055117 408.4724409448819 30.330708661417322 9.354330708661417 une
187.08661417322836 408.4724409448819 30.330708661417322 9.354330708661417 loi
204.66141732283464 408.4724409448819 47.90551181102362 9.354330708661417 absolue
239.24409448818898 408.4724409448819 26.078740157480315 9.354330708661417 de
252.28346456692913 408.4724409448819 65.19685039370079 9.354330708661417 l’histoire,
304.7244094488189 408.4724409448819 39.118110236220474 9.354330708661417 c’est
330.8031496062992 408.4724409448819 26.078740157480315 9.354330708661417 au
339.59055118110234 408.4724409448819 30.330708661417322 9.354330708661417 moins

56.125984251968504 418.1102362204724 30.89763779527559 8.78740157480315 une
73.98425196850394 418.1102362204724 26.64566929133858 8.78740157480315 de
87.30708661417323 418.1102362204724 30.89763779527559 8.78740157480315 ses
104.88188976377953 418.1102362204724 35.43307086614173 8.78740157480315 plus
126.99212598425197 418.1102362204724 48.75590551181102 8.78740157480315 grandes
158.17322834645668 418.1102362204724 70.86614173228347 8.78740157480315 probabilités.»

37.41732283464567 430.2992125984252 34.2992125984252 10.771653543307087 139
56.976377952755904 430.2992125984252 92.69291338582677 10.771653543307087 Proudhon
134.9291338582677 430.2992125984252 58.67716535433071 10.771653543307087 (P.-J.).
178.86614173228347 430.2992125984252 24.37795275590551 10.771653543307087 —
188.78740157480314 430.2992125984252 43.93700787401575 10.771653543307087 Pièce
217.98425196850394 430.2992125984252 43.93700787401575 10.771653543307087 aut.,
247.1811023622047 430.2992125984252 53.574803149606296 10.771653543307087 (1844),
286.2992125984252 430.2992125984252 29.19685039370079 10.771653543307087 17
301.03937007874015 430.2992125984252 29.19685039370079 10.771653543307087 p.
315.7795275590551 430.2992125984252 43.93700787401575 10.771653543307087 in-f.
344.9763779527559 430.2992125984252 29.19685039370079 10.771653543307087 17
354.61417322834643 430.2992125984252 14.740157480314961 10.771653543307087 »

66.04724409448819 442.7716535433071 49.32283464566929 8.78740157480315 Mémoire
102.04724409448819 442.7716535433071 49.32283464566929 8.78740157480315 relatif
137.76377952755905 442.7716535433071 22.393700787401574 8.78740157480315 à
146.5511811023622 442.7716535433071 26.929133858267715 8.78740157480315 un
160.15748031496062 442.7716535433071 58.110236220472444 8.78740157480315 différend
204.9448818897638 442.7716535433071 40.25196850393701 8.78740157480315 entre
231.59055118110237 442.7716535433071 31.46456692913386 8.78740157480315 MM.
249.73228346456693 442.7716535433071 53.574803149606296 8.78740157480315 Gauthier
289.98425196850394 442.7716535433071 49.32283464566929 8.78740157480315 frères,
321.1653543307087 442.7716535433071 49.32283464566929 8.78740157480315 entrepre-

57.826771653543304 451.5590551181102 40.53543307086614 8.78740157480315 neurs
85.03937007874016 451.5590551181102 27.212598425196852 8.78740157480315 de
98.64566929133858 451.5590551181102 63.21259842519685 8.78740157480315 transports
148.251968503937 451.5590551181102 31.748031496062993 8.78740157480315 par
166.39370078740157 451.5590551181102 36.28346456692913 8.78740157480315 eau,
188.78740157480314 451.5590551181102 22.677165354330707 8.78740157480315 à
197.85826771653544 451.5590551181102 40.53543307086614 8.78740157480315 Lyon,
225.0708661417323 451.5590551181102 31.748031496062993 8.78740157480315 MM.
243.21259842519686 451.5590551181102 49.60629921259842 8.78740157480315 Meunier
279.21259842519686 451.5590551181102 45.07086614173228 8.78740157480315 frères
310.96062992125985 451.5590551181102 27.212598425196852 8.78740157480315 et
324.56692913385825 451.5590551181102 27.212598425196852 8.78740157480315 la
333.3543307086614 451.5590551181102 36.28346456692913 8.78740157480315 Compa-

57.25984251968504 460.62992125984255 34.86614173228347 8.78740157480315 gnie
78.80314960629921 460.62992125984255 69.44881889763779 8.78740157480315 d’assurances
135.49606299212599 460.62992125984255 60.94488188976378 8.78740157480315 générales.
183.11811023622047 460.62992125984255 52.15748031496063 8.78740157480315 Proudhon
222.23622047244095 460.62992125984255 39.118110236220474 8.78740157480315 était
248.31496062992127 460.62992125984255 21.826771653543307 8.78740157480315 à
257.1023622047244 460.62992125984255 39.118110236220474 8.78740157480315 cette
283.18110236220474 460.62992125984255 43.37007874015748 8.78740157480315 époque
313.51181102362204 460.62992125984255 56.40944881889764 8.78740157480315 directeur
352.62992125984255 460.62992125984255 17.291338582677167 8.78740157480315 de

58.110236220472444 469.4173228346457 67.46456692913385 9.070866141732283 l'entreprise
112.81889763779527 469.4173228346457 25.228346456692915 9.070866141732283 de
125.5748031496063 469.4173228346457 29.480314960629922 9.070866141732283 MM.
142.29921259842519 469.4173228346457 50.45669291338583 9.070866141732283 Gautier,
180.28346456692913 469.4173228346457 29.480314960629922 9.070866141732283 ses
197.29133858267716 469.4173228346457 37.98425196850393 9.070866141732283 amis,
222.51968503937007 469.4173228346457 25.228346456692915 9.070866141732283 et
234.99212598425197 469.4173228346457 37.98425196850393 9.070866141732283 c'est
260.503937007874 469.4173228346457 20.976377952755904 9.070866141732283 à
268.7244094488189 469.4173228346457 25.228346456692915 9.070866141732283 ce
281.4803149606299 469.4173228346457 37.98425196850393 9.070866141732283 titre
306.70866141732284 469.4173228346457 37.98425196850393 9.070866141732283 qu’il
331.93700787401576 469.4173228346457 20.976377952755904 9.070866141732283 a
336.18897637795277 469.4173228346457 33.732283464566926 9.070866141732283 rédigé

57.826771653543304 478.7716535433071 28.062992125984252 6.803149606299213 ce
66.89763779527559 478.7716535433071 46.77165354330709 6.803149606299213 mémoire.

37.7007874015748 490.96062992125985 32.881889763779526 10.771653543307087 140
56.69291338582677 490.96062992125985 84.4724409448819 10.771653543307087 Regnard
126.99212598425197 490.96062992125985 60.94488188976378 10.771653543307087 (J.-Fr.),
173.76377952755905 490.96062992125985 28.062992125984252 10.771653543307087 un
187.93700787401573 490.96062992125985 32.881889763779526 10.771653543307087 des
206.64566929133858 490.96062992125985 60.94488188976378 10.771653543307087 meilleurs
253.41732283464566 490.96062992125985 46.77165354330709 10.771653543307087 poètes
286.2992125984252 490.96062992125985 56.40944881889764 10.771653543307087 comiques
324.0 490.96062992125985 46.77165354330709 10.771653543307087 français

57.25984251968504 501.1653543307087 30.330708661417322 10.488188976377952 du
72.56692913385827 501.1653543307087 45.63779527559055 10.488188976377952 XVIIe
102.89763779527559 501.1653543307087 55.55905511811024 10.488188976377952 siècle.
143.43307086614172 501.1653543307087 25.228346456692915 10.488188976377952 —
153.35433070866142 501.1653543307087 65.76377952755905 10.488188976377952 Fragments
204.09448818897638 501.1653543307087 40.53543307086614 10.488188976377952 aut.
229.3228346456693 501.1653543307087 60.661417322834644 10.488188976377952 extraits
274.96062992125985 501.1653543307087 30.330708661417322 10.488188976377952 de
289.98425196850394 501.1653543307087 35.43307086614173 10.488188976377952 ses
305.29133858267716 501.1653543307087 65.76377952755905 10.488188976377952 manuscrits,

41.95275590551181 511.65354330708664 102.61417322834646 10.204724409448819 2
82.77165354330708 511.65354330708664 123.30708661417323 10.204724409448819 p.
144.56692913385828 511.65354330708664 184.8188976377953 10.204724409448819 in-4.
267.87401574803147 511.65354330708664 123.30708661417323 10.204724409448819 15
308.9763779527559 511.65354330708664 61.511811023622045 10.204724409448819 »

38.83464566929134 524.1259842519685 28.346456692913385 10.488188976377952 141
54.99212598425197 524.1259842519685 77.10236220472441 10.488188976377952 Renaudin
119.90551181102362 524.1259842519685 24.37795275590551 10.488188976377952 (J
132.09448818897638 524.1259842519685 40.53543307086614 10.488188976377952 .-F.),
160.44094488188978 524.1259842519685 56.69291338582677 10.488188976377952 l’héroïque
204.9448818897638 524.1259842519685 52.724409448818896 10.488188976377952 capitaine
245.48031496062993 524.1259842519685 24.37795275590551 10.488188976377952 du
257.6692913385827 524.1259842519685 48.75590551181102 10.488188976377952 vaisseau
293.9527559055118 524.1259842519685 36.56692913385827 10.488188976377952 Le
314.3622047244094 524.1259842519685 56.69291338582677 10.488188976377952 Vengeur,

57.826771653543304 534.3307086614174 31.46456692913386 10.488188976377952 né
73.41732283464567 534.3307086614174 31.46456692913386 10.488188976377952 en
89.00787401574803 534.3307086614174 68.03149606299213 10.488188976377952 Saintonge
141.16535433070865 534.3307086614174 31.46456692913386 10.488188976377952 en
157.03937007874015 534.3307086614174 47.05511811023622 10.488188976377952 1757,
188.2204724409449 534.3307086614174 41.669291338582674 10.488188976377952 mort
214.29921259842519 534.3307086614174 31.46456692913386 10.488188976377952 en
230.17322834645668 534.3307086614174 47.05511811023622 10.488188976377952 1809.
261.3543307086614 534.3307086614174 26.078740157480315 10.488188976377952 —
271.84251968503935 534.3307086614174 47.05511811023622 10.488188976377952 Pièce
303.0236220472441 534.3307086614174 47.05511811023622 10.488188976377952 sig.;
334.48818897637796 534.3307086614174 26.078740157480315 10.488188976377952 à
339.59055118110234 534.3307086614174 31.46456692913386 10.488188976377952 bord

58.110236220472444 544.5354330708661 28.346456692913385 10.204724409448819 de
72.28346456692914 544.5354330708661 90.14173228346456 10.204724409448819 l’Océan,
148.251968503937 544.5354330708661 28.346456692913385 10.204724409448819 19
162.70866141732284 544.5354330708661 47.338582677165356 10.204724409448819 nivôse
195.8740157480315 544.5354330708661 28.346456692913385 10.204724409448819 an
210.04724409448818 544.5354330708661 37.98425196850393 10.204724409448819 VII,
233.85826771653544 544.5354330708661 23.811023622047244 10.204724409448819 1
243.21259842519686 544.5354330708661 28.346456692913385 10.204724409448819 p.
257.38582677165357 544.5354330708661 42.803149606299215 10.204724409448819 in-8.
286.01574803149606 544.5354330708661 75.96850393700787 10.204724409448819 Rare.
347.5275590551181 544.5354330708661 28.346456692913385 10.204724409448819 30
357.1653543307087 544.5354330708661 14.173228346456693 10.204724409448819 »

88.15748031496064 568.3464566929134 39.40157480314961 7.653543307086614 Rouen.
115.65354330708661 568.3464566929134 19.559055118110237 7.653543307086614 —
123.59055118110236 568.3464566929134 54.99212598425197 7.653543307086614 Imprimerie
166.96062992125985 568.3464566929134 23.52755905511811 7.653543307086614 J.
178.58267716535434 568.3464566929134 43.37007874015748 7.653543307086614 LECERF,
210.04724409448818 568.3464566929134 27.496062992125985 7.653543307086614 rue
225.92125984251967 568.3464566929134 27.496062992125985 7.653543307086614 des
241.51181102362204 568.3464566929134 66.89763779527559 7.653543307086614 Bons-Enfants,
292.81889763779526 568.3464566929134 31.46456692913386 7.653543307086614 46
