405.9212598425197 641.1968503937007
162.99212598425197 21.543307086614174 33.16535433070866 7.653543307086614 —
176.03149606299212 21.543307086614174 39.68503937007874 7.653543307086614 10
189.35433070866142 21.543307086614174 19.84251968503937 7.653543307086614 —

25.79527559055118 42.23622047244095 25.228346456692915 10.771653543307087 70
38.55118110236221 42.23622047244095 67.46456692913385 10.771653543307087 Guise
93.25984251968504 42.23622047244095 63.21259842519685 10.771653543307087 (Antoinette
143.71653543307087 42.23622047244095 25.228346456692915 10.771653543307087 de
156.4724409448819 42.23622047244095 113.66929133858268 10.771653543307087 Bourbon-Vendôme,
257.38582677165357 42.23622047244095 50.45669291338583 10.771653543307087 duchesse
295.37007874015745 42.23622047244095 33.732283464566926 10.771653543307087 de),
316.34645669291336 42.23622047244095 37.98425196850393 10.771653543307087 femme
337.6062992125984 42.23622047244095 16.724409448818896 10.771653543307087 de

39.40157480314961 52.724409448818896 52.44094488188976 10.488188976377952 Claude
76.25196850393701 52.724409448818896 31.46456692913386 10.488188976377952 de
92.1259842519685 52.724409448818896 68.31496062992126 10.488188976377952 Lorraine,
144.56692913385828 52.724409448818896 41.95275590551181 10.488188976377952 mère
170.9291338582677 52.724409448818896 36.8503937007874 10.488188976377952 des
191.90551181102362 52.724409448818896 52.44094488188976 10.488188976377952 Guise.
228.75590551181102 52.724409448818896 26.362204724409448 10.488188976377952 —
239.24409448818898 52.724409448818896 41.95275590551181 10.488188976377952 Let.
265.6062992125984 52.724409448818896 47.338582677165356 10.488188976377952 sig.;
291.68503937007875 52.724409448818896 63.21259842519685 10.488188976377952 Joinville,

37.7007874015748 62.645669291338585 42.23622047244095 10.488188976377952 28
58.960629921259844 62.645669291338585 56.125984251968504 10.488188976377952 mars
94.11023622047244 62.645669291338585 63.21259842519685 10.488188976377952 1533,
136.06299212598427 62.645669291338585 49.32283464566929 10.488188976377952 1/2
164.40944881889763 62.645669291338585 42.23622047244095 10.488188976377952 p.
185.38582677165354 62.645669291338585 63.21259842519685 10.488188976377952 in-f.
227.6220472440945 62.645669291338585 112.53543307086615 10.488188976377952 Rare.
318.8976377952756 62.645669291338585 42.23622047244095 10.488188976377952 20
333.07086614173227 62.645669291338585 20.976377952755904 10.488188976377952 »

26.362204724409448 72.85039370078741 24.37795275590551 10.488188976377952 71
38.55118110236221 72.85039370078741 93.25984251968504 10.488188976377952 Haussonville
119.62204724409449 72.85039370078741 48.75590551181102 10.488188976377952 (Louise,
155.90551181102362 72.85039370078741 52.724409448818896 10.488188976377952 princesse
196.44094488188978 72.85039370078741 24.37795275590551 10.488188976377952 de
208.62992125984252 72.85039370078741 77.10236220472441 10.488188976377952 Broglie,
273.54330708661416 72.85039370078741 48.75590551181102 10.488188976377952 comtesse
310.1102362204724 72.85039370078741 32.31496062992126 10.488188976377952 d’),
326.26771653543307 72.85039370078741 28.346456692913385 10.488188976377952 fille

39.68503937007874 83.05511811023622 33.16535433070866 10.488188976377952 du
56.125984251968504 83.05511811023622 38.55118110236221 10.488188976377952 duc
78.23622047244095 83.05511811023622 55.275590551181104 10.488188976377952 Victor
116.78740157480316 83.05511811023622 33.16535433070866 10.488188976377952 et
133.51181102362204 83.05511811023622 44.22047244094488 10.488188976377952 sœur
161.00787401574803 83.05511811023622 33.16535433070866 10.488188976377952 du
177.73228346456693 83.05511811023622 38.55118110236221 10.488188976377952 duc
199.84251968503938 83.05511811023622 55.275590551181104 10.488188976377952 Albert
238.39370078740157 83.05511811023622 33.16535433070866 10.488188976377952 de
254.83464566929135 83.05511811023622 66.33070866141732 10.488188976377952 Broglie,
304.7244094488189 83.05511811023622 49.60629921259842 10.488188976377952 femme
332.2204724409449 83.05511811023622 22.11023622047244 10.488188976377952 du

39.968503937007874 93.25984251968504 47.338582677165356 9.921259842519685 comte
71.71653543307086 93.25984251968504 94.39370078740157 9.921259842519685 d’Haussonville
150.23622047244095 93.25984251968504 94.39370078740157 9.921259842519685 l’académicien,
229.03937007874015 93.25984251968504 57.826771653543304 9.921259842519685 célèbre
270.99212598425197 93.25984251968504 73.41732283464567 9.921259842519685 romancière
323.43307086614175 93.25984251968504 31.46456692913386 9.921259842519685 con-

41.38582677165354 103.46456692913385 58.960629921259844 10.204724409448819 temporaine,
88.44094488188976 103.46456692913385 39.118110236220474 10.204724409448819 auteur
115.93700787401575 103.46456692913385 23.52755905511811 10.204724409448819 de
127.84251968503936 103.46456692913385 23.52755905511811 10.204724409448819 la
139.46456692913387 103.46456692913385 74.55118110236221 10.204724409448819 Jeunesse
202.11023622047244 103.46456692913385 23.52755905511811 10.204724409448819 et
214.01574803149606 103.46456692913385 27.496062992125985 10.204724409448819 des
229.60629921259843 103.46456692913385 62.645669291338585 10.204724409448819 Dernières
280.62992125984255 103.46456692913385 39.118110236220474 10.204724409448819 années
308.12598425196853 103.46456692913385 23.52755905511811 10.204724409448819 de
316.06299212598424 103.46456692913385 39.118110236220474 10.204724409448819 lord

40.53543307086614 113.66929133858268 79.65354330708661 9.637795275590552 Byron,
106.2992125984252 113.66929133858268 32.881889763779526 9.637795275590552 née
125.00787401574803 113.66929133858268 28.062992125984252 9.637795275590552 en
139.1811023622047 113.66929133858268 42.23622047244095 9.637795275590552 1818,
167.24409448818898 113.66929133858268 42.23622047244095 9.637795275590552 morte
195.30708661417322 113.66929133858268 65.76377952755905 9.637795275590552 récemment.
246.89763779527559 113.66929133858268 23.52755905511811 9.637795275590552 —
256.53543307086613 113.66929133858268 28.062992125984252 9.637795275590552 L.
270.4251968503937 113.66929133858268 28.062992125984252 9.637795275590552 a.
284.59842519685037 113.66929133858268 28.062992125984252 9.637795275590552 s.
298.48818897637796 113.66929133858268 23.52755905511811 9.637795275590552 à
308.12598425196853 113.66929133858268 32.881889763779526 9.637795275590552 Mme
322.01574803149606 113.66929133858268 32.881889763779526 9.637795275590552 Caro,

29.480314960629922 123.8740157480315 85.32283464566929 9.637795275590552 1
63.496062992125985 123.8740157480315 102.61417322834646 9.637795275590552 p.
114.80314960629921 123.8740157480315 119.62204724409449 9.637795275590552 1/2
183.11811023622047 123.8740157480315 153.92125984251967 9.637795275590552 in-8.
285.73228346456693 123.8740157480315 85.32283464566929 9.637795275590552 8
302.74015748031496 123.8740157480315 51.30708661417323 9.637795275590552 »

25.79527559055118 133.51181102362204 29.19685039370079 10.771653543307087 72
40.25196850393701 133.51181102362204 92.1259842519685 10.771653543307087 Hautpoul
117.92125984251969 133.51181102362204 34.01574803149607 10.771653543307087 (la
137.1968503937008 133.51181102362204 58.110236220472444 10.771653543307087 comtesse
180.8503937007874 133.51181102362204 38.83464566929134 10.771653543307087 d’),
205.22834645669292 133.51181102362204 53.29133858267716 10.771653543307087 célèbre
244.06299212598427 133.51181102362204 43.653543307086615 10.771653543307087 poète
272.9763779527559 133.51181102362204 29.19685039370079 10.771653543307087 et
287.7165354330709 133.51181102362204 72.85039370078741 10.771653543307087 romancière.
341.00787401574803 133.51181102362204 14.456692913385826 10.771653543307087 —

36.8503937007874 144.0 77.38582677165354 10.204724409448819 Pièce
88.44094488188976 144.0 77.38582677165354 10.204724409448819 sig.,
139.748031496063 144.0 77.38582677165354 10.204724409448819 1827,
191.33858267716536 144.0 43.08661417322835 10.204724409448819 1
208.62992125984252 144.0 51.59055118110236 10.204724409448819 p.
234.4251968503937 144.0 68.5984251968504 10.204724409448819 in-4
277.2283464566929 144.0 68.5984251968504 10.204724409448819 obl.
320.31496062992125 144.0 43.08661417322835 10.204724409448819 3
328.81889763779526 144.0 25.79527559055118 10.204724409448819 »

51.30708661417323 154.20472440944883 36.8503937007874 8.503937007874017 Reçu
74.26771653543307 154.20472440944883 27.496062992125985 8.503937007874017 de
88.15748031496064 154.20472440944883 27.496062992125985 8.503937007874017 la
101.76377952755905 154.20472440944883 41.38582677165354 8.503937007874017 somme
129.54330708661416 154.20472440944883 27.496062992125985 8.503937007874017 de
143.43307086614172 154.20472440944883 32.31496062992126 8.503937007874017 200
161.85826771653544 154.20472440944883 32.31496062992126 8.503937007874017 fr.
180.28346456692913 154.20472440944883 41.38582677165354 8.503937007874017 comme
207.7795275590551 154.20472440944883 50.74015748031496 8.503937007874017 secours
244.62992125984252 154.20472440944883 22.96062992125984 8.503937007874017 à
253.98425196850394 154.20472440944883 41.38582677165354 8.503937007874017 titre
276.9448818897638 154.20472440944883 78.23622047244095 8.503937007874017 d’encouragement

38.55118110236221 162.99212598425197 46.77165354330709 7.086614173228346 littéraire.

26.64566929133858 171.7795275590551 29.480314960629922 10.488188976377952 73
41.38582677165354 171.7795275590551 98.36220472440945 10.488188976377952 Havercamp
124.7244094488189 171.7795275590551 73.7007874015748 10.488188976377952 (Sigebert),
183.68503937007873 171.7795275590551 68.88188976377953 10.488188976377952 philosophe
237.82677165354332 171.7795275590551 29.480314960629922 10.488188976377952 et
252.56692913385828 171.7795275590551 63.77952755905512 10.488188976377952 numismate
296.78740157480314 171.7795275590551 58.960629921259844 10.488188976377952 hollandais

41.10236220472441 181.98425196850394 28.913385826771652 9.637795275590552 du
55.55905511811024 181.98425196850394 48.47244094488189 9.637795275590552 XVIIIe
89.5748031496063 181.98425196850394 53.29133858267716 9.637795275590552 siècle,
128.1259842519685 181.98425196850394 28.913385826771652 9.637795275590552 né
142.58267716535434 181.98425196850394 28.913385826771652 9.637795275590552 en
157.03937007874015 181.98425196850394 43.653543307086615 9.637795275590552 1663,
186.23622047244095 181.98425196850394 38.83464566929134 9.637795275590552 mort
210.33070866141733 181.98425196850394 28.913385826771652 9.637795275590552 en
224.78740157480314 181.98425196850394 48.47244094488189 9.637795275590552 1742.—
258.8031496062992 181.98425196850394 28.913385826771652 9.637795275590552 L.
273.25984251968504 181.98425196850394 28.913385826771652 9.637795275590552 a.
287.7165354330709 181.98425196850394 24.094488188976378 9.637795275590552 s
297.3543307086614 181.98425196850394 24.094488188976378 9.637795275590552 ,
306.99212598425197 181.98425196850394 28.913385826771652 9.637795275590552 en
316.9133858267717 181.98425196850394 38.83464566929134 9.637795275590552 latin,

40.818897637795274 192.18897637795277 26.64566929133858 10.488188976377952 à
51.59055118110236 192.18897637795277 32.031496062992126 10.488188976377952 P.
67.46456692913385 192.18897637795277 53.29133858267716 10.488188976377952 Sandi,
104.88188976377953 192.18897637795277 26.64566929133858 10.488188976377952 à
115.37007874015748 192.18897637795277 58.67716535433071 10.488188976377952 Padoue;
158.17322834645668 192.18897637795277 53.29133858267716 10.488188976377952 Leyde,
195.30708661417322 192.18897637795277 47.90551181102362 10.488188976377952 1723,
227.33858267716536 192.18897637795277 26.64566929133858 10.488188976377952 1
238.11023622047244 192.18897637795277 32.031496062992126 10.488188976377952 p.
253.98425196850394 192.18897637795277 47.90551181102362 10.488188976377952 in-4,
286.01574803149606 192.18897637795277 58.67716535433071 10.488188976377952 cachet.
328.53543307086613 192.18897637795277 32.031496062992126 10.488188976377952 13
339.3070866141732 192.18897637795277 15.874015748031496 10.488188976377952 »

26.929133858267715 202.39370078740157 28.913385826771652 10.488188976377952 74
41.38582677165354 202.39370078740157 91.84251968503936 10.488188976377952 Heinsius
118.77165354330708 202.39370078740157 53.00787401574803 10.488188976377952 (Nic.),
157.3228346456693 202.39370078740157 53.00787401574803 10.488188976377952 célèbre
196.15748031496062 202.39370078740157 72.56692913385827 10.488188976377952 philologue,
253.98425196850394 202.39370078740157 43.37007874015748 10.488188976377952 poète
282.8976377952756 202.39370078740157 43.37007874015748 10.488188976377952 latin
312.09448818897636 202.39370078740157 28.913385826771652 10.488188976377952 et
321.73228346456693 202.39370078740157 33.732283464566926 10.488188976377952 homme

41.10236220472441 212.31496062992127 49.889763779527556 9.637795275590552 d’Etat
75.96850393700787 212.31496062992127 74.83464566929133 9.637795275590552 hollandais,
135.7795275590551 212.31496062992127 89.5748031496063 9.637795275590552 bibliothécaire
210.61417322834646 212.31496062992127 29.763779527559056 9.637795275590552 de
225.63779527559055 212.31496062992127 64.91338582677166 9.637795275590552 Christine
275.5275590551181 212.31496062992127 29.763779527559056 9.637795275590552 de
290.26771653543307 212.31496062992127 49.889763779527556 9.637795275590552 Suède,
325.4173228346457 212.31496062992127 29.763779527559056 9.637795275590552 né
335.33858267716533 212.31496062992127 19.84251968503937 9.637795275590552 en

41.38582677165354 222.51968503937007 45.07086614173228 10.488188976377952 1620,
71.43307086614173 222.51968503937007 39.968503937007874 10.488188976377952 mort
96.37795275590551 222.51968503937007 30.04724409448819 10.488188976377952 en
111.4015748031496 222.51968503937007 45.07086614173228 10.488188976377952 1681.
141.4488188976378 222.51968503937007 24.944881889763778 10.488188976377952 —
151.37007874015748 222.51968503937007 30.04724409448819 10.488188976377952 L.
166.39370078740157 222.51968503937007 30.04724409448819 10.488188976377952 a.
181.41732283464566 222.51968503937007 34.86614173228347 10.488188976377952 s.,
201.25984251968504 222.51968503937007 30.04724409448819 10.488188976377952 en
216.28346456692913 222.51968503937007 49.889763779527556 10.488188976377952 latin,
251.1496062992126 222.51968503937007 24.944881889763778 10.488188976377952 à
261.07086614173227 222.51968503937007 34.86614173228347 10.488188976377952 Ch.
281.1968503937008 222.51968503937007 45.07086614173228 10.488188976377952 Dati;
306.1417322834646 222.51968503937007 49.889763779527556 10.488188976377952 Cologne,

35.1496062992126 232.7244094488189 55.275590551181104 10.204724409448819 4
57.25984251968504 232.7244094488189 88.15748031496064 10.204724409448819 fév.
112.53543307086615 232.7244094488189 99.21259842519684 10.204724409448819 1673,
178.58267716535434 232.7244094488189 55.275590551181104 10.204724409448819 2
200.69291338582678 232.7244094488189 66.33070866141732 10.204724409448819 p.
233.85826771653544 232.7244094488189 99.21259842519684 10.204724409448819 in-4.
299.90551181102364 232.7244094488189 66.33070866141732 10.204724409448819 35
322.01574803149606 232.7244094488189 33.16535433070866 10.204724409448819 »

51.59055118110236 242.9291338582677 70.01574803149606 9.070866141732283 Importante
109.41732283464567 242.9291338582677 57.54330708661417 9.070866141732283 lettre
154.48818897637796 242.9291338582677 32.881889763779526 9.070866141732283 pour
175.1811023622047 242.9291338582677 24.661417322834644 9.070866141732283 sa
187.37007874015748 242.9291338582677 61.79527559055118 9.070866141732283 biographie.
236.69291338582678 242.9291338582677 45.354330708661415 9.070866141732283 Pendant
269.5748031496063 242.9291338582677 57.54330708661417 9.070866141732283 l’invasion
314.92913385826773 242.9291338582677 28.913385826771652 9.070866141732283 des
327.11811023622045 242.9291338582677 28.913385826771652 9.070866141732283 Fran-

42.51968503937008 251.71653543307087 34.2992125984252 8.78740157480315 çais
64.06299212598425 251.71653543307087 25.79527559055118 8.78740157480315 en
76.81889763779527 251.71653543307087 55.84251968503937 8.78740157480315 Hollande,
119.90551181102362 251.71653543307087 25.79527559055118 8.78740157480315 il
132.66141732283464 251.71653543307087 21.543307086614174 8.78740157480315 a
141.16535433070865 251.71653543307087 25.79527559055118 8.78740157480315 dû
154.20472440944883 251.71653543307087 60.09448818897638 8.78740157480315 abandonner
201.54330708661416 251.71653543307087 68.5984251968504 8.78740157480315 l’université
257.1023622047244 251.71653543307087 25.79527559055118 8.78740157480315 de
270.1417322834646 251.71653543307087 38.55118110236221 8.78740157480315 Leyde
295.93700787401576 251.71653543307087 25.79527559055118 8.78740157480315 et
308.6929133858268 251.71653543307087 25.79527559055118 8.78740157480315 se
317.4803149606299 251.71653543307087 38.55118110236221 8.78740157480315 retirer

42.51968503937008 260.78740157480314 34.86614173228347 9.070866141732283 près
64.06299212598425 260.78740157480314 26.078740157480315 9.070866141732283 de
77.10236220472441 260.78740157480314 52.15748031496063 9.070866141732283 l’évêque
116.22047244094489 260.78740157480314 26.078740157480315 9.070866141732283 de
129.25984251968504 260.78740157480314 60.94488188976378 9.070866141732283 Paderborn,
177.16535433070865 260.78740157480314 26.078740157480315 9.070866141732283 où
190.20472440944883 260.78740157480314 26.078740157480315 9.070866141732283 il
203.24409448818898 260.78740157480314 21.826771653543307 9.070866141732283 a
212.03149606299212 260.78740157480314 34.86614173228347 9.070866141732283 pris
233.85826771653544 260.78740157480314 30.330708661417322 9.070866141732283 les
251.1496062992126 260.78740157480314 34.86614173228347 9.070866141732283 eaux
272.9763779527559 260.78740157480314 26.078740157480315 9.070866141732283 de
286.01574803149606 260.78740157480314 69.44881889763779 9.070866141732283 Lippspringe.
338.1732283464567 260.78740157480314 17.291338582677167 9.070866141732283 Il

42.803149606299215 269.5748031496063 37.98425196850393 9.070866141732283 n'est
68.31496062992126 269.5748031496063 42.23622047244095 9.070866141732283 arrivé
97.79527559055119 269.5748031496063 21.25984251968504 9.070866141732283 à
106.2992125984252 269.5748031496063 54.99212598425197 9.070866141732283 Francfort
148.53543307086613 269.5748031496063 50.74015748031496 9.070866141732283 qu'après
186.8031496062992 269.5748031496063 25.511811023622048 9.070866141732283 la
199.55905511811022 269.5748031496063 37.98425196850393 9.070866141732283 foire
224.78740157480314 269.5748031496063 29.763779527559056 9.070866141732283 aux
241.79527559055117 269.5748031496063 46.488188976377955 9.070866141732283 livres,
275.5275590551181 269.5748031496063 21.25984251968504 9.070866141732283 à
284.0314960629921 269.5748031496063 37.98425196850393 9.070866141732283 cause
309.54330708661416 269.5748031496063 25.511811023622048 9.070866141732283 du
318.0472440944882 269.5748031496063 37.98425196850393 9.070866141732283 passage

42.23622047244095 278.6456692913386 30.89763779527559 8.78740157480315 des
60.09448818897638 278.6456692913386 48.75590551181102 8.78740157480315 troupes
95.5275590551181 278.6456692913386 97.22834645669292 8.78740157480315 brandebourgeoises;
179.43307086614172 278.6456692913386 26.64566929133858 8.78740157480315 il
192.75590551181102 278.6456692913386 22.11023622047244 8.78740157480315 a
201.54330708661416 278.6456692913386 26.64566929133858 8.78740157480315 pu
214.86614173228347 278.6456692913386 57.54330708661417 8.78740157480315 cependant
259.0866141732283 278.6456692913386 26.64566929133858 8.78740157480315 se
272.40944881889766 278.6456692913386 53.00787401574803 8.78740157480315 procurer
312.09448818897636 278.6456692913386 30.89763779527559 8.78740157480315 les
325.4173228346457 278.6456692913386 30.89763779527559 8.78740157480315 notes

41.95275590551181 287.7165354330709 28.062992125984252 8.220472440944881 de
56.125984251968504 287.7165354330709 37.41732283464567 8.220472440944881 deux
79.65354330708661 287.7165354330709 51.59055118110236 8.220472440944881 savants
117.07086614173228 287.7165354330709 32.881889763779526 8.220472440944881 sur
135.7795275590551 287.7165354330709 46.77165354330709 8.220472440944881 Valère
168.66141732283464 287.7165354330709 46.77165354330709 8.220472440944881 Maxime
201.54330708661416 287.7165354330709 28.062992125984252 8.220472440944881 et
215.71653543307087 287.7165354330709 51.59055118110236 8.220472440944881 Sulpice
253.13385826771653 287.7165354330709 51.59055118110236 8.220472440944881 Sévère;
290.5511811023622 287.7165354330709 28.062992125984252 8.220472440944881 il
304.7244094488189 287.7165354330709 23.52755905511811 8.220472440944881 y
314.0787401574803 287.7165354330709 23.52755905511811 8.220472440944881 a
323.43307086614175 287.7165354330709 28.062992125984252 8.220472440944881 vu
332.78740157480314 287.7165354330709 23.52755905511811 8.220472440944881 les

41.95275590551181 296.2204724409449 59.24409448818898 8.78740157480315 électeurs
87.59055118110236 296.2204724409449 27.212598425196852 8.78740157480315 de
101.19685039370079 296.2204724409449 50.173228346456696 8.78740157480315 Mayence
137.48031496062993 296.2204724409449 27.212598425196852 8.78740157480315 et
151.08661417322836 296.2204724409449 27.212598425196852 8.78740157480315 de
164.9763779527559 296.2204724409449 72.85039370078741 8.78740157480315 Brandebourg,
223.93700787401573 296.2204724409449 27.212598425196852 8.78740157480315 le
237.54330708661416 296.2204724409449 31.748031496062993 8.78740157480315 duc
255.96850393700788 296.2204724409449 27.212598425196852 8.78740157480315 de
269.5748031496063 296.2204724409449 59.24409448818898 8.78740157480315 Lorraine.
314.92913385826773 296.2204724409449 27.212598425196852 8.78740157480315 De
328.81889763779526 296.2204724409449 27.212598425196852 8.78740157480315 là
337.8897637795276 296.2204724409449 18.141732283464567 8.78740157480315 il

42.51968503937008 305.29133858267716 38.55118110236221 10.204724409448819 s’est
68.31496062992126 305.29133858267716 43.08661417322835 10.204724409448819 dirigé
98.36220472440945 305.29133858267716 30.04724409448819 10.204724409448819 sur
115.37007874015748 305.29133858267716 64.34645669291339 10.204724409448819 Heidelberg,
166.96062992125985 305.29133858267716 34.2992125984252 10.204724409448819 près
188.50393700787401 305.29133858267716 60.09448818897638 10.204724409448819 l’électeur
235.84251968503938 305.29133858267716 51.59055118110236 10.204724409448819 palatin;
274.3937007874016 305.29133858267716 25.79527559055118 10.204724409448819 il
287.43307086614175 305.29133858267716 21.543307086614174 10.204724409448819 a
295.93700787401576 305.29133858267716 43.08661417322835 10.204724409448819 visité
321.73228346456693 305.29133858267716 34.2992125984252 10.204724409448819 Spire,

42.51968503937008 314.0787401574803 47.62204724409449 8.78740157480315 Worms,
75.96850393700787 314.0787401574803 52.44094488188976 8.78740157480315 Mayence
113.95275590551181 314.0787401574803 28.62992125984252 8.78740157480315 et
128.1259842519685 314.0787401574803 66.61417322834646 8.78740157480315 Wiesbaden.
180.56692913385828 314.0787401574803 28.62992125984252 8.78740157480315 Il
194.74015748031496 314.0787401574803 23.811023622047244 8.78740157480315 a
204.3779527559055 314.0787401574803 61.79527559055118 8.78740157480315 rencontré
252.0 314.0787401574803 23.811023622047244 8.78740157480315 à
261.3543307086614 314.0787401574803 52.44094488188976 8.78740157480315 Cologne
299.62204724409446 314.0787401574803 28.62992125984252 8.78740157480315 le
308.9763779527559 314.0787401574803 47.62204724409449 8.78740157480315 ministre

42.23622047244095 323.1496062992126 27.496062992125985 8.503937007874017 de
55.84251968503937 323.1496062992126 45.63779527559055 8.503937007874017 Prusse
87.8740157480315 323.1496062992126 59.24409448818898 8.503937007874017 Spanheim,
128.9763779527559 323.1496062992126 27.496062992125985 8.503937007874017 etc.

27.77952755905512 331.65354330708664 23.811023622047244 10.204724409448819 75
39.68503937007874 331.65354330708664 47.62204724409449 10.204724409448819 Henri
75.4015748031496 331.65354330708664 47.62204724409449 10.204724409448819 III,
110.83464566929133 331.65354330708664 27.77952755905512 10.204724409448819 roi
126.70866141732283 331.65354330708664 23.811023622047244 10.204724409448819 de
138.61417322834646 331.65354330708664 51.59055118110236 10.204724409448819 Castille,
178.29921259842519 331.65354330708664 47.62204724409449 10.204724409448819 sursommé
213.73228346456693 331.65354330708664 83.05511811023622 10.204724409448819 l’Infirme,
285.1653543307087 331.65354330708664 31.748031496062993 10.204724409448819 fils
304.7244094488189 331.65354330708664 23.811023622047244 10.204724409448819 de
316.62992125984255 331.65354330708664 31.748031496062993 10.204724409448819 Jean
332.503937007874 331.65354330708664 23.811023622047244 10.204724409448819 Ier,

41.38582677165354 341.8582677165354 33.732283464566926 11.622047244094489 né
58.39370078740158 341.8582677165354 28.062992125984252 11.622047244094489 à
69.44881889763779 341.8582677165354 56.125984251968504 11.622047244094489 Burgos
108.85039370078741 341.8582677165354 33.732283464566926 11.622047244094489 en
125.5748031496063 341.8582677165354 50.45669291338583 11.622047244094489 1379,
159.30708661417322 341.8582677165354 45.07086614173228 11.622047244094489 mort
187.37007874015748 341.8582677165354 33.732283464566926 11.622047244094489 en
204.3779527559055 341.8582677165354 50.45669291338583 11.622047244094489 1406.
238.11023622047244 341.8582677165354 28.062992125984252 11.622047244094489 —
249.16535433070865 341.8582677165354 45.07086614173228 11.622047244094489 Let.
277.51181102362204 341.8582677165354 45.07086614173228 11.622047244094489 sig.
305.5748031496063 341.8582677165354 33.732283464566926 11.622047244094489 au
316.62992125984255 341.8582677165354 39.40157480314961 11.622047244094489 grand

41.95275590551181 352.06299212598424 54.99212598425197 10.488188976377952 amiral
80.22047244094489 352.06299212598424 49.60629921259842 10.488188976377952 Diego
113.38582677165354 352.06299212598424 60.661417322834644 10.488188976377952 Furtado
157.3228346456693 352.06299212598424 32.881889763779526 10.488188976377952 de
173.76377952755905 352.06299212598424 66.04724409448819 10.488188976377952 Mendoza;
223.37007874015748 352.06299212598424 82.48818897637796 10.488188976377952 Guadayerma,
289.4173228346457 352.06299212598424 27.496062992125985 10.488188976377952 5
300.4724409448819 352.06299212598424 43.93700787401575 10.488188976377952 mai,
327.9685039370079 352.06299212598424 27.496062992125985 10.488188976377952 1
333.3543307086614 352.06299212598424 22.11023622047244 10.488188976377952 p.

39.118110236220474 360.56692913385825 63.496062992125985 9.921259842519685 in-4
78.80314960629921 360.56692913385825 63.496062992125985 9.921259842519685 obl.
118.48818897637796 360.56692913385825 79.08661417322834 9.921259842519685 Sceau.
173.76377952755905 360.56692913385825 166.39370078740157 9.921259842519685 Très-rare.
316.34645669291336 360.56692913385825 47.62204724409449 9.921259842519685 60
332.2204724409449 360.56692913385825 23.811023622047244 9.921259842519685 »

28.346456692913385 372.4724409448819 23.52755905511811 9.921259842519685 76
40.25196850393701 372.4724409448819 46.77165354330709 9.921259842519685 Henri
75.4015748031496 372.4724409448819 43.08661417322835 9.921259842519685 IV,
106.58267716535433 372.4724409448819 27.212598425196852 9.921259842519685 roi
122.1732283464567 372.4724409448819 23.52755905511811 9.921259842519685 de
133.79527559055117 372.4724409448819 50.74015748031496 9.921259842519685 Castille,
172.91338582677164 372.4724409448819 46.77165354330709 9.921259842519685 surnommé
208.06299212598427 372.4724409448819 93.8267716535433 9.921259842519685 l’Impuissant,
290.26771653543307 372.4724409448819 31.181102362204726 9.921259842519685 fils
309.8267716535433 372.4724409448819 23.52755905511811 9.921259842519685 de
321.4488188976378 372.4724409448819 31.181102362204726 9.921259842519685 Jean
337.03937007874015 372.4724409448819 19.559055118110237 9.921259842519685 II,

42.23622047244095 382.6771653543307 44.22047244094488 10.204724409448819 frère
71.71653543307086 382.6771653543307 68.88188976377953 10.204724409448819 d’Isabelle
125.85826771653544 382.6771653543307 29.480314960629922 10.204724409448819 de
140.5984251968504 382.6771653543307 64.06299212598425 10.204724409448819 Castille,
189.63779527559055 382.6771653543307 34.2992125984252 10.204724409448819 qui
209.48031496062993 382.6771653543307 34.2992125984252 10.204724409448819 lui
229.03937007874015 382.6771653543307 58.960629921259844 10.204724409448819 succéda,
273.25984251968504 382.6771653543307 29.480314960629922 10.204724409448819 né
288.0 382.6771653543307 29.480314960629922 10.204724409448819 en
302.74015748031496 382.6771653543307 44.22047244094488 10.204724409448819 1425,
327.40157480314963 382.6771653543307 29.480314960629922 10.204724409448819 mort

42.23622047244095 392.88188976377955 30.330708661417322 10.204724409448819 en
57.54330708661417 392.88188976377955 45.63779527559055 10.204724409448819 1471.
87.8740157480315 392.88188976377955 25.511811023622048 10.204724409448819 —
98.07874015748031 392.88188976377955 40.53543307086614 10.204724409448819 Let.
123.59055118110236 392.88188976377955 40.53543307086614 10.204724409448819 sig.
148.8188976377953 392.88188976377955 25.511811023622048 10.204724409448819 à
159.0236220472441 392.88188976377955 50.74015748031496 10.204724409448819 Alvaro
194.45669291338584 392.88188976377955 50.74015748031496 10.204724409448819 Gomez,
229.88976377952756 392.88188976377955 35.43307086614173 10.204724409448819 son
250.29921259842519 392.88188976377955 71.14960629921259 10.204724409448819 conseiller
306.1417322834646 392.88188976377955 30.330708661417322 10.204724409448819 et
316.34645669291336 392.88188976377955 40.53543307086614 10.204724409448819 secré-

41.95275590551181 403.0866141732283 56.125984251968504 10.204724409448819 taire;
81.35433070866142 403.0866141732283 61.79527559055118 10.204724409448819 Madrid,
126.14173228346456 403.0866141732283 28.062992125984252 10.204724409448819 4
137.48031496062993 403.0866141732283 45.07086614173228 10.204724409448819 déc.
165.54330708661416 403.0866141732283 50.45669291338583 10.204724409448819 1463,
199.2755905511811 403.0866141732283 39.40157480314961 10.204724409448819 3/4
221.66929133858267 403.0866141732283 33.732283464566926 10.204724409448819 de
238.6771653543307 403.0866141732283 33.732283464566926 10.204724409448819 p.
255.4015748031496 403.0866141732283 50.45669291338583 10.204724409448819 in-4.
289.13385826771656 403.0866141732283 56.125984251968504 10.204724409448819 Sceau.
328.53543307086613 403.0866141732283 33.732283464566926 10.204724409448819 35
339.87401574803147 403.0866141732283 16.724409448818896 10.204724409448819 »

28.062992125984252 414.4251968503937 28.62992125984252 10.488188976377952 77
42.51968503937008 414.4251968503937 85.88976377952756 10.488188976377952 Henrion
113.95275590551181 414.4251968503937 52.44094488188976 10.488188976377952 (Paul),
152.2204724409449 414.4251968503937 71.71653543307086 10.488188976377952 compositeur
209.48031496062993 414.4251968503937 28.62992125984252 10.488188976377952 de
223.93700787401573 414.4251968503937 52.44094488188976 10.488188976377952 musique
261.9212598425197 414.4251968503937 81.07086614173228 10.488188976377952 contemporain,
328.81889763779526 414.4251968503937 28.62992125984252 10.488188976377952 né
338.45669291338584 414.4251968503937 18.992125984251967 10.488188976377952 en

40.25196850393701 424.62992125984255 66.33070866141732 10.204724409448819 1818.
84.4724409448819 424.62992125984255 36.8503937007874 10.204724409448819 —
99.21259842519684 424.62992125984255 44.22047244094488 10.204724409448819 L.
121.32283464566929 424.62992125984255 44.22047244094488 10.204724409448819 a.
143.43307086614172 424.62992125984255 51.59055118110236 10.204724409448819 s.,
172.91338582677164 424.62992125984255 36.8503937007874 10.204724409448819 3
187.6535433070866 424.62992125984255 44.22047244094488 10.204724409448819 p.
209.48031496062993 424.62992125984255 66.33070866141732 10.204724409448819 in-8.
253.70078740157481 424.62992125984255 95.81102362204724 10.204724409448819 Curieuse.
327.40157480314963 424.62992125984255 36.8503937007874 10.204724409448819 3
334.7716535433071 424.62992125984255 22.11023622047244 10.204724409448819 »

28.62992125984252 435.9685039370079 26.362204724409448 11.622047244094489 78
41.669291338582674 435.9685039370079 78.80314960629921 11.622047244094489 Hersent
107.43307086614173 435.9685039370079 52.724409448818896 11.622047244094489 (Louis),
146.83464566929135 435.9685039370079 48.188976377952756 11.622047244094489 célèbre
181.98425196850394 435.9685039370079 48.188976377952756 11.622047244094489 peintre
216.8503937007874 435.9685039370079 65.76377952755905 11.622047244094489 d’histoire,
269.5748031496063 435.9685039370079 26.362204724409448 11.622047244094489 de
282.61417322834643 435.9685039370079 65.76377952755905 11.622047244094489 l’Institut.
335.33858267716533 435.9685039370079 21.826771653543307 11.622047244094489 —
339.59055118110234 435.9685039370079 17.5748031496063 11.622047244094489 L.

42.51968503937008 446.1732283464567 30.89763779527559 10.204724409448819 a.
57.826771653543304 446.1732283464567 30.89763779527559 10.204724409448819 s.
73.41732283464567 446.1732283464567 25.79527559055118 10.204724409448819 à
83.62204724409449 446.1732283464567 30.89763779527559 10.204724409448819 M.
99.21259842519684 446.1732283464567 51.59055118110236 10.204724409448819 David,
135.21259842519686 446.1732283464567 72.0 10.204724409448819 secrétaire
191.6220472440945 446.1732283464567 56.69291338582677 10.204724409448819 général
232.7244094488189 446.1732283464567 36.0 10.204724409448819 des
253.41732283464566 446.1732283464567 61.79527559055118 10.204724409448819 Douanes,
299.62204724409446 446.1732283464567 46.20472440944882 10.204724409448819 1820,
330.5196850393701 446.1732283464567 25.79527559055118 10.204724409448819 1
335.62204724409446 446.1732283464567 20.69291338582677 10.204724409448819 p.

30.614173228346456 456.37795275590554 120.18897637795276 10.204724409448819 1/2
99.49606299212599 456.37795275590554 137.1968503937008 10.204724409448819 pet.
185.10236220472441 456.37795275590554 154.48818897637796 10.204724409448819 in-4.
288.2834645669291 456.37795275590554 85.88976377952756 10.204724409448819 4
305.29133858267716 456.37795275590554 51.59055118110236 10.204724409448819 »

28.913385826771652 467.7165354330709 26.929133858267715 10.204724409448819 79
42.51968503937008 467.7165354330709 85.60629921259843 10.204724409448819 Hervilly
114.51968503937007 467.7165354330709 49.60629921259842 10.204724409448819 (Ernest
150.51968503937007 467.7165354330709 36.0 10.204724409448819 d’),
173.1968503937008 467.7165354330709 67.46456692913385 10.204724409448819 littérateur
227.0551181102362 467.7165354330709 26.929133858267715 10.204724409448819 et
240.66141732283464 467.7165354330709 45.07086614173228 10.204724409448819 auteur
272.12598425196853 467.7165354330709 67.46456692913385 10.204724409448819 dramatique,
321.73228346456693 467.7165354330709 36.0 10.204724409448819 auteur

44.22047244094488 477.9212598425197 25.511811023622048 9.921259842519685 de
56.976377952755904 477.9212598425197 38.267716535433074 9.921259842519685 la
82.48818897637796 477.9212598425197 38.267716535433074 9.921259842519685 Belle
107.71653543307086 477.9212598425197 67.74803149606299 9.921259842519685 Saïnara.
162.99212598425197 477.9212598425197 21.25984251968504 9.921259842519685 —
171.49606299212599 477.9212598425197 25.511811023622048 9.921259842519685 L.
184.251968503937 477.9212598425197 25.511811023622048 9.921259842519685 a.
197.00787401574803 477.9212598425197 29.763779527559056 9.921259842519685 s.,
213.73228346456693 477.9212598425197 25.511811023622048 9.921259842519685 en
226.48818897637796 477.9212598425197 38.267716535433074 9.921259842519685 vers,
252.0 477.9212598425197 21.25984251968504 9.921259842519685 à
260.503937007874 477.9212598425197 25.511811023622048 9.921259842519685 M.
273.25984251968504 477.9212598425197 54.99212598425197 9.921259842519685 Bridault,
315.496062992126 477.9212598425197 38.267716535433074 9.921259842519685 1879,
336.755905511811 477.9212598425197 21.25984251968504 9.921259842519685 1/2

35.1496062992126 488.12598425196853 84.18897637795276 9.921259842519685 p.
77.10236220472441 488.12598425196853 126.14173228346456 9.921259842519685 in-8.
161.29133858267716 488.12598425196853 182.26771653543307 9.921259842519685 Curieuse.
301.3228346456693 488.12598425196853 70.01574803149606 9.921259842519685 4
315.496062992126 488.12598425196853 41.95275590551181 9.921259842519685 »

28.62992125984252 499.18110236220474 28.62992125984252 10.488188976377952 80
43.08661417322835 499.18110236220474 100.34645669291339 10.488188976377952 Holstenius
128.9763779527559 499.18110236220474 47.62204724409449 10.488188976377952 (Luc),
162.4251968503937 499.18110236220474 43.08661417322835 10.488188976377952 grand
191.0551181102362 499.18110236220474 52.44094488188976 10.488188976377952 érudit,
229.03937007874015 499.18110236220474 85.88976377952756 10.488188976377952 bibliothécaire
300.755905511811 499.18110236220474 28.62992125984252 10.488188976377952 du
310.3937007874016 499.18110236220474 47.62204724409449 10.488188976377952 Vatican,

43.653543307086615 509.38582677165357 28.62992125984252 9.921259842519685 né
58.110236220472444 509.38582677165357 28.62992125984252 9.921259842519685 en
72.28346456692914 509.38582677165357 42.803149606299215 9.921259842519685 1596,
100.91338582677166 509.38582677165357 37.98425196850393 9.921259842519685 mort
124.7244094488189 509.38582677165357 28.62992125984252 9.921259842519685 en
138.89763779527559 509.38582677165357 42.803149606299215 9.921259842519685 1661.
167.5275590551181 509.38582677165357 23.811023622047244 9.921259842519685 —
177.16535433070865 509.38582677165357 23.811023622047244 9.921259842519685 2
186.51968503937007 509.38582677165357 28.62992125984252 9.921259842519685 l.
200.9763779527559 509.38582677165357 28.62992125984252 9.921259842519685 a.
215.1496062992126 509.38582677165357 28.62992125984252 9.921259842519685 s.
229.3228346456693 509.38582677165357 28.62992125984252 9.921259842519685 et
243.7795275590551 509.38582677165357 23.811023622047244 9.921259842519685 1
253.13385826771653 509.38582677165357 37.98425196850393 9.921259842519685 let.
276.9448818897638 509.38582677165357 37.98425196850393 9.921259842519685 aut.
300.755905511811 509.38582677165357 28.62992125984252 9.921259842519685 en
315.21259842519686 509.38582677165357 47.62204724409449 9.921259842519685 latin,
343.84251968503935 509.38582677165357 14.173228346456693 9.921259842519685 à

43.37007874015748 519.5905511811023 66.04724409448819 10.204724409448819 Ferdinand
94.11023622047244 519.5905511811023 30.330708661417322 10.204724409448819 de
109.41732283464567 519.5905511811023 76.25196850393701 10.204724409448819 Furstenberg
170.36220472440945 519.5905511811023 30.330708661417322 10.204724409448819 et
185.38582677165354 519.5905511811023 30.330708661417322 10.204724409448819 au
200.69291338582678 519.5905511811023 60.94488188976378 10.204724409448819 cardinal
246.33070866141733 519.5905511811023 50.74015748031496 10.204724409448819 Ghisi;
281.76377952755905 519.5905511811023 45.63779527559055 10.204724409448819 1653,
312.37795275590554 519.5905511811023 25.511811023622048 10.204724409448819 4
322.5826771653543 519.5905511811023 30.330708661417322 10.204724409448819 p.
332.503937007874 519.5905511811023 25.511811023622048 10.204724409448819 in-

41.38582677165354 529.7952755905512 58.960629921259844 10.488188976377952 fol.
78.23622047244095 529.7952755905512 44.22047244094488 10.488188976377952 et
100.34645669291339 529.7952755905512 36.8503937007874 10.488188976377952 2
115.08661417322834 529.7952755905512 44.22047244094488 10.488188976377952 p.
136.91338582677164 529.7952755905512 51.59055118110236 10.488188976377952 1/2
166.39370078740157 529.7952755905512 66.33070866141732 10.488188976377952 in-4.
210.61417322834646 529.7952755905512 132.3779527559055 10.488188976377952 Intéressantes.
320.88188976377955 529.7952755905512 44.22047244094488 10.488188976377952 18
335.62204724409446 529.7952755905512 22.11023622047244 10.488188976377952 »

28.913385826771652 540.8503937007874 28.346456692913385 11.905511811023622 81
43.08661417322835 540.8503937007874 84.75590551181102 11.905511811023622 Hommius
113.66929133858268 540.8503937007874 61.22834645669291 11.905511811023622 (Festus),
160.7244094488189 540.8503937007874 51.874015748031496 11.905511811023622 célèbre
198.4251968503937 540.8503937007874 70.58267716535433 11.905511811023622 théologien,
254.83464566929135 540.8503937007874 56.40944881889764 11.905511811023622 ministre
297.07086614173227 540.8503937007874 23.52755905511811 11.905511811023622 à
306.4251968503937 540.8503937007874 47.05511811023622 11.905511811023622 Leyde,
334.7716535433071 540.8503937007874 23.52755905511811 11.905511811023622 qui

43.37007874015748 551.3385826771654 30.04724409448819 10.488188976377952 se
58.39370078740158 551.3385826771654 64.91338582677166 10.488188976377952 distingua
108.56692913385827 551.3385826771654 30.04724409448819 10.488188976377952 en
123.59055118110236 551.3385826771654 60.09448818897638 10.488188976377952 Hollande
168.3779527559055 551.3385826771654 39.968503937007874 10.488188976377952 dans
193.60629921259843 551.3385826771654 30.04724409448819 10.488188976377952 la
208.62992125984252 551.3385826771654 54.99212598425197 10.488188976377952 dispute
248.5984251968504 551.3385826771654 35.1496062992126 10.488188976377952 des
268.4409448818898 551.3385826771654 70.01574803149606 10.488188976377952 Gomaristes
323.43307086614175 551.3385826771654 30.04724409448819 10.488188976377952 et
333.6377952755906 551.3385826771654 24.944881889763778 10.488188976377952 des

43.08661417322835 561.2598425196851 74.83464566929133 10.204724409448819 Arminiens,
101.76377952755905 561.2598425196851 53.29133858267716 10.204724409448819 auteur
139.1811023622047 561.2598425196851 74.83464566929133 10.204724409448819 d’ouvrages
198.14173228346456 561.2598425196851 32.031496062992126 10.204724409448819 de
214.01574803149606 561.2598425196851 85.60629921259843 10.204724409448819 controverse,
283.46456692913387 561.2598425196851 74.83464566929133 10.204724409448819 secrétaire
337.03937007874015 561.2598425196851 21.25984251968504 10.204724409448819 du

43.93700787401575 571.4645669291339 49.889763779527556 10.771653543307087 synode
79.08661417322834 571.4645669291339 30.04724409448819 10.771653543307087 de
93.8267716535433 571.4645669291339 64.91338582677166 10.771653543307087 Dordrecht
143.71653543307087 571.4645669291339 30.04724409448819 10.771653543307087 en
158.74015748031496 571.4645669291339 44.78740157480315 10.771653543307087 1618,
188.78740157480314 571.4645669291339 30.04724409448819 10.771653543307087 né
203.81102362204723 571.4645669291339 30.04724409448819 10.771653543307087 en
218.5511811023622 571.4645669291339 44.78740157480315 10.771653543307087 1576.
248.5984251968504 571.4645669291339 24.944881889763778 10.771653543307087 —
258.5196850393701 571.4645669291339 30.04724409448819 10.771653543307087 L.
273.54330708661416 571.4645669291339 30.04724409448819 10.771653543307087 a.
288.56692913385825 571.4645669291339 34.86614173228347 10.771653543307087 s.,
308.40944881889766 571.4645669291339 30.04724409448819 10.771653543307087 en
318.3307086614173 571.4645669291339 39.968503937007874 10.771653543307087 latin,

43.93700787401575 581.6692913385826 25.511811023622048 10.771653543307087 à
54.14173228346457 581.6692913385826 55.84251968503937 10.771653543307087 Sibrand
94.67716535433071 581.6692913385826 55.84251968503937 10.771653543307087 Lubbert
135.49606299212599 581.6692913385826 60.94488188976378 10.771653543307087 (célèbre
181.13385826771653 581.6692913385826 55.84251968503937 10.771653543307087 docteur
221.66929133858267 581.6692913385826 30.614173228346456 10.771653543307087 en
236.9763779527559 581.6692913385826 71.14960629921259 10.771653543307087 théologie,
292.81889763779526 581.6692913385826 71.14960629921259 10.771653543307087 professeur
343.5590551181102 581.6692913385826 15.307086614173228 10.771653543307087 à
