403.65354330708664 651.6850393700787
172.62992125984252 20.409448818897637 35.43307086614173 16.15748031496063 —
186.8031496062992 20.409448818897637 35.43307086614173 16.15748031496063 9
193.88976377952756 20.409448818897637 21.25984251968504 16.15748031496063 —

33.16535433070866 47.62204724409449 28.062992125984252 10.488188976377952 61
47.338582677165356 47.62204724409449 75.11811023622047 10.488188976377952 Gondi
108.28346456692914 47.62204724409449 60.94488188976378 10.488188976377952 (Alphonse
155.33858267716536 47.62204724409449 37.7007874015748 10.488188976377952 de),
178.86614173228347 47.62204724409449 75.11811023622047 10.488188976377952 surintendant
239.81102362204723 47.62204724409449 28.062992125984252 10.488188976377952 de
253.98425196850394 47.62204724409449 28.062992125984252 10.488188976377952 la
268.15748031496065 47.62204724409449 47.05511811023622 10.488188976377952 maison
301.03937007874015 47.62204724409449 28.062992125984252 10.488188976377952 de
310.3937007874016 47.62204724409449 51.59055118110236 10.488188976377952 Catherine

47.90551181102362 57.826771653543304 30.89763779527559 10.771653543307087 de
63.21259842519685 57.826771653543304 61.79527559055118 10.771653543307087 Médicis,
109.7007874015748 57.826771653543304 41.10236220472441 10.771653543307087 mort
135.49606299212599 57.826771653543304 25.79527559055118 10.771653543307087 à
145.70078740157481 57.826771653543304 56.69291338582677 10.771653543307087 Avignon
186.8031496062992 57.826771653543304 30.89763779527559 10.771653543307087 en
202.39370078740157 57.826771653543304 46.488188976377955 10.771653543307087 1574.
233.29133858267716 57.826771653543304 25.79527559055118 10.771653543307087 —
243.49606299212599 57.826771653543304 51.59055118110236 10.771653543307087 Quitt.
279.496062992126 57.826771653543304 41.10236220472441 10.771653543307087 sig.
305.29133858267716 57.826771653543304 36.0 10.771653543307087 sur
320.88188976377955 57.826771653543304 41.10236220472441 10.771653543307087 vélin,

37.13385826771653 68.03149606299213 146.26771653543307 9.637795275590552 1570,
134.64566929133858 68.03149606299213 130.11023622047244 9.637795275590552 in-8
215.71653543307087 68.03149606299213 130.11023622047244 9.637795275590552 obl.
297.07086614173227 68.03149606299213 81.35433070866142 9.637795275590552 5
313.2283464566929 68.03149606299213 48.75590551181102 9.637795275590552 »

56.976377952755904 78.23622047244095 36.28346456692913 9.354330708661417 Reçu
79.65354330708661 78.23622047244095 27.212598425196852 9.354330708661417 de
93.25984251968504 78.23622047244095 27.212598425196852 9.354330708661417 la
106.86614173228347 78.23622047244095 40.818897637795274 9.354330708661417 somme
134.36220472440945 78.23622047244095 27.212598425196852 9.354330708661417 de
147.96850393700788 78.23622047244095 36.28346456692913 9.354330708661417 deux
170.64566929133858 78.23622047244095 40.818897637795274 9.354330708661417 cents
197.85826771653544 78.23622047244095 45.354330708661415 9.354330708661417 livres
229.88976377952756 78.23622047244095 59.24409448818898 9.354330708661417 tournois,
275.244094488189 78.23622047244095 36.28346456692913 9.354330708661417 pour
297.9212598425197 78.23622047244095 31.748031496062993 9.354330708661417 ses
311.81102362204723 78.23622047244095 50.173228346456696 9.354330708661417 appointe-

48.47244094488189 87.30708661417323 41.38582677165354 9.354330708661417 ments
75.96850393700787 87.30708661417323 41.38582677165354 9.354330708661417 comme
103.74803149606299 87.30708661417323 46.20472440944882 9.354330708661417 maître
136.06299212598427 87.30708661417323 50.74015748031496 9.354330708661417 d’hôtel
172.91338582677164 87.30708661417323 27.77952755905512 9.354330708661417 de
186.8031496062992 87.30708661417323 27.77952755905512 9.354330708661417 la
200.69291338582678 87.30708661417323 41.38582677165354 9.354330708661417 reine
228.18897637795277 87.30708661417323 27.77952755905512 9.354330708661417 de
242.07874015748033 87.30708661417323 55.275590551181104 9.354330708661417 Navarre,
283.46456692913387 87.30708661417323 50.74015748031496 9.354330708661417 pendant
320.59842519685037 87.30708661417323 32.31496062992126 9.354330708661417 les
334.20472440944883 87.30708661417323 27.77952755905512 9.354330708661417 mois

48.75590551181102 96.09448818897638 47.05511811023622 8.78740157480315 d’avril
83.05511811023622 96.09448818897638 21.543307086614174 8.78740157480315 à
91.55905511811024 96.09448818897638 55.84251968503937 8.78740157480315 septembre
130.11023622047244 96.09448818897638 30.04724409448819 8.78740157480315 1570.

33.44881889763779 104.88188976377953 27.77952755905512 10.771653543307087 62
47.338582677165356 104.88188976377953 83.05511811023622 10.771653543307087 Grævius
116.50393700787401 104.88188976377953 55.55905511811024 10.771653543307087 (J.-G.),
158.17322834645668 104.88188976377953 50.74015748031496 10.771653543307087 célèbre
195.0236220472441 104.88188976377953 64.62992125984252 10.771653543307087 philologue
246.04724409448818 104.88188976377953 27.77952755905512 10.771653543307087 et
259.65354330708664 104.88188976377953 46.20472440944882 10.771653543307087 érudit
292.251968503937 104.88188976377953 60.09448818897638 10.771653543307087 allemand,
333.6377952755906 104.88188976377953 27.77952755905512 10.771653543307087 fixé

47.90551181102362 115.08661417322834 30.89763779527559 10.771653543307087 en
63.21259842519685 115.08661417322834 61.79527559055118 10.771653543307087 Hollande
109.7007874015748 115.08661417322834 30.89763779527559 10.771653543307087 où
125.00787401574803 115.08661417322834 30.89763779527559 10.771653543307087 il
140.5984251968504 115.08661417322834 51.59055118110236 10.771653543307087 devint
176.5984251968504 115.08661417322834 92.69291338582677 10.771653543307087 historiographe
253.98425196850394 115.08661417322834 30.89763779527559 10.771653543307087 de
269.29133858267716 115.08661417322834 30.89763779527559 10.771653543307087 la
284.88188976377955 115.08661417322834 51.59055118110236 10.771653543307087 maison
320.88188976377955 115.08661417322834 30.89763779527559 10.771653543307087 de
331.0866141732283 115.08661417322834 30.89763779527559 10.771653543307087 Nas-

48.188976377952756 125.5748031496063 39.118110236220474 9.921259842519685 sau,
72.56692913385827 125.5748031496063 29.480314960629922 9.921259842519685 né
87.30708661417323 125.5748031496063 29.480314960629922 9.921259842519685 en
102.04724409448819 125.5748031496063 44.22047244094488 9.921259842519685 1622,
131.5275590551181 125.5748031496063 39.118110236220474 9.921259842519685 mort
155.90551181102362 125.5748031496063 29.480314960629922 9.921259842519685 en
170.64566929133858 125.5748031496063 49.039370078740156 9.921259842519685 1703.—
204.9448818897638 125.5748031496063 29.480314960629922 9.921259842519685 L.
219.68503937007873 125.5748031496063 29.480314960629922 9.921259842519685 a.
234.4251968503937 125.5748031496063 34.2992125984252 9.921259842519685 s.,
253.98425196850394 125.5748031496063 29.480314960629922 9.921259842519685 en
268.7244094488189 125.5748031496063 49.039370078740156 9.921259842519685 latin,
303.0236220472441 125.5748031496063 24.37795275590551 9.921259842519685 à
312.66141732283467 125.5748031496063 34.2992125984252 9.921259842519685 Ch.
327.40157480314963 125.5748031496063 34.2992125984252 9.921259842519685 Dati;

47.90551181102362 135.7795275590551 72.0 10.204724409448819 Amsterdam,
104.5984251968504 135.7795275590551 46.488188976377955 10.204724409448819 1668,
135.49606299212599 135.7795275590551 25.79527559055118 10.204724409448819 2
145.70078740157481 135.7795275590551 30.89763779527559 10.204724409448819 p.
161.29133858267716 135.7795275590551 36.0 10.204724409448819 1/2
181.70078740157481 135.7795275590551 46.488188976377955 10.204724409448819 in-4.
212.5984251968504 135.7795275590551 46.488188976377955 10.204724409448819 Belle
243.49606299212599 135.7795275590551 30.89763779527559 10.204724409448819 et
259.0866141732283 135.7795275590551 82.48818897637796 10.204724409448819 intéressante
320.88188976377955 135.7795275590551 41.10236220472441 10.204724409448819 lettre

33.732283464566926 145.70078740157481 289.13385826771656 8.503937007874017 littéraire.
265.03937007874015 145.70078740157481 115.65354330708661 8.503937007874017 15
303.59055118110234 145.70078740157481 57.826771653543304 8.503937007874017 »

33.16535433070866 155.90551181102362 28.062992125984252 10.488188976377952 63
47.338582677165356 155.90551181102362 65.76377952755905 10.488188976377952 Granier
98.92913385826772 155.90551181102362 28.062992125984252 10.488188976377952 de
113.10236220472441 155.90551181102362 79.65354330708661 10.488188976377952 Cassagnac
178.86614173228347 155.90551181102362 42.23622047244095 10.488188976377952 (A.),
206.9291338582677 155.90551181102362 65.76377952755905 10.488188976377952 publiciste
258.5196850393701 155.90551181102362 28.062992125984252 10.488188976377952 et
272.6929133858268 155.90551181102362 65.76377952755905 10.488188976377952 historien.
324.2834645669291 155.90551181102362 23.52755905511811 10.488188976377952 —
333.6377952755906 155.90551181102362 28.062992125984252 10.488188976377952 L.
342.99212598425197 155.90551181102362 18.708661417322833 10.488188976377952 a.

47.338582677165356 166.11023622047244 32.59842519685039 10.488188976377952 s.
63.496062992125985 166.11023622047244 27.212598425196852 10.488188976377952 à
74.26771653543307 166.11023622047244 32.59842519685039 10.488188976377952 M.
90.70866141732283 166.11023622047244 32.59842519685039 10.488188976377952 de
106.86614173228347 166.11023622047244 64.91338582677166 10.488188976377952 Calonne,
155.6220472440945 166.11023622047244 59.52755905511811 10.488188976377952 (1856),
198.99212598425197 166.11023622047244 27.212598425196852 10.488188976377952 2
210.04724409448818 166.11023622047244 32.59842519685039 10.488188976377952 p.
226.20472440944883 166.11023622047244 54.14173228346457 10.488188976377952 in-18.
264.18897637795277 166.11023622047244 48.75590551181102 10.488188976377952 Jolie
296.78740157480314 166.11023622047244 59.52755905511811 10.488188976377952 lettre.
340.15748031496065 166.11023622047244 27.212598425196852 10.488188976377952 4
345.54330708661416 166.11023622047244 16.15748031496063 10.488188976377952 »

33.732283464566926 177.4488188976378 24.661417322834644 10.204724409448819 64
45.92125984251968 177.4488188976378 82.20472440944881 10.204724409448819 Granvelle
115.65354330708661 177.4488188976378 49.32283464566929 10.204724409448819 (Antoine
152.78740157480314 177.4488188976378 82.20472440944881 10.204724409448819 Perrenot,
222.51968503937007 177.4488188976378 49.32283464566929 10.204724409448819 cardinal
259.65354330708664 177.4488188976378 32.881889763779526 10.204724409448819 de),
280.06299212598424 177.4488188976378 45.07086614173228 10.204724409448819 premier
312.9448818897638 177.4488188976378 49.32283464566929 10.204724409448819 ministre
345.8267716535433 177.4488188976378 16.440944881889763 10.204724409448819 de

47.62204724409449 187.6535433070866 87.59055118110236 10.488188976377952 Charles-Quint
119.62204724409449 187.6535433070866 30.89763779527559 10.488188976377952 et
135.21259842519686 187.6535433070866 30.89763779527559 10.488188976377952 de
150.51968503937007 187.6535433070866 61.79527559055118 10.488188976377952 Philippe
197.00787401574803 187.6535433070866 36.0 10.488188976377952 II,
217.70078740157481 187.6535433070866 51.59055118110236 10.488188976377952 évêque
253.70078740157481 187.6535433070866 61.79527559055118 10.488188976377952 d’Arras,
300.18897637795277 187.6535433070866 30.89763779527559 10.488188976377952 né
315.496062992126 187.6535433070866 30.89763779527559 10.488188976377952 en
325.98425196850394 187.6535433070866 36.0 10.488188976377952 1517,

48.188976377952756 197.85826771653544 41.10236220472441 10.488188976377952 mort
73.98425196850394 197.85826771653544 30.89763779527559 10.488188976377952 en
89.29133858267717 197.85826771653544 51.59055118110236 10.488188976377952 1586.—
125.29133858267717 197.85826771653544 30.89763779527559 10.488188976377952 L.
140.88188976377953 197.85826771653544 30.89763779527559 10.488188976377952 a.
156.18897637795277 197.85826771653544 30.89763779527559 10.488188976377952 s.
171.49606299212599 197.85826771653544 25.79527559055118 10.488188976377952 à
181.98425196850394 197.85826771653544 51.59055118110236 10.488188976377952 Matheo
217.98425196850394 197.85826771653544 61.79527559055118 10.488188976377952 Varquez,
264.18897637795277 197.85826771653544 72.0 10.488188976377952 secrétaire
320.88188976377955 197.85826771653544 30.89763779527559 10.488188976377952 de
331.0866141732283 197.85826771653544 30.89763779527559 10.488188976377952 Phi-

48.47244094488189 207.7795275590551 39.118110236220474 10.488188976377952 lippe
74.26771653543307 207.7795275590551 30.330708661417322 10.488188976377952 II;
91.84251968503936 207.7795275590551 47.62204724409449 10.488188976377952 Madrid,
126.4251968503937 207.7795275590551 26.078740157480315 10.488188976377952 24
139.46456692913387 207.7795275590551 34.58267716535433 10.488188976377952 mars
161.00787401574803 207.7795275590551 39.118110236220474 10.488188976377952 1582,
187.08661417322836 207.7795275590551 21.543307086614174 10.488188976377952 1
195.8740157480315 207.7795275590551 26.078740157480315 10.488188976377952 p.
208.91338582677164 207.7795275590551 30.330708661417322 10.488188976377952 1/2
226.20472440944883 207.7795275590551 39.118110236220474 10.488188976377952 in-f.
252.28346456692913 207.7795275590551 47.62204724409449 10.488188976377952 Cachet.
286.86614173228344 207.7795275590551 47.62204724409449 10.488188976377952 Rare
317.1968503937008 207.7795275590551 43.37007874015748 10.488188976377952 aut.

33.44881889763779 218.26771653543307 289.98425196850394 9.354330708661417 sig.
265.3228346456693 218.26771653543307 115.93700787401575 9.354330708661417 70
303.87401574803147 218.26771653543307 58.110236220472444 9.354330708661417 »

56.69291338582677 228.18897637795277 47.90551181102362 8.78740157480315 Superbe
91.55905511811024 228.18897637795277 47.90551181102362 8.78740157480315 lettre.
126.4251968503937 228.18897637795277 26.078740157480315 8.78740157480315 En
139.46456692913387 228.18897637795277 61.22834645669291 8.78740157480315 récompense
187.6535433070866 228.18897637795277 26.078740157480315 8.78740157480315 de
200.69291338582678 228.18897637795277 30.614173228346456 8.78740157480315 ses
218.26771653543307 228.18897637795277 52.44094488188976 8.78740157480315 services
257.38582677165357 228.18897637795277 26.078740157480315 8.78740157480315 et
270.4251968503937 228.18897637795277 26.078740157480315 8.78740157480315 de
283.748031496063 228.18897637795277 34.86614173228347 8.78740157480315 ceux
305.5748031496063 228.18897637795277 26.078740157480315 8.78740157480315 de
318.61417322834643 228.18897637795277 30.614173228346456 8.78740157480315 son
331.65354330708664 228.18897637795277 30.614173228346456 8.78740157480315 frère

47.62204724409449 237.25984251968504 52.44094488188976 8.503937007874017 Antoine
85.88976377952756 237.25984251968504 28.62992125984252 8.503937007874017 de
100.06299212598425 237.25984251968504 66.89763779527559 8.503937007874017 Chantonay,
152.50393700787401 237.25984251968504 28.62992125984252 8.503937007874017 le
166.96062992125985 237.25984251968504 33.44881889763779 8.503937007874017 roi
185.95275590551182 237.25984251968504 52.44094488188976 8.503937007874017 accorde
224.2204724409449 237.25984251968504 23.811023622047244 8.503937007874017 à
233.85826771653544 237.25984251968504 33.44881889763779 8.503937007874017 son
252.8503937007874 237.25984251968504 42.803149606299215 8.503937007874017 neveu
281.4803149606299 237.25984251968504 28.62992125984252 8.503937007874017 le
295.65354330708664 237.25984251968504 42.803149606299215 8.503937007874017 comte
324.2834645669291 237.25984251968504 28.62992125984252 8.503937007874017 de
333.9212598425197 237.25984251968504 28.62992125984252 8.503937007874017 Can-

48.47244094488189 246.04724409448818 51.023622047244096 8.78740157480315 tecroy,
85.32283464566929 246.04724409448818 27.77952755905512 8.78740157480315 la
99.49606299212599 246.04724409448818 69.44881889763779 8.78740157480315 commanderie
155.0551181102362 246.04724409448818 74.26771653543307 8.78740157480315 d’Esparagoça
215.1496062992126 246.04724409448818 27.77952755905512 8.78740157480315 de
224.50393700787401 246.04724409448818 37.13385826771653 8.78740157480315 Lares.

32.881889763779526 256.251968503937 27.496062992125985 9.921259842519685 65
46.488188976377955 256.251968503937 82.20472440944881 9.921259842519685 Grenier
115.08661417322834 256.251968503937 41.10236220472441 9.921259842519685 (A.),
142.58267716535434 256.251968503937 50.173228346456696 9.921259842519685 célèbre
179.1496062992126 256.251968503937 45.63779527559055 9.921259842519685 acteur
211.1811023622047 256.251968503937 27.496062992125985 9.921259842519685 du
224.78740157480314 256.251968503937 50.173228346456696 9.921259842519685 théâtre
261.3543307086614 256.251968503937 32.031496062992126 9.921259842519685 des
279.7795275590551 256.251968503937 59.52755905511811 9.921259842519685 Variétés.
325.4173228346457 256.251968503937 22.96062992125984 9.921259842519685 —
334.48818897637796 256.251968503937 27.496062992125985 9.921259842519685 L.
343.5590551181102 256.251968503937 18.4251968503937 9.921259842519685 a.

41.38582677165354 266.45669291338584 64.06299212598425 10.204724409448819 s.
73.41732283464567 266.45669291338584 53.29133858267716 10.204724409448819 à
94.96062992125984 266.45669291338584 138.89763779527559 10.204724409448819 Siraudin,
201.54330708661416 266.45669291338584 53.29133858267716 10.204724409448819 1
222.8031496062992 266.45669291338584 64.06299212598425 10.204724409448819 p.
254.83464566929135 266.45669291338584 96.09448818897638 10.204724409448819 in-8.
318.8976377952756 266.45669291338584 53.29133858267716 10.204724409448819 5
329.6692913385827 266.45669291338584 32.031496062992126 10.204724409448819 »

56.69291338582677 276.66141732283467 69.44881889763779 8.78740157480315 Spirituelle
112.25196850393701 276.66141732283467 83.33858267716535 8.78740157480315 recommandation
181.70078740157481 276.66141732283467 27.77952755905512 8.78740157480315 en
195.59055118110237 276.66141732283467 46.20472440944882 8.78740157480315 faveur
227.90551181102362 276.66141732283467 27.77952755905512 8.78740157480315 de
241.79527559055117 276.66141732283467 27.77952755905512 8.78740157480315 M.
255.68503937007873 276.66141732283467 55.55905511811024 8.78740157480315 Alphonse
297.3543307086614 276.66141732283467 46.20472440944882 8.78740157480315 Dumas,
329.9527559055118 276.66141732283467 27.77952755905512 8.78740157480315 un
339.0236220472441 276.66141732283467 23.244094488188978 8.78740157480315 des

48.47244094488189 285.4488188976378 39.968503937007874 8.78740157480315 auteurs
77.66929133858268 285.4488188976378 25.511811023622048 8.78740157480315 des
92.1259842519685 285.4488188976378 65.48031496062993 8.78740157480315 Petits-fils
146.83464566929135 285.4488188976378 21.826771653543307 8.78740157480315 de
153.92125984251967 285.4488188976378 51.023622047244096 8.78740157480315 Ménélas.

32.881889763779526 295.65354330708664 28.913385826771652 10.204724409448819 66
47.338582677165356 295.65354330708664 53.00787401574803 10.204724409448819 Gros
85.88976377952756 295.65354330708664 28.913385826771652 10.204724409448819 de
100.34645669291339 295.65354330708664 57.826771653543304 10.204724409448819 Boze
143.71653543307087 295.65354330708664 62.645669291338585 10.204724409448819 (Claude),
191.90551181102362 295.65354330708664 62.645669291338585 10.204724409448819 trésorier
239.81102362204723 295.65354330708664 28.913385826771652 10.204724409448819 de
254.26771653543307 295.65354330708664 53.00787401574803 10.204724409448819 France,
292.81889763779526 295.65354330708664 43.37007874015748 10.204724409448819 garde
321.73228346456693 295.65354330708664 33.732283464566926 10.204724409448819 des
336.18897637795277 295.65354330708664 24.094488188976378 10.204724409448819 mé

47.338582677165356 305.5748031496063 54.70866141732284 10.488188976377952 dailles
87.30708661417323 305.5748031496063 29.763779527559056 10.488188976377952 de
102.33070866141732 305.5748031496063 29.763779527559056 10.488188976377952 la
117.35433070866142 305.5748031496063 79.65354330708661 10.488188976377952 Bibliothèque
181.98425196850394 305.5748031496063 29.763779527559056 10.488188976377952 du
197.00787401574803 305.5748031496063 39.968503937007874 10.488188976377952 roi,
221.95275590551182 305.5748031496063 29.763779527559056 10.488188976377952 de
236.69291338582678 305.5748031496063 54.70866141732284 10.488188976377952 l’Acad.
276.66141732283467 305.5748031496063 34.86614173228347 10.488188976377952 fr.
296.503937007874 305.5748031496063 24.944881889763778 10.488188976377952 —
306.70866141732284 305.5748031496063 39.968503937007874 10.488188976377952 Let.
326.5511811023622 305.5748031496063 34.86614173228347 10.488188976377952 sig.;

46.488188976377955 315.7795275590551 58.110236220472444 10.488188976377952 Paris,
87.30708661417323 315.7795275590551 34.86614173228347 10.488188976377952 17
104.88188976377953 315.7795275590551 46.488188976377955 10.488188976377952 mars
133.79527559055117 315.7795275590551 52.44094488188976 10.488188976377952 1705,
168.9448818897638 315.7795275590551 29.19685039370079 10.488188976377952 3
180.56692913385828 315.7795275590551 34.86614173228347 10.488188976377952 p.
197.85826771653544 315.7795275590551 40.818897637795274 10.488188976377952 1/4
221.10236220472441 315.7795275590551 52.44094488188976 10.488188976377952 in-4.
255.96850393700788 315.7795275590551 92.97637795275591 10.488188976377952 Rare.
331.65354330708664 315.7795275590551 34.86614173228347 10.488188976377952 20
343.2755905511811 315.7795275590551 17.5748031496063 10.488188976377952 »

58.110236220472444 325.98425196850394 26.078740157480315 9.070866141732283 Il
71.14960629921259 325.98425196850394 30.330708661417322 9.070866141732283 lui
88.44094488188976 325.98425196850394 47.90551181102362 9.070866141732283 annonce
123.02362204724409 325.98425196850394 30.330708661417322 9.070866141732283 que
140.5984251968504 325.98425196850394 60.661417322834644 9.070866141732283 l’Académie
188.2204724409449 325.98425196850394 39.118110236220474 9.070866141732283 vient
214.29921259842519 325.98425196850394 26.078740157480315 9.070866141732283 de
227.33858267716536 325.98425196850394 43.37007874015748 9.070866141732283 nommer
257.6692913385827 325.98425196850394 34.86614173228347 9.070866141732283 deux
279.496062992126 325.98425196850394 73.7007874015748 9.070866141732283 sujets
335.90551181102364 325.98425196850394 26.078740157480315 9.070866141732283 pour

48.188976377952756 334.7716535433071 49.32283464566929 9.070866141732283 remplir
84.18897637795276 334.7716535433071 26.929133858267715 9.070866141732283 la
97.51181102362204 334.7716535433071 40.25196850393701 9.070866141732283 place
124.44094488188976 334.7716535433071 62.645669291338585 9.070866141732283 d’associé,
173.76377952755905 334.7716535433071 49.32283464566929 9.070866141732283 vacante
209.48031496062993 334.7716535433071 31.46456692913386 9.070866141732283 par
227.33858267716536 334.7716535433071 26.929133858267715 9.070866141732283 la
240.66141732283464 334.7716535433071 58.110236220472444 9.070866141732283 démission
285.4488188976378 334.7716535433071 26.929133858267715 9.070866141732283 de
299.0551181102362 334.7716535433071 26.929133858267715 9.070866141732283 M.
312.37795275590554 334.7716535433071 49.32283464566929 9.070866141732283 Rollin;
343.84251968503935 334.7716535433071 17.858267716535433 9.070866141732283 ce

48.188976377952756 343.84251968503935 39.118110236220474 8.78740157480315 sont:
74.26771653543307 343.84251968503935 26.078740157480315 8.78740157480315 M.
87.30708661417323 343.84251968503935 56.69291338582677 8.78740157480315 Bourdelin
130.96062992125985 343.84251968503935 26.078740157480315 8.78740157480315 et
144.0 343.84251968503935 43.653543307086615 8.78740157480315 l’abbé
174.61417322834646 343.84251968503935 56.69291338582677 8.78740157480315 Fraguier.
217.98425196850394 343.84251968503935 26.078740157480315 8.78740157480315 Il
231.30708661417322 343.84251968503935 39.118110236220474 8.78740157480315 parle
257.38582677165357 343.84251968503935 47.90551181102362 8.78740157480315 ensuite
292.251968503937 343.84251968503935 26.078740157480315 8.78740157480315 de
305.29133858267716 343.84251968503935 26.078740157480315 8.78740157480315 la
314.0787401574803 343.84251968503935 47.90551181102362 8.78740157480315 disserta-

49.039370078740156 352.9133858267717 28.62992125984252 8.503937007874017 tion
66.89763779527559 352.9133858267717 24.944881889763778 8.503937007874017 sur
81.35433070866142 352.9133858267717 21.25984251968504 8.503937007874017 le
91.84251968503936 352.9133858267717 56.976377952755904 8.503937007874017 Janus
138.33070866141733 352.9133858267717 24.944881889763778 8.503937007874017 des
152.50393700787401 352.9133858267717 42.803149606299215 8.503937007874017 anciens,
181.13385826771653 352.9133858267717 21.25984251968504 8.503937007874017 etc.

32.59842519685039 362.8346456692913 28.62992125984252 10.488188976377952 67
47.05511811023622 362.8346456692913 90.70866141732283 10.488188976377952 Grumbkow
123.30708661417323 362.8346456692913 109.7007874015748 10.488188976377952 (Frédéric-Guillaume
218.83464566929135 362.8346456692913 38.267716535433074 10.488188976377952 de),
242.64566929133858 362.8346456692913 52.44094488188976 10.488188976377952 général
280.9133858267717 362.8346456692913 62.07874015748032 10.488188976377952 prussien,
323.7165354330709 362.8346456692913 38.267716535433074 10.488188976377952 favori

47.05511811023622 372.755905511811 30.04724409448819 10.771653543307087 de
62.07874015748032 372.755905511811 109.98425196850394 10.771653543307087 Frédéric-Guillaume
157.03937007874015 372.755905511811 39.968503937007874 10.771653543307087 Ier,
181.98425196850394 372.755905511811 34.86614173228347 10.771653543307087 qui
202.11023622047244 372.755905511811 70.01574803149606 10.771653543307087 s’entendit
257.1023622047244 372.755905511811 39.968503937007874 10.771653543307087 avec
282.0472440944882 372.755905511811 70.01574803149606 10.771653543307087 Seckendorf
331.93700787401576 372.755905511811 30.04724409448819 10.771653543307087 pour

48.188976377952756 382.96062992125985 49.60629921259842 10.488188976377952 perdre
82.77165354330708 382.96062992125985 29.763779527559056 10.488188976377952 le
97.79527559055119 382.96062992125985 44.78740157480315 10.488188976377952 futur
127.2755905511811 382.96062992125985 59.52755905511811 10.488188976377952 Frédéric
172.06299212598427 382.96062992125985 29.763779527559056 10.488188976377952 II
187.08661417322836 382.96062992125985 29.763779527559056 10.488188976377952 et
201.82677165354332 382.96062992125985 29.763779527559056 10.488188976377952 le
216.8503937007874 382.96062992125985 44.78740157480315 10.488188976377952 faire
246.61417322834646 382.96062992125985 74.55118110236221 10.488188976377952 déshériter.
306.1417322834646 382.96062992125985 24.944881889763778 10.488188976377952 —
316.06299212598424 382.96062992125985 29.763779527559056 10.488188976377952 L.
330.8031496062992 382.96062992125985 29.763779527559056 10.488188976377952 a.
340.7244094488189 382.96062992125985 19.84251968503937 10.488188976377952 s.

47.05511811023622 393.1653543307087 32.881889763779526 10.204724409448819 en
63.496062992125985 393.1653543307087 60.661417322834644 10.204724409448819 abrégé,
107.43307086614173 393.1653543307087 32.881889763779526 10.204724409448819 en
123.8740157480315 393.1653543307087 71.43307086614173 10.204724409448819 français,
178.86614173228347 393.1653543307087 27.496062992125985 10.204724409448819 à
189.92125984251967 393.1653543307087 82.48818897637796 10.204724409448819 Seckendorf;
255.96850393700788 393.1653543307087 32.881889763779526 10.204724409448819 13
272.40944881889766 393.1653543307087 43.93700787401575 10.204724409448819 mars
299.90551181102364 393.1653543307087 49.60629921259842 10.204724409448819 1736,
333.07086614173227 393.1653543307087 27.496062992125985 10.204724409448819 1
338.45669291338584 393.1653543307087 22.11023622047244 10.204724409448819 p.

21.543307086614174 402.23622047244095 277.2283464566929 9.354330708661417 in-4.
206.64566929133858 402.23622047244095 184.8188976377953 9.354330708661417 25
268.15748031496065 402.23622047244095 92.40944881889764 9.354330708661417 »

57.54330708661417 413.5748031496063 42.803149606299215 9.070866141732283 Lettre
87.59055118110236 413.5748031496063 64.34645669291339 9.070866141732283 historique.
139.1811023622047 413.5748031496063 25.79527559055118 9.070866141732283 Il
151.93700787401573 413.5748031496063 30.04724409448819 9.070866141732283 lui
169.22834645669292 413.5748031496063 47.338582677165356 9.070866141732283 annonce
203.5275590551181 413.5748031496063 30.04724409448819 9.070866141732283 que
220.53543307086613 413.5748031496063 30.04724409448819 9.070866141732283 les
237.82677165354332 413.5748031496063 68.5984251968504 9.070866141732283 négociations
293.6692913385827 413.5748031496063 34.2992125984252 9.070866141732283 pour
314.92913385826773 413.5748031496063 25.79527559055118 9.070866141732283 la
327.9685039370079 413.5748031496063 34.2992125984252 9.070866141732283 paix
344.9763779527559 413.5748031496063 17.291338582677167 9.070866141732283 de

48.75590551181102 422.3622047244094 44.78740157480315 8.78740157480315 Vienne
80.22047244094489 422.3622047244094 35.71653543307087 8.78740157480315 sont
102.33070866141732 422.3622047244094 26.929133858267715 8.78740157480315 en
115.93700787401575 422.3622047244094 40.25196850393701 8.78740157480315 bonne
142.58267716535434 422.3622047244094 40.25196850393701 8.78740157480315 voie.
169.51181102362204 422.3622047244094 49.039370078740156 8.78740157480315 «Toutes
205.22834645669292 422.3622047244094 31.181102362204726 8.78740157480315 les
223.08661417322836 422.3622047244094 67.18110236220473 8.78740157480315 difficultés
276.66141732283467 422.3622047244094 35.71653543307087 8.78740157480315 sont
299.0551181102362 422.3622047244094 53.574803149606296 8.78740157480315 aplanies
334.7716535433071 422.3622047244094 26.929133858267715 8.78740157480315 avec

48.47244094488189 431.1496062992126 58.960629921259844 9.070866141732283 l’Espagne
93.8267716535433 431.1496062992126 27.212598425196852 9.070866141732283 et
107.43307086614173 431.1496062992126 27.212598425196852 9.070866141732283 la
121.03937007874016 431.1496062992126 72.56692913385827 9.070866141732283 Sardaigne...
180.0 431.1496062992126 27.212598425196852 9.070866141732283 La
193.60629921259843 431.1496062992126 40.818897637795274 9.070866141732283 santé
221.10236220472441 431.1496062992126 27.212598425196852 9.070866141732283 du
234.70866141732284 431.1496062992126 31.748031496062993 9.070866141732283 roi
252.8503937007874 431.1496062992126 27.212598425196852 9.070866141732283 va
266.45669291338584 431.1496062992126 27.212598425196852 9.070866141732283 en
280.06299212598424 431.1496062992126 68.03149606299213 9.070866141732283 augmentant,
334.48818897637796 431.1496062992126 27.212598425196852 9.070866141732283 et
343.5590551181102 431.1496062992126 18.141732283464567 9.070866141732283 il

48.188976377952756 440.2204724409449 32.31496062992126 9.070866141732283 n’a
66.61417322834646 440.2204724409449 46.20472440944882 9.070866141732283 jamais
98.92913385826772 440.2204724409449 41.38582677165354 9.070866141732283 mieux
126.4251968503937 440.2204724409449 59.811023622047244 9.070866141732283 marché...
172.62992125984252 440.2204724409449 73.7007874015748 9.070866141732283 Lichtenstein
232.44094488188978 440.2204724409449 32.31496062992126 9.070866141732283 lui
251.1496062992126 440.2204724409449 22.96062992125984 9.070866141732283 a
260.2204724409449 440.2204724409449 46.20472440944882 9.070866141732283 envoyé
292.53543307086613 440.2204724409449 36.8503937007874 9.070866141732283 deux
315.496062992126 440.2204724409449 46.20472440944882 9.070866141732283 hommes
343.2755905511811 440.2204724409449 18.4251968503937 9.070866141732283 au

47.90551181102362 449.00787401574803 35.43307086614173 9.354330708661417 delà
70.01574803149606 449.00787401574803 26.64566929133858 9.354330708661417 de
83.33858267716535 449.00787401574803 30.89763779527559 9.354330708661417 six
100.91338582677166 449.00787401574803 48.47244094488189 9.354330708661417 pieds.»
136.3464566929134 449.00787401574803 30.89763779527559 9.354330708661417 (On
153.92125984251967 449.00787401574803 35.43307086614173 9.354330708661417 sait
176.03149606299212 449.00787401574803 30.89763779527559 9.354330708661417 que
193.88976377952756 449.00787401574803 97.22834645669292 9.354330708661417 Frédéric-Guillaume
277.79527559055117 449.00787401574803 79.65354330708661 9.354330708661417 collectionnait
339.59055118110234 449.00787401574803 22.11023622047244 9.354330708661417 les

48.188976377952756 458.0787401574803 46.77165354330709 9.354330708661417 soldats
82.20472440944881 458.0787401574803 72.28346456692914 9.354330708661417 gigantesques,
142.01574803149606 458.0787401574803 34.01574803149607 9.354330708661417 mais
163.2755905511811 458.0787401574803 42.51968503937008 9.354330708661417 jamais
193.03937007874015 458.0787401574803 25.511811023622048 9.354330708661417 il
205.79527559055117 458.0787401574803 25.511811023622048 9.354330708661417 ne
218.5511811023622 458.0787401574803 46.77165354330709 9.354330708661417 voulait
252.56692913385828 458.0787401574803 29.763779527559056 9.354330708661417 les
269.5748031496063 458.0787401574803 38.267716535433074 9.354330708661417 faire
291.11811023622045 458.0787401574803 55.275590551181104 9.354330708661417 combattre.)

32.59842519685039 468.8503937007874 27.496062992125985 10.204724409448819 68
46.20472440944882 468.8503937007874 82.20472440944881 10.204724409448819 Guerchy
114.80314960629921 468.8503937007874 41.10236220472441 10.204724409448819 (Mlle
142.29921259842519 468.8503937007874 36.56692913385827 10.204724409448819 de),
165.25984251968504 468.8503937007874 41.10236220472441 10.204724409448819 fille
192.4724409448819 468.8503937007874 59.52755905511811 10.204724409448819 d’honneur
238.39370078740157 468.8503937007874 45.63779527559055 10.204724409448819 d’Anne
270.1417322834646 468.8503937007874 68.5984251968504 10.204724409448819 d’Autriche,
320.59842519685037 468.8503937007874 41.10236220472441 10.204724409448819 fameuse

47.338582677165356 478.7716535433071 35.43307086614173 11.338582677165354 par
67.46456692913385 478.7716535433071 35.43307086614173 11.338582677165354 ses
87.8740157480315 478.7716535433071 80.78740157480316 11.338582677165354 galanteries,
153.35433070866142 478.7716535433071 70.58267716535433 11.338582677165354 chansonnée
208.91338582677164 478.7716535433071 35.43307086614173 11.338582677165354 par
229.3228346456693 478.7716535433071 50.45669291338583 11.338582677165354 Loret,
264.4724409448819 478.7716535433071 50.45669291338583 11.338582677165354 rivale
299.90551181102364 478.7716535433071 30.330708661417322 11.338582677165354 de
315.21259842519686 478.7716535433071 45.354330708661415 11.338582677165354 Ninon
340.4409448818898 478.7716535433071 20.125984251968504 11.338582677165354 de

46.77165354330709 488.9763779527559 65.19685039370079 10.488188976377952 Lanclos.
95.5275590551181 488.9763779527559 27.212598425196852 10.488188976377952 —
106.58267716535433 488.9763779527559 32.59842519685039 10.488188976377952 L.
122.74015748031496 488.9763779527559 32.59842519685039 10.488188976377952 a.
139.1811023622047 488.9763779527559 32.59842519685039 10.488188976377952 s.
155.33858267716536 488.9763779527559 27.212598425196852 10.488188976377952 à
166.11023622047244 488.9763779527559 32.59842519685039 10.488188976377952 la
182.5511811023622 488.9763779527559 65.19685039370079 10.488188976377952 marquise
231.30708661417322 488.9763779527559 32.59842519685039 10.488188976377952 de
247.748031496063 488.9763779527559 59.811023622047244 10.488188976377952 Vardes;
291.11811023622045 488.9763779527559 32.59842519685039 10.488188976377952 20
301.8897637795276 488.9763779527559 59.811023622047244 10.488188976377952 septembre

47.05511811023622 498.8976377952756 54.99212598425197 10.771653543307087 (1659),
87.30708661417323 498.8976377952756 24.944881889763778 10.771653543307087 3
97.22834645669292 498.8976377952756 30.04724409448819 10.771653543307087 p.
112.25196850393701 498.8976377952756 45.07086614173228 10.771653543307087 in-8,
142.29921259842519 498.8976377952756 54.99212598425197 10.771653543307087 cachets
182.26771653543307 498.8976377952756 24.944881889763778 10.771653543307087 à
192.18897637795277 498.8976377952756 35.1496062992126 10.771653543307087 ses
212.31496062992127 498.8976377952756 49.889763779527556 10.771653543307087 armes.
247.1811023622047 498.8976377952756 35.1496062992126 10.771653543307087 Les
267.3070866141732 498.8976377952756 39.968503937007874 10.771653543307087 deux
292.251968503937 498.8976377952756 64.91338582677166 10.771653543307087 feuillets
337.3228346456693 498.8976377952756 24.944881889763778 10.771653543307087 dé-

26.362204724409448 509.38582677165357 283.46456692913387 8.220472440944881 tachés.
232.44094488188978 509.38582677165357 154.77165354330708 8.220472440944881 35
284.0314960629921 509.38582677165357 77.38582677165354 8.220472440944881 »

56.976377952755904 519.5905511811023 60.09448818897638 7.086614173228346 Très-belle
104.31496062992126 519.5905511811023 43.08661417322835 7.086614173228346 lettre
134.36220472440945 519.5905511811023 30.04724409448819 7.086614173228346 sur
151.37007874015748 519.5905511811023 25.79527559055118 7.086614173228346 la
164.40944881889763 519.5905511811023 34.2992125984252 7.086614173228346 mort
185.95275590551182 519.5905511811023 25.79527559055118 7.086614173228346 de
198.70866141732284 519.5905511811023 25.79527559055118 7.086614173228346 la
211.748031496063 519.5905511811023 55.84251968503937 7.086614173228346 maréchale
254.5511811023622 519.5905511811023 25.79527559055118 7.086614173228346 de
267.59055118110234 519.5905511811023 60.09448818897638 7.086614173228346 Guébriant,
310.3937007874016 519.5905511811023 51.59055118110236 7.086614173228346 belle

47.338582677165356 528.6614173228346 27.212598425196852 9.070866141732283 de
60.94488188976378 528.6614173228346 27.212598425196852 9.070866141732283 la
74.55118110236221 528.6614173228346 54.425196850393704 9.070866141732283 marquise
115.37007874015748 528.6614173228346 27.212598425196852 9.070866141732283 de
124.44094488188976 528.6614173228346 40.818897637795274 9.070866141732283 Vardes.

32.031496062992126 538.5826771653543 30.04724409448819 10.488188976377952 69
47.05511811023622 538.5826771653543 99.77952755905511 10.488188976377952 Guichenon
132.09448818897638 538.5826771653543 59.811023622047244 10.488188976377952 (Samuel,
176.88188976377953 538.5826771653543 45.07086614173228 10.488188976377952 comte
206.9291338582677 538.5826771653543 39.968503937007874 10.488188976377952 de),
231.8740157480315 538.5826771653543 89.85826771653544 10.488188976377952 historiographe
306.70866141732284 538.5826771653543 30.04724409448819 10.488188976377952 de
316.62992125984255 538.5826771653543 45.07086614173228 10.488188976377952 France,

48.75590551181102 549.0708661417323 35.71653543307087 9.637795275590552 auteur
73.7007874015748 549.0708661417323 21.25984251968504 9.637795275590552 de
84.4724409448819 549.0708661417323 60.37795275590551 9.637795275590552 l'Histoire
134.36220472440945 549.0708661417323 21.25984251968504 9.637795275590552 de
144.8503937007874 549.0708661417323 49.889763779527556 9.637795275590552 Bresse
183.96850393700788 549.0708661417323 21.25984251968504 9.637795275590552 et
194.74015748031496 549.0708661417323 21.25984251968504 9.637795275590552 le
205.51181102362204 549.0708661417323 60.37795275590551 9.637795275590552 l'Histoire
255.11811023622047 549.0708661417323 56.976377952755904 9.637795275590552 généalogique
301.6062992125984 549.0708661417323 21.25984251968504 9.637795275590552 de
312.09448818897636 549.0708661417323 21.25984251968504 9.637795275590552 la
319.18110236220474 549.0708661417323 42.803149606299215 9.637795275590552 maison

47.05511811023622 558.7086614173228 58.110236220472444 10.488188976377952 royale
91.84251968503936 558.7086614173228 26.929133858267715 10.488188976377952 de
105.44881889763779 558.7086614173228 67.18110236220473 10.488188976377952 Savoie,
159.0236220472441 558.7086614173228 26.929133858267715 10.488188976377952 né
172.62992125984252 558.7086614173228 22.393700787401574 10.488188976377952 à
181.41732283464566 558.7086614173228 40.25196850393701 10.488188976377952 Mâcon
208.3464566929134 558.7086614173228 26.929133858267715 10.488188976377952 en
221.66929133858267 558.7086614173228 40.25196850393701 10.488188976377952 1607,
248.5984251968504 558.7086614173228 35.71653543307087 10.488188976377952 mort
270.99212598425197 558.7086614173228 26.929133858267715 10.488188976377952 en
284.31496062992125 558.7086614173228 40.25196850393701 10.488188976377952 1664.
311.244094488189 558.7086614173228 22.393700787401574 10.488188976377952 —
320.31496062992125 558.7086614173228 26.929133858267715 10.488188976377952 L.
333.6377952755906 558.7086614173228 26.929133858267715 10.488188976377952 a.
342.70866141732284 558.7086614173228 17.858267716535433 10.488188976377952 s.

47.338582677165356 568.9133858267717 25.79527559055118 10.771653543307087 à
57.54330708661417 568.9133858267717 30.89763779527559 10.771653543307087 M.
73.13385826771653 568.9133858267717 30.89763779527559 10.771653543307087 Du
88.44094488188976 568.9133858267717 61.79527559055118 10.771653543307087 Bouchet;
134.64566929133858 568.9133858267717 51.59055118110236 10.771653543307087 Bourg,
170.64566929133858 568.9133858267717 25.79527559055118 10.771653543307087 8
181.13385826771653 568.9133858267717 41.10236220472441 10.771653543307087 fév.
206.9291338582677 568.9133858267717 46.20472440944882 10.771653543307087 1647,
237.54330708661416 568.9133858267717 25.79527559055118 10.771653543307087 2
248.03149606299212 568.9133858267717 30.89763779527559 10.771653543307087 p.
263.33858267716533 568.9133858267717 46.20472440944882 10.771653543307087 in-4.
294.23622047244095 568.9133858267717 56.69291338582677 10.771653543307087 Cachet.
335.33858267716533 568.9133858267717 30.89763779527559 10.771653543307087 30
345.8267716535433 568.9133858267717 15.307086614173228 10.771653543307087 »

57.826771653543304 579.1181102362204 26.078740157480315 9.354330708661417 Il
70.86614173228347 579.1181102362204 43.653543307086615 9.354330708661417 répond
101.19685039370079 579.1181102362204 21.826771653543307 9.354330708661417 à
109.98425196850394 579.1181102362204 43.653543307086615 9.354330708661417 divers
140.5984251968504 579.1181102362204 78.51968503937007 9.354330708661417 renseignements
205.79527559055117 579.1181102362204 30.614173228346456 9.354330708661417 qui
223.08661417322836 579.1181102362204 30.614173228346456 9.354330708661417 lui
240.66141732283464 579.1181102362204 34.86614173228347 9.354330708661417 sont
262.48818897637796 579.1181102362204 52.15748031496063 9.354330708661417 demandés
301.6062992125984 579.1181102362204 30.614173228346456 9.354330708661417 sur
318.8976377952756 579.1181102362204 26.078740157480315 9.354330708661417 la
327.68503937007875 579.1181102362204 34.86614173228347 9.354330708661417 généa-

47.90551181102362 588.7559055118111 37.7007874015748 8.78740157480315 logie
73.13385826771653 588.7559055118111 25.228346456692915 8.78740157480315 de
85.60629921259843 588.7559055118111 50.173228346456696 8.78740157480315 quelques
119.05511811023622 588.7559055118111 46.20472440944882 8.78740157480315 familles.
