403.65354330708664 651.6850393700787
19.84251968503937 39.118110236220474 76.81889763779527 8.78740157480315 XXe
73.41732283464567 39.118110236220474 76.81889763779527 8.78740157480315 année.
127.2755905511811 39.118110236220474 45.92125984251968 8.78740157480315 N°
150.23622047244095 39.118110236220474 53.574803149606296 8.78740157480315 95.
180.8503937007874 39.118110236220474 92.1259842519685 8.78740157480315 Décembre
242.07874015748033 39.118110236220474 84.4724409448819 8.78740157480315 1885.

82.77165354330708 66.89763779527559 145.98425196850394 15.023622047244094 REVUE

159.8740157480315 88.7244094488189 25.511811023622048 5.669291338582677 DES

-19.84251968503937 102.61417322834646 361.7007874015748 41.95275590551181 AUTOGRAPHES

51.30708661417323 151.93700787401573 45.63779527559055 12.472440944881889 DES
83.05511811023622 151.93700787401573 63.77952755905512 12.472440944881889 CURIOSITÉS
133.22834645669292 151.93700787401573 27.212598425196852 12.472440944881889 DE
146.83464566929135 151.93700787401573 63.77952755905512 12.472440944881889 L'HISTOIRE
197.00787401574803 151.93700787401573 22.677165354330707 12.472440944881889 &
206.07874015748033 151.93700787401573 27.212598425196852 12.472440944881889 DE
219.96850393700788 151.93700787401573 27.212598425196852 12.472440944881889 LA
229.03937007874015 151.93700787401573 72.85039370078741 12.472440944881889 BIOGRAPHIE

83.33858267716535 165.82677165354332 57.25984251968504 14.740157480314961 Fondée
127.55905511811024 165.82677165354332 26.362204724409448 14.740157480314961 en
140.88188976377953 165.82677165354332 35.1496062992126 14.740157480314961 1866
162.70866141732284 165.82677165354332 30.89763779527559 14.740157480314961 par
180.56692913385828 165.82677165354332 48.47244094488189 14.740157480314961 Gabriel
211.1811023622047 165.82677165354332 61.79527559055118 14.740157480314961 CHARAVAY

14.173228346456693 181.13385826771653 102.89763779527559 15.023622047244094 PARAISSANT
94.96062992125984 181.13385826771653 73.41732283464567 15.023622047244094 CHAQUE
146.26771653543307 181.13385826771653 58.67716535433071 15.023622047244094 MOIS
183.11811023622047 181.13385826771653 58.67716535433071 15.023622047244094 SOUS
219.68503937007873 181.13385826771653 43.93700787401575 15.023622047244094 LA
241.79527559055117 181.13385826771653 95.5275590551181 15.023622047244094 DIRECTION
307.84251968503935 181.13385826771653 29.480314960629922 15.023622047244094 DE

97.79527559055119 195.59055118110237 74.26771653543307 15.590551181102363 EUGÈNE
154.77165354330708 195.59055118110237 68.5984251968504 15.590551181102363 CHARAVAY
200.69291338582678 195.59055118110237 56.976377952755904 15.590551181102363 Fils

45.354330708661415 225.92125984251967 51.874015748031496 10.204724409448819 PRIX
83.05511811023622 225.92125984251967 28.346456692913385 10.204724409448819 DE
97.22834645669292 225.92125984251967 75.4015748031496 10.204724409448819 L’ABONNEMENT
158.74015748031496 225.92125984251967 23.52755905511811 10.204724409448819 :
168.09448818897638 225.92125984251967 37.7007874015748 10.204724409448819 Pour
191.6220472440945 225.92125984251967 28.346456692913385 10.204724409448819 un
205.79527559055117 225.92125984251967 28.346456692913385 10.204724409448819 an
219.96850393700788 225.92125984251967 32.881889763779526 10.204724409448819 (12
238.6771653543307 225.92125984251967 56.69291338582677 10.204724409448819 numéros)
276.66141732283467 225.92125984251967 32.881889763779526 10.204724409448819 :

11.905511811023622 239.81102362204723 48.188976377952756 8.78740157480315 France,
46.77165354330709 239.81102362204723 21.826771653543307 8.78740157480315 3
55.55905511811024 239.81102362204723 30.614173228346456 8.78740157480315 f.;
72.85039370078741 239.81102362204723 56.69291338582677 8.78740157480315 Etranger,
116.78740157480316 239.81102362204723 21.826771653543307 8.78740157480315 4
125.29133858267717 239.81102362204723 30.614173228346456 8.78740157480315 f.—
142.86614173228347 239.81102362204723 26.078740157480315 8.78740157480315 On
155.90551181102362 239.81102362204723 52.44094488188976 8.78740157480315 s’abonne
195.30708661417322 239.81102362204723 21.826771653543307 8.78740157480315 à
204.09448818897638 239.81102362204723 43.653543307086615 8.78740157480315 Paris,
234.70866141732284 239.81102362204723 34.86614173228347 8.78740157480315 chez
256.53543307086613 239.81102362204723 26.078740157480315 8.78740157480315 M.
269.5748031496063 239.81102362204723 43.653543307086615 8.78740157480315 Eugène
295.65354330708664 239.81102362204723 48.188976377952756 8.78740157480315 CHARAVAY,

97.79527559055119 248.88188976377953 26.929133858267715 8.78740157480315 8,
111.4015748031496 248.88188976377953 36.0 8.78740157480315 quai
133.79527559055117 248.88188976377953 26.929133858267715 8.78740157480315 du
147.4015748031496 248.88188976377953 49.32283464566929 8.78740157480315 Louvre.
183.11811023622047 248.88188976377953 22.393700787401574 8.78740157480315 —
192.18897637795277 248.88188976377953 26.929133858267715 8.78740157480315 Et
205.79527559055117 248.88188976377953 22.393700787401574 8.78740157480315 à
210.04724409448818 248.88188976377953 45.07086614173228 8.78740157480315 Londres:

32.881889763779526 260.2204724409449 36.56692913385827 8.220472440944881 chez
55.84251968503937 260.2204724409449 27.496062992125985 8.220472440944881 M.
69.44881889763779 260.2204724409449 41.10236220472441 8.220472440944881 A.-W.
96.94488188976378 260.2204724409449 68.5984251968504 8.220472440944881 THIBAUDEAU,
151.6535433070866 260.2204724409449 32.031496062992126 8.220472440944881 18,
170.07874015748033 260.2204724409449 41.10236220472441 8.220472440944881 Green
197.5748031496063 260.2204724409449 50.173228346456696 8.220472440944881 street,
234.14173228346456 260.2204724409449 68.5984251968504 8.220472440944881 St-Martin’s
284.31496062992125 260.2204724409449 36.56692913385827 8.220472440944881 Place.

32.881889763779526 287.1496062992126 153.0708661417323 17.5748031496063 AUTOGRAPHES
160.44094488188978 287.1496062992126 42.51968503937008 17.5748031496063 A
177.4488188976378 287.1496062992126 68.03149606299213 17.5748031496063 PRIX
211.46456692913387 287.1496062992126 110.55118110236221 17.5748031496063 MARQUÉS

60.661417322834644 310.1102362204724 30.89763779527559 10.204724409448819 En
75.96850393700787 310.1102362204724 46.20472440944882 10.204724409448819 vente
106.86614173228347 310.1102362204724 41.10236220472441 10.204724409448819 chez
132.3779527559055 310.1102362204724 66.61417322834646 10.204724409448819 Eugène
183.96850393700788 310.1102362204724 87.30708661417323 10.204724409448819 CHARAVAY,
250.58267716535434 310.1102362204724 46.20472440944882 10.204724409448819 expert,

110.26771653543307 325.98425196850394 33.16535433070866 8.78740157480315 8.
132.3779527559055 325.98425196850394 29.480314960629922 8.78740157480315 QUAI
150.8031496062992 325.98425196850394 22.11023622047244 8.78740157480315 DU
161.85826771653544 325.98425196850394 40.53543307086614 8.78740157480315 LOUVRE,
191.33858267716536 325.98425196850394 22.11023622047244 8.78740157480315 8,
202.39370078740157 325.98425196850394 18.4251968503937 8.78740157480315 A
206.07874015748033 325.98425196850394 40.53543307086614 8.78740157480315 PARIS

12.472440944881889 348.9448818897638 78.23622047244095 9.637795275590552 Abréviations
78.51968503937007 348.9448818897638 20.69291338582677 9.637795275590552 :
86.74015748031496 348.9448818897638 24.661417322834644 9.637795275590552 L.
99.21259842519684 348.9448818897638 24.661417322834644 9.637795275590552 a.
111.4015748031496 348.9448818897638 28.913385826771652 9.637795275590552 s.,
127.84251968503936 348.9448818897638 41.10236220472441 9.637795275590552 lettre
156.75590551181102 348.9448818897638 57.54330708661417 9.637795275590552 autographe
202.11023622047244 348.9448818897638 24.661417322834644 9.637795275590552 et
214.29921259842519 348.9448818897638 45.354330708661415 9.637795275590552 signée;
247.1811023622047 348.9448818897638 37.13385826771653 9.637795275590552 Acad.
272.12598425196853 348.9448818897638 32.881889763779526 9.637795275590552 fr.,
288.56692913385825 348.9448818897638 57.54330708661417 9.637795275590552 Académie

48.188976377952756 361.7007874015748 64.91338582677166 9.637795275590552 française;
101.48031496062993 361.7007874015748 41.95275590551181 9.637795275590552 Sousc.,
132.09448818897638 361.7007874015748 53.574803149606296 9.637795275590552 compliment
174.33070866141733 361.7007874015748 49.60629921259842 9.637795275590552 terminant
212.5984251968504 361.7007874015748 22.96062992125984 9.637795275590552 la
223.93700787401573 361.7007874015748 41.95275590551181 9.637795275590552 lettre;
254.5511811023622 361.7007874015748 26.64566929133858 9.637795275590552 P.,
266.1732283464567 361.7007874015748 41.95275590551181 9.637795275590552 page.

20.976377952755904 392.88188976377955 23.52755905511811 10.771653543307087 1
30.614173228346456 392.88188976377955 84.4724409448819 10.771653543307087 Aerssen
100.91338582677166 392.88188976377955 60.94488188976378 10.771653543307087 (François
147.96850393700788 392.88188976377955 37.41732283464567 10.771653543307087 d'),
171.21259842519686 392.88188976377955 51.59055118110236 10.771653543307087 célèbre
208.91338582677164 392.88188976377955 42.23622047244095 10.771653543307087 homme
236.9763779527559 392.88188976377955 65.76377952755905 10.771653543307087 politique,
288.56692913385825 392.88188976377955 56.40944881889764 10.771653543307087 créature
326.26771653543307 392.88188976377955 18.708661417322833 10.771653543307087 de

29.480314960629922 403.0866141732283 59.811023622047244 10.488188976377952 Maurice
72.85039370078741 403.0866141732283 32.59842519685039 10.488188976377952 de
89.29133858267717 403.0866141732283 59.811023622047244 10.488188976377952 Nassau,
132.66141732283464 403.0866141732283 37.98425196850393 10.488188976377952 qui
154.48818897637796 403.0866141732283 70.86614173228347 10.488188976377952 contribua
208.91338582677164 403.0866141732283 27.212598425196852 10.488188976377952 à
219.96850393700788 403.0866141732283 32.59842519685039 10.488188976377952 la
236.1259842519685 403.0866141732283 43.653543307086615 10.488188976377952 mort
263.33858267716533 403.0866141732283 32.59842519685039 10.488188976377952 de
274.1102362204724 403.0866141732283 70.86614173228347 10.488188976377952 Barneveldt,

29.480314960629922 413.29133858267716 59.811023622047244 10.488188976377952 comparé
72.85039370078741 413.29133858267716 27.212598425196852 10.488188976377952 à
83.62204724409449 413.29133858267716 81.35433070866142 10.488188976377952 Oxenstierne
148.8188976377953 413.29133858267716 37.98425196850393 10.488188976377952 par
170.64566929133858 413.29133858267716 32.59842519685039 10.488188976377952 le
186.8031496062992 413.29133858267716 65.19685039370079 10.488188976377952 cardinal
235.84251968503938 413.29133858267716 75.96850393700787 10.488188976377952 Richelieu,
289.98425196850394 413.29133858267716 54.425196850393704 10.488188976377952 ambassa-

30.04724409448819 423.496062992126 40.53543307086614 9.921259842519685 deur
55.55905511811024 423.496062992126 30.330708661417322 9.921259842519685 en
70.58267716535433 423.496062992126 50.74015748031496 9.921259842519685 France
106.2992125984252 423.496062992126 30.330708661417322 9.921259842519685 en
121.32283464566929 423.496062992126 45.63779527559055 9.921259842519685 1624,
151.93700787401573 423.496062992126 30.330708661417322 9.921259842519685 né
166.96062992125985 423.496062992126 30.330708661417322 9.921259842519685 en
182.26771653543307 423.496062992126 45.63779527559055 9.921259842519685 1572,
212.88188976377953 423.496062992126 40.53543307086614 9.921259842519685 mort
238.11023622047244 423.496062992126 30.330708661417322 9.921259842519685 en
253.41732283464566 423.496062992126 45.63779527559055 9.921259842519685 1641.
283.748031496063 423.496062992126 25.511811023622048 9.921259842519685 —
293.9527559055118 423.496062992126 30.330708661417322 9.921259842519685 L.
309.25984251968504 423.496062992126 30.330708661417322 9.921259842519685 a.
319.18110236220474 423.496062992126 25.511811023622048 9.921259842519685 s.,

29.763779527559056 433.7007874015748 31.46456692913386 11.05511811023622 en
45.63779527559055 433.7007874015748 68.31496062992126 11.05511811023622 français,
98.07874015748031 433.7007874015748 26.362204724409448 11.05511811023622 à
108.56692913385827 433.7007874015748 99.77952755905511 11.05511811023622 Butrinckhausen,
192.75590551181102 433.7007874015748 73.41732283464567 11.05511811023622 conseiller
250.58267716535434 433.7007874015748 31.46456692913386 11.05511811023622 du
266.1732283464567 433.7007874015748 36.8503937007874 11.05511811023622 duc
287.1496062992126 433.7007874015748 31.46456692913386 11.05511811023622 de
297.6377952755906 433.7007874015748 47.338582677165356 11.05511811023622 Wurtem-

30.89763779527559 443.62204724409446 40.25196850393701 10.488188976377952 berg;
57.826771653543304 443.62204724409446 26.929133858267715 10.488188976377952 La
71.14960629921259 443.62204724409446 40.25196850393701 10.488188976377952 Haye,
98.07874015748031 443.62204724409446 22.393700787401574 10.488188976377952 8
107.14960629921259 443.62204724409446 35.71653543307087 10.488188976377952 août
129.54330708661416 443.62204724409446 40.25196850393701 10.488188976377952 1619,
156.4724409448819 443.62204724409446 22.393700787401574 10.488188976377952 3
165.25984251968504 443.62204724409446 26.929133858267715 10.488188976377952 p.
178.86614173228347 443.62204724409446 40.25196850393701 10.488188976377952 in-f.
205.51181102362204 443.62204724409446 49.32283464566929 10.488188976377952 Cachet.
241.51181102362204 443.62204724409446 94.11023622047244 10.488188976377952 Très-rare.
322.01574803149606 443.62204724409446 26.929133858267715 10.488188976377952 40
331.0866141732283 443.62204724409446 13.32283464566929 10.488188976377952 »

40.53543307086614 453.8267716535433 58.110236220472444 9.070866141732283 Précieuse
85.32283464566929 453.8267716535433 44.78740157480315 9.070866141732283 lettre
116.50393700787401 453.8267716535433 40.25196850393701 9.070866141732283 d’une
143.43307086614172 453.8267716535433 44.78740157480315 9.070866141732283 grande
174.89763779527559 453.8267716535433 62.645669291338585 9.070866141732283 importance
223.93700787401573 453.8267716535433 67.18110236220473 9.070866141732283 historique.
277.51181102362204 453.8267716535433 31.181102362204726 9.070866141732283 Les
291.11811023622045 453.8267716535433 53.574803149606296 9.070866141732283 Hollandais

31.46456692913386 462.8976377952756 34.86614173228347 8.78740157480315 sont
53.00787401574803 462.8976377952756 47.90551181102362 8.78740157480315 décidés
87.8740157480315 462.8976377952756 21.826771653543307 8.78740157480315 à
96.66141732283465 462.8976377952756 21.826771653543307 8.78740157480315 «
105.44881889763779 462.8976377952756 56.69291338582677 8.78740157480315 s’opposer
149.10236220472441 462.8976377952756 34.86614173228347 8.78740157480315 avec
170.64566929133858 462.8976377952756 52.15748031496063 8.78740157480315 courage,
210.04724409448818 462.8976377952756 43.653543307086615 8.78740157480315 effort
240.3779527559055 462.8976377952756 26.078740157480315 8.78740157480315 et
253.41732283464566 462.8976377952756 56.69291338582677 8.78740157480315 conduite,
297.07086614173227 462.8976377952756 43.653543307086615 8.78740157480315 contre
323.1496062992126 462.8976377952756 21.826771653543307 8.78740157480315 les

30.89763779527559 471.68503937007875 45.354330708661415 9.070866141732283 moiens
62.645669291338585 471.68503937007875 27.212598425196852 9.070866141732283 et
76.25196850393701 471.68503937007875 72.85039370078741 9.070866141732283 entreprinses
135.49606299212599 471.68503937007875 27.212598425196852 9.070866141732283 de
149.10236220472441 471.68503937007875 27.212598425196852 9.070866141732283 la
162.70866141732284 471.68503937007875 45.354330708661415 9.070866141732283 Maison
194.74015748031496 471.68503937007875 68.31496062992126 9.070866141732283 d'Austriche
249.16535433070865 471.68503937007875 36.28346456692913 9.070866141732283 dans
271.84251968503935 471.68503937007875 54.70866141732284 9.070866141732283 l’Empire
312.9448818897638 471.68503937007875 27.212598425196852 9.070866141732283 ».
322.01574803149606 471.68503937007875 22.677165354330707 9.070866141732283 Ils

31.748031496062993 480.4724409448819 51.59055118110236 9.070866141732283 aideront
70.2992125984252 480.4724409448819 47.05511811023622 9.070866141732283 l’Union
104.5984251968504 480.4724409448819 64.34645669291339 9.070866141732283 évangélique
156.18897637795277 480.4724409448819 25.79527559055118 9.070866141732283 et
168.9448818897638 480.4724409448819 55.84251968503937 9.070866141732283 tiendront
211.748031496063 480.4724409448819 42.803149606299215 9.070866141732283 toutes
241.79527559055117 480.4724409448819 38.55118110236221 9.070866141732283 leurs
267.59055118110234 480.4724409448819 21.543307086614174 9.070866141732283 «
276.09448818897636 480.4724409448819 42.803149606299215 9.070866141732283 forces
306.1417322834646 480.4724409448819 25.79527559055118 9.070866141732283 en
314.6456692913386 480.4724409448819 30.04724409448819 9.070866141732283 estat

31.46456692913386 489.8267716535433 26.929133858267715 8.78740157480315 et
45.07086614173228 489.8267716535433 53.85826771653543 8.78740157480315 prestes,
85.32283464566929 489.8267716535433 35.71653543307087 8.78740157480315 pour
107.71653543307086 489.8267716535433 22.393700787401574 8.78740157480315 à
116.78740157480316 489.8267716535433 26.929133858267715 8.78740157480315 la
130.11023622047244 489.8267716535433 49.32283464566929 8.78740157480315 moindre
166.11023622047244 489.8267716535433 76.25196850393701 8.78740157480315 démonstration
228.75590551181102 489.8267716535433 31.46456692913386 8.78740157480315 que
246.61417322834646 489.8267716535433 49.32283464566929 8.78740157480315 Spinola
282.61417322834643 489.8267716535433 35.71653543307087 8.78740157480315 fera
305.00787401574803 489.8267716535433 26.929133858267715 8.78740157480315 de
313.79527559055117 489.8267716535433 31.46456692913386 8.78740157480315 voul-

31.181102362204726 498.0472440944882 32.881889763779526 9.354330708661417 loir
51.874015748031496 498.0472440944882 41.10236220472441 9.354330708661417 entrer
80.78740157480316 498.0472440944882 32.881889763779526 9.354330708661417 dans
101.48031496062993 498.0472440944882 53.574803149606296 9.354330708661417 l'Empire,
142.58267716535434 498.0472440944882 24.661417322834644 9.354330708661417 le
154.77165354330708 498.0472440944882 49.32283464566929 9.354330708661417 talonner
191.90551181102362 498.0472440944882 24.661417322834644 9.354330708661417 et
204.3779527559055 498.0472440944882 24.661417322834644 9.354330708661417 le
216.56692913385828 498.0472440944882 53.574803149606296 9.354330708661417 traverser
257.9527559055118 498.0472440944882 24.661417322834644 9.354330708661417 ».
270.1417322834646 498.0472440944882 45.354330708661415 9.354330708661417 L’hiver
299.0551181102362 498.0472440944882 45.354330708661415 9.354330708661417 prochain,

30.89763779527559 506.8346456692913 26.64566929133858 9.354330708661417 il
44.22047244094488 506.8346456692913 44.22047244094488 9.354330708661417 faudra
75.4015748031496 506.8346456692913 48.75590551181102 9.354330708661417 pousser
110.55118110236221 506.8346456692913 22.11023622047244 9.354330708661417 à
119.62204724409449 506.8346456692913 53.00787401574803 9.354330708661417 l’action
159.30708661417322 506.8346456692913 26.64566929133858 9.354330708661417 le
172.62992125984252 506.8346456692913 30.89763779527559 9.354330708661417 roi
190.48818897637796 506.8346456692913 75.11811023622047 9.354330708661417 d’Angleterre,
252.28346456692913 506.8346456692913 48.75590551181102 9.354330708661417 Jacques
287.7165354330709 506.8346456692913 30.89763779527559 9.354330708661417 II,
305.29133858267716 506.8346456692913 22.11023622047244 9.354330708661417 «
309.8267716535433 506.8346456692913 35.43307086614173 9.354330708661417 encou-

31.748031496062993 515.6220472440945 38.55118110236221 9.637795275590552 rager
57.54330708661417 515.6220472440945 30.04724409448819 9.637795275590552 les
74.55118110236221 515.6220472440945 55.84251968503937 9.637795275590552 Bohemiens
117.63779527559055 515.6220472440945 25.79527559055118 9.637795275590552 et
130.39370078740157 515.6220472440945 51.59055118110236 9.637795275590552 allentir
169.22834645669292 515.6220472440945 30.04724409448819 9.637795275590552 les
186.23622047244095 515.6220472440945 43.08661417322835 9.637795275590552 grandz
216.28346456692913 515.6220472440945 47.338582677165356 9.637795275590552 effortz
250.86614173228347 515.6220472440945 25.79527559055118 9.637795275590552 de
263.62204724409446 515.6220472440945 60.09448818897638 9.637795275590552 l’Espagnol
310.96062992125985 515.6220472440945 25.79527559055118 9.637795275590552 ».
319.46456692913387 515.6220472440945 25.79527559055118 9.637795275590552 Mais

31.748031496062993 524.6929133858267 25.511811023622048 9.354330708661417 si
44.503937007874015 524.6929133858267 59.24409448818898 9.354330708661417 l’archiduc
90.99212598425197 524.6929133858267 54.99212598425197 9.354330708661417 Ferdinand
133.51181102362204 524.6929133858267 42.23622047244095 9.354330708661417 arrive
162.99212598425197 524.6929133858267 21.25984251968504 9.354330708661417 à
171.49606299212599 524.6929133858267 54.99212598425197 9.354330708661417 l’Empire,
214.01574803149606 524.6929133858267 46.488188976377955 9.354330708661417 comment
247.748031496063 524.6929133858267 46.488188976377955 9.354330708661417 l’Union
281.76377952755905 524.6929133858267 29.763779527559056 9.354330708661417 lui
294.5196850393701 524.6929133858267 50.74015748031496 9.354330708661417 résistera-

31.46456692913386 533.4803149606299 48.47244094488189 9.354330708661417 t-elle?
66.89763779527559 533.4803149606299 26.362204724409448 9.354330708661417 Il
80.22047244094489 533.4803149606299 39.68503937007874 9.354330708661417 passe
106.58267716535433 533.4803149606299 26.362204724409448 9.354330708661417 en
119.90551181102362 533.4803149606299 39.68503937007874 9.354330708661417 revue
146.26771653543307 533.4803149606299 35.43307086614173 9.354330708661417 tous
168.3779527559055 533.4803149606299 30.89763779527559 9.354330708661417 les
185.95275590551182 533.4803149606299 39.68503937007874 9.354330708661417 Etats
212.5984251968504 533.4803149606299 57.25984251968504 9.354330708661417 d’Europe.
256.81889763779526 533.4803149606299 22.11023622047244 9.354330708661417 «
265.6062992125984 533.4803149606299 26.362204724409448 9.354330708661417 La
278.6456692913386 533.4803149606299 44.22047244094488 9.354330708661417 France
305.29133858267716 533.4803149606299 39.68503937007874 9.354330708661417 demeure

31.46456692913386 542.5511811023622 25.511811023622048 9.637795275590552 en
44.22047244094488 542.5511811023622 29.763779527559056 9.637795275590552 ses
61.22834645669291 542.5511811023622 59.24409448818898 9.637795275590552 jalousies;
107.71653543307086 542.5511811023622 34.01574803149607 9.637795275590552 rien
128.9763779527559 542.5511811023622 25.511811023622048 9.637795275590552 de
141.73228346456693 542.5511811023622 42.51968503937008 9.637795275590552 solide
171.49606299212599 542.5511811023622 25.511811023622048 9.637795275590552 ne
184.251968503937 542.5511811023622 29.763779527559056 9.637795275590552 s’y
200.9763779527559 542.5511811023622 63.496062992125985 9.637795275590552 entreprend;
252.0 542.5511811023622 25.511811023622048 9.637795275590552 on
264.755905511811 542.5511811023622 59.24409448818898 9.637795275590552 s’esloigne
311.244094488189 542.5511811023622 25.511811023622048 9.637795275590552 de
319.748031496063 542.5511811023622 25.511811023622048 9.637795275590552 plus

31.181102362204726 551.6220472440945 26.929133858267715 9.070866141732283 en
44.78740157480315 551.6220472440945 35.71653543307087 9.070866141732283 plus
67.18110236220473 551.6220472440945 26.929133858267715 9.070866141732283 de
80.50393700787401 551.6220472440945 40.25196850393701 9.070866141732283 nous;
107.43307086614173 551.6220472440945 35.71653543307087 9.070866141732283 cela
129.82677165354332 551.6220472440945 40.25196850393701 9.070866141732283 faict
156.75590551181102 551.6220472440945 31.46456692913386 9.070866141732283 que
174.61417322834646 551.6220472440945 62.645669291338585 9.070866141732283 deliberons
223.93700787401573 551.6220472440945 31.46456692913386 9.070866141732283 d’y
241.79527559055117 551.6220472440945 49.32283464566929 9.070866141732283 envoyer
277.79527559055117 551.6220472440945 31.46456692913386 9.070866141732283 une
291.11811023622045 551.6220472440945 53.85826771653543 9.070866141732283 solennelle

31.46456692913386 560.4094488188977 60.661417322834644 7.086614173228346 ambassade
73.41732283464567 560.4094488188977 18.708661417322833 7.086614173228346 ».

21.543307086614174 569.1968503937007 23.52755905511811 10.488188976377952 2
31.181102362204726 569.1968503937007 93.8267716535433 10.488188976377952 Aguesseau
110.83464566929133 569.1968503937007 51.59055118110236 10.488188976377952 (H.-Fr.
148.251968503937 569.1968503937007 37.41732283464567 10.488188976377952 d'),
171.49606299212599 569.1968503937007 56.125984251968504 10.488188976377952 illustre
213.73228346456693 569.1968503937007 65.48031496062993 10.488188976377952 chancelier
265.3228346456693 569.1968503937007 28.062992125984252 10.488188976377952 de
279.496062992126 569.1968503937007 51.59055118110236 10.488188976377952 France,
316.9133858267717 569.1968503937007 28.062992125984252 10.488188976377952 né
326.26771653543307 569.1968503937007 18.708661417322833 10.488188976377952 en

31.46456692913386 579.4015748031496 42.803149606299215 10.488188976377952 1668,
60.09448818897638 579.4015748031496 37.98425196850393 10.488188976377952 mort
83.90551181102362 579.4015748031496 28.62992125984252 10.488188976377952 en
98.07874015748031 579.4015748031496 47.62204724409449 10.488188976377952 1751.—
131.24409448818898 579.4015748031496 28.62992125984252 10.488188976377952 L.
145.41732283464566 579.4015748031496 28.62992125984252 10.488188976377952 a.
159.8740157480315 579.4015748031496 33.16535433070866 10.488188976377952 s.;
178.86614173228347 579.4015748031496 52.15748031496063 10.488188976377952 Fresne,
216.8503937007874 579.4015748031496 42.803149606299215 10.488188976377952 1712,
245.1968503937008 579.4015748031496 23.811023622047244 10.488188976377952 1
254.83464566929135 579.4015748031496 28.62992125984252 10.488188976377952 p.
269.00787401574803 579.4015748031496 33.16535433070866 10.488188976377952 1/2
288.0 579.4015748031496 42.803149606299215 10.488188976377952 petit
311.81102362204723 579.4015748031496 33.16535433070866 10.488188976377952 in

27.212598425196852 589.0393700787401 54.425196850393704 10.488188976377952 Un
54.425196850393704 589.0393700787401 63.496062992125985 10.488188976377952 peu
90.70866141732283 589.0393700787401 90.99212598425197 10.488188976377952 tachée
154.48818897637796 589.0393700787401 90.99212598425197 10.488188976377952 d'eau.
217.98425196850394 589.0393700787401 118.20472440944881 10.488188976377952 Curieuse.
308.9763779527559 589.0393700787401 45.354330708661415 10.488188976377952 8
318.0472440944882 589.0393700787401 27.212598425196852 10.488188976377952 »

21.25984251968504 599.2440944881889 24.944881889763778 11.05511811023622 3
31.46456692913386 599.2440944881889 114.80314960629921 11.05511811023622 Aigrefeuille
130.96062992125985 599.2440944881889 34.86614173228347 11.05511811023622 (le
151.08661417322836 599.2440944881889 54.99212598425197 11.05511811023622 marquis
191.0551181102362 599.2440944881889 39.968503937007874 11.05511811023622 d'),
216.0 599.2440944881889 49.889763779527556 11.05511811023622 fameux
250.86614173228347 599.2440944881889 74.83464566929133 11.05511811023622 gastronome,
305.5748031496063 599.2440944881889 39.968503937007874 11.05511811023622 auquel
