1432 2245
617 56 118 26 —
665 56 118 26 4
688 56 71 26 —

171 131 112 38 s.
227 131 93 38 à
264 131 112 38 M.
320 131 112 38 de
376 131 205 38 Ségur..
525 131 297 38 surintendant
766 131 112 38 du
822 131 130 38 roi
897 131 112 38 de
952 131 223 38 Navarre;
1101 131 186 38 Leipzig,

156 167 176 36 3
226 167 247 36 mai
367 167 317 36 1589,
578 167 176 36 1
649 167 211 36 p.
755 167 247 36 1/4
896 167 317 36 in-f.
1107 167 211 36 45
1177 167 106 36 »

211 202 151 32 Lettre
317 202 211 32 importante
483 202 121 32 pour
558 202 91 32 la
604 202 106 32 fin
664 202 91 32 du
709 202 136 32 règne
800 202 91 32 de
845 202 136 32 Henri
936 202 121 32 III.
1011 202 121 32 Elle
1087 202 106 32 est
1132 202 151 32 relative

174 234 105 31 aux
234 234 240 31 négociations
429 234 120 31 avec
503 234 105 31 les
563 234 165 31 princes
683 234 210 31 allemands.
848 234 90 31 Le
893 234 105 31 roi
953 234 75 31 «
983 234 150 31 estoit
1087 234 195 31 contraint
1222 234 60 31 de

174 265 253 32 s’accommoder
380 265 111 32 aux
443 265 190 32 volontéz
585 265 95 32 du
633 265 111 32 duc
696 265 95 32 de
743 265 158 32 Guyse;
854 265 126 32 que,
933 265 174 32 depuis,
1060 265 95 32 il
1107 265 142 32 avoit
1186 265 95 32 esté

172 296 95 33 un
220 296 206 33 perpétuel
378 296 158 33 danger
489 296 95 33 de
536 296 158 33 perdre
647 296 95 33 sa
694 296 190 33 couronne
837 296 95 33 et
884 296 95 33 sa
932 296 127 33 vie;
1011 296 142 33 qu’il
1106 296 174 33 n’avoit
1217 296 63 33 eu

171 328 168 32 d'autre
293 328 137 32 moyen
384 328 91 32 de
430 328 244 32 s’affranchir
628 328 91 32 de
674 328 107 32 ses
735 328 183 32 offenses
872 328 107 32 que
933 328 107 32 par
994 328 91 32 la
1039 328 122 32 mort
1115 328 91 32 du
1161 328 107 32 dit
1207 328 76 32 duc

170 360 98 32 de
219 360 147 32 Guyse
317 360 98 32 ».
366 360 180 32 Bongars
496 360 82 32 a
529 360 212 32 conseillé
692 360 114 32 une
757 360 212 32 alliance.
921 360 147 32 C’est
1019 360 163 32 encore
1133 360 98 32 un
1166 360 114 32 moyen

171 391 172 33 d’aider
297 391 94 33 le
344 391 110 33 roi
406 391 94 33 de
453 391 172 33 Navarre
578 391 78 33 «
610 391 94 33 dé
657 391 141 33 faire
751 391 94 33 un
798 391 141 33 grand
892 391 125 33 bien
970 391 78 33 à
1001 391 94 33 la
1048 391 172 33 France,
1173 391 94 33 de
1205 391 78 33 luy

169 422 166 33 rendre
285 422 99 33 ce
335 422 282 33 qu’autresfois
567 422 132 33 elle
650 422 116 33 lui
716 422 149 33 avoit
815 422 166 33 presté
931 422 116 33 et,
997 422 116 33 par
1064 422 149 33 mesme
1147 422 132 33 moyen,

167 453 159 32 donner
278 453 95 32 un
326 453 143 32 grand
421 453 127 32 coup
501 453 95 32 de
549 453 127 32 pied
628 453 79 32 à
660 453 95 32 la
708 453 175 32 Papauté
835 453 95 32 ».
883 453 95 32 Le
930 453 159 32 prince
1042 453 191 32 d’Anhalt
1169 453 111 32 diri-

169 485 121 32 gera
245 485 106 32 les
305 485 182 32 troupes,
442 485 137 32 après
533 485 91 32 en
579 485 137 32 avoir
670 485 167 32 conféré
791 485 121 32 avec
867 485 106 32 les
913 485 182 32 Electeurs.

116 520 104 38 19
168 520 347 38 <b>Bourgogne</b>
463 520 191 38 (Louis,
601 520 121 38 duc
671 520 139 38 de),
758 520 243 38 petit-fils
948 520 104 38 de
1000 520 156 38 Louis
1105 520 139 38 XIV,
1174 520 104 38 père

164 556 111 35 de
220 556 167 35 Louis
331 556 130 35 XV,
406 556 204 35 l'élève
554 556 111 35 de
610 556 241 35 Fénelon.—
795 556 148 35 Deux
888 556 204 35 dessins
1037 556 148 35 aut.
1130 556 148 35 dont
1204 556 74 35 un

163 592 147 36 avec
254 592 147 36 deux
346 592 147 36 mots
437 592 110 36 de
492 592 110 36 la
547 592 147 36 main
639 592 110 36 du
694 592 201 36 prince;
840 592 92 36 4
877 592 201 36 février
1024 592 201 36 1692-11
1152 592 128 36 octo-

146 629 263 34 bre
297 629 339 34 1693,
523 629 188 34 2
598 629 226 34 p.
711 629 301 34 in-8
899 629 301 34 obl.
1087 629 226 34 75
1162 629 113 34 »

203 664 184 33 Précieux
341 664 169 33 dessins
464 664 92 33 de
510 664 92 33 la
556 664 184 33 jeunesse
694 664 92 33 du
740 664 153 33 prince
847 664 107 33 (il
909 664 138 33 avait
1001 664 77 33 à
1031 664 138 33 peine
1124 664 123 33 neuf
1185 664 92 33 ans)

165 695 131 32 dont
246 695 131 32 l’un
328 695 229 32 représente
508 695 98 32 un
557 695 147 32 sujet
655 695 98 32 de
704 695 180 32 chasse:
835 695 98 32 le
884 695 115 32 duc
950 695 98 32 de
999 695 147 32 Berri
1097 695 180 32 entouré
1212 695 65 32 de

165 727 225 31 personnages
345 727 75 31 à
375 727 120 31 pied
450 727 90 31 et
496 727 75 31 à
526 727 165 31 cheval,
646 727 150 31 tirant
751 727 90 31 un
796 727 150 31 oiseau
901 727 120 31 dans
976 727 90 31 la
1022 727 135 31 forêt
1112 727 90 31 de
1142 727 135 31 Fontai-

164 759 202 32 nebleau.
316 759 101 32 Le
366 759 168 32 second
484 759 236 32 représente
670 759 101 32 le
720 759 168 32 cochon
838 759 101 32 de
889 759 101 32 la
939 759 219 32 tentation
1108 759 101 32 de
1141 759 135 32 Saint-

164 792 179 30 Antoine,
298 792 164 30 d’après
402 792 134 30 Callot.

108 822 100 39 20
158 822 282 39 <b>Brunei</b>
391 822 199 39 (M.-I.),
540 822 183 39 célèbre
673 822 216 39 ingénieur
839 822 216 39 français,
1005 822 266 39 constructeur
1205 822 66 39 du

160 858 174 37 tunnel
281 858 139 37 sous
368 858 104 37 la
421 858 191 37 Tamise.
560 858 87 37 —
595 858 104 37 L.
647 858 104 37 a.
699 858 104 37 s.
751 858 104 37 au
803 858 157 37 baron
908 858 104 37 de
960 858 174 37 Pirch;
1064 858 209 37 (Londres),

140 895 234 35 14
257 895 274 35 mai
413 895 352 35 1840,
648 895 195 35 3
726 895 234 35 p.
843 895 352 35 in-8.
1078 895 234 35 45
1156 895 117 35 »

197 930 318 27 Très-intéressante
470 930 152 27 lettre
576 930 182 27 relative
712 930 76 27 à
743 930 152 27 l’état
849 930 243 27 d’avancement
1046 930 106 27 des
1106 930 167 27 travaux
1212 930 61 27 du

163 960 175 33 tunnel.
290 960 111 33 «Le
354 960 175 33 travail
481 960 111 33 est
544 960 190 33 toujours
687 960 190 33 pénible,
830 960 159 33 malgré
941 960 143 33 notre
1036 960 175 33 succès,
1163 960 111 33 car
1211 960 63 33 ce

161 993 145 31 n’est
258 993 113 31 que
322 993 113 31 par
387 993 113 31 une
451 993 210 31 vigilance
613 993 177 31 extrême
742 993 113 31 que
806 993 129 31 nous
887 993 161 31 sommes
1000 993 194 31 parvenus
1145 993 97 31 où
1177 993 97 31 nous

163 1024 127 32 nous
242 1024 190 32 trouvons
385 1024 238 32 maintenant,
576 1024 143 32 après
671 1024 143 32 avoir
766 1024 190 32 surmonté
909 1024 127 32 cinq
988 1024 190 32 attaques
1131 1024 95 32 de
1163 1024 111 32 notre

163 1055 188 32 puissant
304 1055 172 32 ennemi,
429 1055 297 32 irréconciliable
680 1055 125 32 sous
758 1055 125 32 tous
836 1055 110 32 les
899 1055 219 32 rapports».
1071 1055 94 32 Il
1118 1055 110 32 lui
1165 1055 110 32 donne

160 1087 183 32 ensuite
293 1087 100 32 de
343 1087 183 32 curieux
476 1087 183 32 détails
609 1087 116 32 sur
675 1087 116 32 les
742 1087 282 32 circonstances
974 1087 116 32 qui
1041 1087 116 32 ont
1107 1087 149 32 amené
1190 1087 83 32 son

162 1118 183 32 mariage
295 1118 133 32 avec
378 1118 116 32 une
444 1118 149 32 jeune
544 1118 100 32 et
594 1118 149 32 jolie
693 1118 199 32 Anglaise
843 1118 149 32 qu'il
942 1118 166 32 épousa
1058 1118 83 32 à
1092 1118 116 32 son
1141 1118 133 32 retour

162 1150 90 31 du
207 1150 164 31 Canada,
326 1150 90 31 où
371 1150 90 31 il
416 1150 164 31 s’était
535 1150 149 31 retiré
639 1150 75 31 à
669 1150 179 31 l’époque
804 1150 90 31 de
848 1150 90 31 la
878 1150 194 31 Révolution.

104 1187 117 37 21
162 1187 331 37 <b>Brunel</b>
434 1187 233 37 (M.-I.).
609 1187 97 37 —
648 1187 117 37 L.
707 1187 117 37 a.
765 1187 136 37 s.,
843 1187 175 37 1834,
960 1187 97 37 1
999 1187 117 37 p.
1057 1187 195 37 in-18.
1193 1187 97 37 5
1213 1187 58 37 »

106 1231 101 39 22
157 1231 338 39 <b>Brunswick</b>
444 1231 372 39 (Frédéric-Auguste,
765 1231 118 39 duc
833 1231 135 39 de),
917 1231 169 39 prince
1035 1231 203 39 célèbre,
1171 1231 101 39 plus

156 1268 183 37 connu
277 1268 183 37 comme
399 1268 243 37 écrivain
582 1268 142 37 que
663 1268 183 37 comme
784 1268 284 37 militaire,
1007 1268 203 37 auteur
1129 1268 142 37 d’une

159 1304 235 38 <i>Histoire
347 1304 454 38 d'Alexandre-le-Grand</i>,
754 1304 219 38 traducteur
927 1304 94 38 de
974 1304 251 38 Montesquieu,
1177 1304 94 38 né
1208 1304 63 38 en

161 1340 161 39 1740,
269 1340 143 39 mort
358 1340 108 39 en
412 1340 161 39 1817.
519 1340 90 39 —
555 1340 108 39 L.
609 1340 108 39 a.
663 1340 125 39 s.,
734 1340 108 39 en
788 1340 233 39 français;
967 1340 108 39 11
1021 1340 197 39 octobre
1147 1340 125 39 1788,

114 1370 321 42 1
242 1370 385 42 p.
435 1370 578 42 in-4.
820 1370 321 42 3
948 1370 385 42 10
1076 1370 193 42 »

104 1416 106 38 23
157 1416 369 38 <b>Burlamachi</b>
474 1416 211 38 (Renée),
632 1416 211 38 deuxième
790 1416 158 38 femme
896 1416 229 38 d’Agrippa
1054 1416 211 38 d’Aubigné.

160 1452 141 36 Elle
249 1452 212 36 n’hésita
407 1452 123 36 pas
478 1452 88 36 à
513 1452 229 36 l’épouser
689 1452 141 36 vers
777 1452 159 36 1626,
883 1452 141 36 bien
971 1452 123 36 que
1042 1452 106 36 le
1077 1452 194 36 Parlement

161 1488 122 30 vint
237 1488 91 30 de
282 1488 198 30 condamner
435 1488 91 30 au
480 1488 106 30 feu
541 1488 91 30 le
587 1488 198 30 troisième
739 1488 137 30 livre
830 1488 91 30 de
876 1488 259 30 l'<i>Histoire
1073 1488 198 30 univer

158 1523 251 38 <i>selle</i>
362 1523 94 38 et
409 1523 110 38 eût
472 1523 188 38 prononcé
613 1523 94 38 un
660 1523 141 38 arrêt
754 1523 94 38 de
801 1523 125 38 mort
880 1523 157 38 contre
990 1523 94 38 le
1037 1523 204 38 satirique
1178 1523 94 38 pour

157 1559 161 37 avoir
264 1559 179 37 réparé
390 1559 107 37 un
443 1559 197 37 bastion
586 1559 143 37 avec
676 1559 125 37 les
747 1559 233 37 matériaux
926 1559 161 37 d’une
1033 1559 197 37 église.
1177 1559 89 37 —
1194 1559 72 37 L.

157 1595 106 36 a.
210 1595 106 36 s.
263 1595 88 36 à
299 1595 106 36 M.
351 1595 106 36 de
404 1595 229 36 Villette,
581 1595 88 36 à
616 1595 300 36 Saint-Mursai,
863 1595 141 36 près
951 1595 106 36 de
1004 1595 176 36 Niort;
1110 1595 159 36 Genève,

158 1631 93 37 25
204 1631 124 37 juin
281 1631 139 37 1641,
374 1631 77 37 2
405 1631 93 37 p.
451 1631 108 37 3/4
513 1631 139 37 in-4.
606 1631 185 37 Cachets.
745 1631 93 37 Un
791 1631 108 37 peu
853 1631 155 37 tachée
961 1631 155 37 d’eau.
1054 1631 216 37 <i>Très

109 1669 1031 28 <i>rare</i>.
946 1669 386 28 40
1075 1669 193 28 »

193 1703 121 33 Elle
269 1703 182 33 regrette
405 1703 106 33 que
465 1703 91 33 le
511 1703 106 33 duc
571 1703 91 33 de
616 1703 197 33 Bouillon,
768 1703 121 33 pour
843 1703 136 33 aider
934 1703 91 33 le
980 1703 136 33 comte
1070 1703 91 33 de
1101 1703 166 33 Soissons,

157 1734 110 33 ait
220 1734 157 33 appelé
330 1734 110 33 les
392 1734 204 33 Espagnols
549 1734 94 33 de
596 1734 157 33 Lamboi
705 1734 125 33 dans
784 1734 157 33 Sedan;
893 1734 125 33 elle
972 1734 94 33 se
1018 1734 188 33 souvient
1144 1734 125 33 encore

159 1766 90 32 de
204 1766 195 32 l'accueil
354 1766 135 32 qu’on
444 1766 105 32 lui
503 1766 105 32 fit
563 1766 120 32 dans
638 1766 135 32 cette
728 1766 135 32 ville
818 1766 135 32 après
908 1766 90 32 la
953 1766 314 32 Saint-Barthélemy.
1207 1766 60 32 La

158 1797 210 33 république
323 1797 90 33 de
368 1797 135 33 Berne
458 1797 165 33 (ville)
578 1797 105 33 est
638 1797 90 33 en
683 1797 135 33 lutte
773 1797 150 33 contre
878 1797 105 33 ses
938 1797 150 33 sujets
1043 1797 90 33 de
1088 1797 135 33 Berne
1163 1797 105 33 (cam-

156 1829 157 32 pagne)
266 1829 79 32 à
298 1829 157 32 propos
408 1829 189 32 d’impôts
550 1829 205 32 exagérés,
692 1829 94 32 etc.

101 1864 99 42 24
150 1864 280 42 <b>Butler</b>
380 1864 197 42 (Alban),
528 1864 164 42 savant
643 1864 247 42 hagiographe
840 1864 197 42 anglais,
988 1864 99 42 né
1038 1864 99 42 en
1087 1864 148 42 1710,
1169 1864 99 42 mort

152 1900 93 35 à
190 1900 260 35 Saint-Omer
394 1900 111 35 en
449 1900 167 35 1773.
561 1900 93 35 —
598 1900 111 35 L.
654 1900 111 35 a.
709 1900 130 35 s.,
783 1900 111 35 en
839 1900 241 35 français,
1025 1900 93 35 à
1062 1900 204 35 Mercier
1192 1900 74 35 de

150 1930 313 43 Saint-Léger;
405 1930 294 43 Saint-Omer,
640 1930 117 43 30
698 1930 157 43 août
796 1930 176 43 1765,
914 1930 98 43 3
953 1930 117 43 p.
1012 1930 176 43 in-4.
1109 1930 157 43 Légère

97 1972 1023 29 déchirure.
901 1972 438 29 12
1047 1972 219 29 »

187 2008 262 31 Intéressante
399 2008 164 31 lettre
514 2008 213 31 contenant
677 2008 98 31 un
726 2008 262 31 compte-rendu
939 2008 131 31 d’un
1021 2008 180 31 certain
1135 2008 131 31 nombre

153 2039 220 31 d’ouvrages
326 2039 157 31 venant
436 2039 94 31 de
483 2039 188 31 paraître
624 2039 94 31 en
656 2039 204 31 Angleterre.
