<alto xmlns:xsi="http://www.w3.org/2001/XMLSchema-instance" xmlns="http://www.loc.gov/standards/alto/ns-v2#" xmlns:page="http://schema.primaresearch.org/PAGE/gts/pagecontent/2013-07-15" xsi:schemaLocation="http://www.loc.gov/standards/alto/ns-v2# http://www.loc.gov/standards/alto/alto.xsd">
  <Description>
    <MeasurementUnit>pixel</MeasurementUnit>
    <sourceImageInformation>
         <fileName>1885_12_RDA_N095-14.xml</fileName>
      </sourceImageInformation>
    <OCRProcessing ID="IdOcr">
      <ocrProcessingStep>
        <processingDateTime>2020-05-13T10:39:31.222+02:00</processingDateTime>
        <processingSoftware>
               <softwareCreator>CONTRIBUTORS</softwareCreator>
               <softwareName>pdfalto</softwareName>
               <softwareVersion>0.1</softwareVersion>
            </processingSoftware>
      </ocrProcessingStep>
    </OCRProcessing>
  </Description>
  <Styles>
     <TextStyle ID="FONT0" FONTFAMILY="unknown" FONTSIZE="unknown" FONTTYPE="unknown" FONTWIDTH="unknown" FONTCOLOR="unknown" FONTSTYLE=""/>
     <TextStyle ID="FONT1" FONTFAMILY="unknown" FONTSIZE="unknown" FONTTYPE="unknown" FONTWIDTH="unknown" FONTCOLOR="unknown" FONTSTYLE="bold"/>
     <TextStyle ID="FONT2" FONTFAMILY="unknown" FONTSIZE="unknown" FONTTYPE="unknown" FONTWIDTH="unknown" FONTCOLOR="unknown" FONTSTYLE="italics"/>
</Styles>
  <Tags/>
  <Layout>
    <Page ID="Page1" PHYSICAL_IMG_NR="1" HEIGHT="636.3779527559055" WIDTH="405.9212598425197">
      <PrintSpace HEIGHT="572.8818897637796" WIDTH="335.0551181102362" VPOS="20.69291338582677" HPOS="34.01574803149607">
        <TextBlock ID="region_1538034636014_16" HEIGHT="16.440944881889763" WIDTH="39.118110236220474" VPOS="15.590551181102363" HPOS="182.5511811023622">
          <TextLine ID="line_1538034636111_17" BASELINE="113" HEIGHT="16.440944881889763" WIDTH="39.118110236220474" VPOS="15.590551181102363" HPOS="182.5511811023622">
            <String HEIGHT="16.440944881889763" WIDTH="32.59842519685039" VPOS="15.590551181102363" HPOS="176.03149606299212" CONTENT="—" ID="line_1538034636111_17_1" STYLEREFS="FONT0"/>
            <SP HEIGHT="16.440944881889763" WIDTH="6.519685039370079" VPOS="15.590551181102363" HPOS="208.62992125984252"/>
            <String HEIGHT="16.440944881889763" WIDTH="39.118110236220474" VPOS="15.590551181102363" HPOS="189.0708661417323" CONTENT="14" ID="line_1538034636111_17_2" STYLEREFS="FONT0"/>
            <SP HEIGHT="16.440944881889763" WIDTH="6.519685039370079" VPOS="15.590551181102363" HPOS="228.18897637795277"/>
            <String HEIGHT="16.440944881889763" WIDTH="19.559055118110237" VPOS="15.590551181102363" HPOS="202.11023622047244" CONTENT="—" ID="line_1538034636111_17_3" STYLEREFS="FONT0"/>
          </TextLine>
        </TextBlock>
        <TextBlock ID="r_2_1" HEIGHT="28.62992125984252" WIDTH="311.5275590551181" VPOS="43.08661417322835" HPOS="54.99212598425197">
          <TextLine ID="tl_2" BASELINE="186" HEIGHT="9.354330708661417" WIDTH="310.3937007874016" VPOS="43.37007874015748" HPOS="55.55905511811024">
            <String HEIGHT="9.354330708661417" WIDTH="50.74015748031496" VPOS="43.37007874015748" HPOS="49.889763779527556" CONTENT="Melun" ID="tl_2_1" STYLEREFS="FONT0"/>
            <SP HEIGHT="9.354330708661417" WIDTH="5.669291338582677" VPOS="43.37007874015748" HPOS="100.62992125984252"/>
            <String HEIGHT="9.354330708661417" WIDTH="33.732283464566926" VPOS="43.37007874015748" HPOS="83.90551181102362" CONTENT="en" ID="tl_2_2" STYLEREFS="FONT0"/>
            <SP HEIGHT="9.354330708661417" WIDTH="5.669291338582677" VPOS="43.37007874015748" HPOS="117.63779527559055"/>
            <String HEIGHT="9.354330708661417" WIDTH="50.74015748031496" VPOS="43.37007874015748" HPOS="100.62992125984252" CONTENT="1808." ID="tl_2_3" STYLEREFS="FONT0"/>
            <SP HEIGHT="9.354330708661417" WIDTH="5.669291338582677" VPOS="43.37007874015748" HPOS="151.37007874015748"/>
            <String HEIGHT="9.354330708661417" WIDTH="28.346456692913385" VPOS="43.37007874015748" HPOS="134.64566929133858" CONTENT="—" ID="tl_2_4" STYLEREFS="FONT0"/>
            <SP HEIGHT="9.354330708661417" WIDTH="5.669291338582677" VPOS="43.37007874015748" HPOS="162.70866141732284"/>
            <String HEIGHT="9.354330708661417" WIDTH="33.732283464566926" VPOS="43.37007874015748" HPOS="145.98425196850394" CONTENT="L." ID="tl_2_5" STYLEREFS="FONT0"/>
            <SP HEIGHT="9.354330708661417" WIDTH="5.669291338582677" VPOS="43.37007874015748" HPOS="179.71653543307087"/>
            <String HEIGHT="9.354330708661417" WIDTH="33.732283464566926" VPOS="43.37007874015748" HPOS="162.70866141732284" CONTENT="a." ID="tl_2_6" STYLEREFS="FONT0"/>
            <SP HEIGHT="9.354330708661417" WIDTH="5.669291338582677" VPOS="43.37007874015748" HPOS="196.7244094488189"/>
            <String HEIGHT="9.354330708661417" WIDTH="33.732283464566926" VPOS="43.37007874015748" HPOS="179.71653543307087" CONTENT="s." ID="tl_2_7" STYLEREFS="FONT0"/>
            <SP HEIGHT="9.354330708661417" WIDTH="5.669291338582677" VPOS="43.37007874015748" HPOS="213.4488188976378"/>
            <String HEIGHT="9.354330708661417" WIDTH="28.346456692913385" VPOS="43.37007874015748" HPOS="196.7244094488189" CONTENT="à" ID="tl_2_8" STYLEREFS="FONT0"/>
            <SP HEIGHT="9.354330708661417" WIDTH="5.669291338582677" VPOS="43.37007874015748" HPOS="224.78740157480314"/>
            <String HEIGHT="9.354330708661417" WIDTH="33.732283464566926" VPOS="43.37007874015748" HPOS="208.06299212598427" CONTENT="M." ID="tl_2_9" STYLEREFS="FONT0"/>
            <SP HEIGHT="9.354330708661417" WIDTH="5.669291338582677" VPOS="43.37007874015748" HPOS="241.79527559055117"/>
            <String HEIGHT="9.354330708661417" WIDTH="67.74803149606299" VPOS="43.37007874015748" HPOS="224.78740157480314" CONTENT="Gondoin," ID="tl_2_10" STYLEREFS="FONT0"/>
            <SP HEIGHT="9.354330708661417" WIDTH="5.669291338582677" VPOS="43.37007874015748" HPOS="292.53543307086613"/>
            <String HEIGHT="9.354330708661417" WIDTH="39.40157480314961" VPOS="43.37007874015748" HPOS="275.5275590551181" CONTENT="aux" ID="tl_2_11" STYLEREFS="FONT0"/>
            <SP HEIGHT="9.354330708661417" WIDTH="5.669291338582677" VPOS="43.37007874015748" HPOS="315.21259842519686"/>
            <String HEIGHT="9.354330708661417" WIDTH="73.41732283464567" VPOS="43.37007874015748" HPOS="292.53543307086613" CONTENT="Vives" ID="tl_2_12" STYLEREFS="FONT0"/>
          </TextLine>
          <TextLine ID="tl_3" BASELINE="225" HEIGHT="10.204724409448819" WIDTH="310.6771653543307" VPOS="53.574803149606296" HPOS="55.55905511811024">
            <String HEIGHT="10.204724409448819" WIDTH="36.56692913385827" VPOS="53.574803149606296" HPOS="51.023622047244096" CONTENT="près" ID="tl_3_1" STYLEREFS="FONT0"/>
            <SP HEIGHT="10.204724409448819" WIDTH="4.535433070866142" VPOS="53.574803149606296" HPOS="87.59055118110236"/>
            <String HEIGHT="10.204724409448819" WIDTH="27.496062992125985" VPOS="53.574803149606296" HPOS="73.7007874015748" CONTENT="de" ID="tl_3_2" STYLEREFS="FONT0"/>
            <SP HEIGHT="10.204724409448819" WIDTH="4.535433070866142" VPOS="53.574803149606296" HPOS="101.19685039370079"/>
            <String HEIGHT="10.204724409448819" WIDTH="59.52755905511811" VPOS="53.574803149606296" HPOS="87.59055118110236" CONTENT="Dammarie;" ID="tl_3_3" STYLEREFS="FONT0"/>
            <SP HEIGHT="10.204724409448819" WIDTH="4.535433070866142" VPOS="53.574803149606296" HPOS="146.83464566929135"/>
            <String HEIGHT="10.204724409448819" WIDTH="59.52755905511811" VPOS="53.574803149606296" HPOS="133.22834645669292" CONTENT="Beaulieu," ID="tl_3_4" STYLEREFS="FONT0"/>
            <SP HEIGHT="10.204724409448819" WIDTH="4.535433070866142" VPOS="53.574803149606296" HPOS="192.75590551181102"/>
            <String HEIGHT="10.204724409448819" WIDTH="27.496062992125985" VPOS="53.574803149606296" HPOS="178.86614173228347" CONTENT="24" ID="tl_3_5" STYLEREFS="FONT0"/>
            <SP HEIGHT="10.204724409448819" WIDTH="4.535433070866142" VPOS="53.574803149606296" HPOS="206.36220472440945"/>
            <String HEIGHT="10.204724409448819" WIDTH="45.63779527559055" VPOS="53.574803149606296" HPOS="192.75590551181102" CONTENT="nivôse" ID="tl_3_6" STYLEREFS="FONT0"/>
            <SP HEIGHT="10.204724409448819" WIDTH="4.535433070866142" VPOS="53.574803149606296" HPOS="238.39370078740157"/>
            <String HEIGHT="10.204724409448819" WIDTH="27.496062992125985" VPOS="53.574803149606296" HPOS="224.50393700787401" CONTENT="an" ID="tl_3_7" STYLEREFS="FONT0"/>
            <SP HEIGHT="10.204724409448819" WIDTH="4.535433070866142" VPOS="53.574803149606296" HPOS="252.0"/>
            <String HEIGHT="10.204724409448819" WIDTH="32.031496062992126" VPOS="53.574803149606296" HPOS="238.39370078740157" CONTENT="IX," ID="tl_3_8" STYLEREFS="FONT0"/>
            <SP HEIGHT="10.204724409448819" WIDTH="4.535433070866142" VPOS="53.574803149606296" HPOS="270.4251968503937"/>
            <String HEIGHT="10.204724409448819" WIDTH="22.96062992125984" VPOS="53.574803149606296" HPOS="256.53543307086613" CONTENT="2" ID="tl_3_9" STYLEREFS="FONT0"/>
            <SP HEIGHT="10.204724409448819" WIDTH="4.535433070866142" VPOS="53.574803149606296" HPOS="279.496062992126"/>
            <String HEIGHT="10.204724409448819" WIDTH="27.496062992125985" VPOS="53.574803149606296" HPOS="265.6062992125984" CONTENT="p." ID="tl_3_10" STYLEREFS="FONT0"/>
            <SP HEIGHT="10.204724409448819" WIDTH="4.535433070866142" VPOS="53.574803149606296" HPOS="293.1023622047244"/>
            <String HEIGHT="10.204724409448819" WIDTH="41.10236220472441" VPOS="53.574803149606296" HPOS="279.496062992126" CONTENT="in-4." ID="tl_3_11" STYLEREFS="FONT0"/>
            <SP HEIGHT="10.204724409448819" WIDTH="4.535433070866142" VPOS="53.574803149606296" HPOS="320.59842519685037"/>
            <String HEIGHT="10.204724409448819" WIDTH="64.06299212598425" VPOS="53.574803149606296" HPOS="302.1732283464567" CONTENT="Très" ID="tl_3_12" STYLEREFS="FONT2"/>
          </TextLine>
          <TextLine ID="tl_4" BASELINE="252" HEIGHT="7.937007874015748" WIDTH="310.6771653543307" VPOS="63.496062992125985" HPOS="55.275590551181104">
            <String HEIGHT="7.937007874015748" WIDTH="258.8031496062992" VPOS="63.496062992125985" HPOS="37.98425196850393" CONTENT="rare" ID="tl_4_1" STYLEREFS="FONT2"/>
            <SP HEIGHT="7.937007874015748" WIDTH="17.291338582677167" VPOS="63.496062992125985" HPOS="296.78740157480314"/>
            <String HEIGHT="7.937007874015748" WIDTH="86.1732283464567" VPOS="63.496062992125985" HPOS="245.1968503937008" CONTENT="." ID="tl_4_2" STYLEREFS="FONT0"/>
            <SP HEIGHT="7.937007874015748" WIDTH="17.291338582677167" VPOS="63.496062992125985" HPOS="331.37007874015745"/>
            <String HEIGHT="7.937007874015748" WIDTH="103.46456692913385" VPOS="63.496062992125985" HPOS="279.7795275590551" CONTENT="40" ID="tl_4_3" STYLEREFS="FONT0"/>
            <SP HEIGHT="7.937007874015748" WIDTH="17.291338582677167" VPOS="63.496062992125985" HPOS="383.244094488189"/>
            <String HEIGHT="7.937007874015748" WIDTH="51.874015748031496" VPOS="63.496062992125985" HPOS="314.0787401574803" CONTENT="»" ID="tl_4_4" STYLEREFS="FONT0"/>
          </TextLine>
        </TextBlock>
        <TextBlock ID="r_2_2" HEIGHT="18.4251968503937" WIDTH="312.09448818897636" VPOS="73.41732283464567" HPOS="54.70866141732284">
          <TextLine ID="tl_5" BASELINE="292" HEIGHT="9.070866141732283" WIDTH="302.45669291338584" VPOS="73.7007874015748" HPOS="64.06299212598425">
            <String HEIGHT="9.070866141732283" WIDTH="42.51968503937008" VPOS="73.7007874015748" HPOS="59.24409448818898" CONTENT="Belle" ID="tl_5_1" STYLEREFS="FONT0"/>
            <SP HEIGHT="9.070866141732283" WIDTH="4.818897637795276" VPOS="73.7007874015748" HPOS="101.76377952755905"/>
            <String HEIGHT="9.070866141732283" WIDTH="47.338582677165356" VPOS="73.7007874015748" HPOS="87.59055118110236" CONTENT="lettre" ID="tl_5_2" STYLEREFS="FONT0"/>
            <SP HEIGHT="9.070866141732283" WIDTH="4.818897637795276" VPOS="73.7007874015748" HPOS="134.9291338582677"/>
            <String HEIGHT="9.070866141732283" WIDTH="47.338582677165356" VPOS="73.7007874015748" HPOS="120.75590551181102" CONTENT="écrite" ID="tl_5_3" STYLEREFS="FONT0"/>
            <SP HEIGHT="9.070866141732283" WIDTH="4.818897637795276" VPOS="73.7007874015748" HPOS="168.09448818897638"/>
            <String HEIGHT="9.070866141732283" WIDTH="42.51968503937008" VPOS="73.7007874015748" HPOS="153.92125984251967" CONTENT="comme" ID="tl_5_4" STYLEREFS="FONT0"/>
            <SP HEIGHT="9.070866141732283" WIDTH="4.818897637795276" VPOS="73.7007874015748" HPOS="196.44094488188978"/>
            <String HEIGHT="9.070866141732283" WIDTH="37.7007874015748" VPOS="73.7007874015748" HPOS="182.26771653543307" CONTENT="juge" ID="tl_5_5" STYLEREFS="FONT0"/>
            <SP HEIGHT="9.070866141732283" WIDTH="4.818897637795276" VPOS="73.7007874015748" HPOS="219.96850393700788"/>
            <String HEIGHT="9.070866141732283" WIDTH="28.346456692913385" VPOS="73.7007874015748" HPOS="205.79527559055117" CONTENT="de" ID="tl_5_6" STYLEREFS="FONT0"/>
            <SP HEIGHT="9.070866141732283" WIDTH="4.818897637795276" VPOS="73.7007874015748" HPOS="234.14173228346456"/>
            <String HEIGHT="9.070866141732283" WIDTH="37.7007874015748" VPOS="73.7007874015748" HPOS="219.96850393700788" CONTENT="paix" ID="tl_5_7" STYLEREFS="FONT0"/>
            <SP HEIGHT="9.070866141732283" WIDTH="4.818897637795276" VPOS="73.7007874015748" HPOS="257.9527559055118"/>
            <String HEIGHT="9.070866141732283" WIDTH="28.346456692913385" VPOS="73.7007874015748" HPOS="243.7795275590551" CONTENT="du" ID="tl_5_8" STYLEREFS="FONT0"/>
            <SP HEIGHT="9.070866141732283" WIDTH="4.818897637795276" VPOS="73.7007874015748" HPOS="272.12598425196853"/>
            <String HEIGHT="9.070866141732283" WIDTH="47.338582677165356" VPOS="73.7007874015748" HPOS="257.9527559055118" CONTENT="canton" ID="tl_5_9" STYLEREFS="FONT0"/>
            <SP HEIGHT="9.070866141732283" WIDTH="4.818897637795276" VPOS="73.7007874015748" HPOS="305.00787401574803"/>
            <String HEIGHT="9.070866141732283" WIDTH="28.346456692913385" VPOS="73.7007874015748" HPOS="290.8346456692913" CONTENT="de" ID="tl_5_10" STYLEREFS="FONT0"/>
            <SP HEIGHT="9.070866141732283" WIDTH="4.818897637795276" VPOS="73.7007874015748" HPOS="319.18110236220474"/>
            <String HEIGHT="9.070866141732283" WIDTH="66.04724409448819" VPOS="73.7007874015748" HPOS="300.4724409448819" CONTENT="Boissise" SUBS_TYPE="HypPart1" SUBS_CONTENT="BoissiseBertrand," ID="tl_5_11" STYLEREFS="FONT0"/>
            <HYP CONTENT="-"/>
          </TextLine>
          <TextLine ID="tl_6" BASELINE="323" HEIGHT="9.070866141732283" WIDTH="107.14960629921259" VPOS="82.48818897637796" HPOS="54.99212598425197">
            <String HEIGHT="9.070866141732283" WIDTH="58.110236220472444" VPOS="82.48818897637796" HPOS="50.45669291338583" CONTENT="Bertrand," SUBS_TYPE="HypPart2" SUBS_CONTENT="BoissiseBertrand," ID="tl_6_1" STYLEREFS="FONT0"/>
            <SP HEIGHT="9.070866141732283" WIDTH="4.535433070866142" VPOS="82.48818897637796" HPOS="108.56692913385827"/>
            <String HEIGHT="9.070866141732283" WIDTH="35.71653543307087" VPOS="82.48818897637796" HPOS="95.24409448818898" CONTENT="près" ID="tl_6_2" STYLEREFS="FONT0"/>
            <SP HEIGHT="9.070866141732283" WIDTH="4.535433070866142" VPOS="82.48818897637796" HPOS="130.96062992125985"/>
            <String HEIGHT="9.070866141732283" WIDTH="26.929133858267715" VPOS="82.48818897637796" HPOS="117.63779527559055" CONTENT="de" ID="tl_6_3" STYLEREFS="FONT0"/>
            <SP HEIGHT="9.070866141732283" WIDTH="4.535433070866142" VPOS="82.48818897637796" HPOS="144.28346456692913"/>
            <String HEIGHT="9.070866141732283" WIDTH="35.71653543307087" VPOS="82.48818897637796" HPOS="126.4251968503937" CONTENT="Melun." ID="tl_6_4" STYLEREFS="FONT0"/>
          </TextLine>
        </TextBlock>
        <TextBlock ID="r_2_3" HEIGHT="11.338582677165354" WIDTH="331.65354330708664" VPOS="90.99212598425197" HPOS="35.1496062992126">
          <TextLine ID="tl_7" BASELINE="360" HEIGHT="10.771653543307087" WIDTH="331.0866141732283" VPOS="91.2755905511811" HPOS="35.43307086614173">
            <String HEIGHT="10.771653543307087" WIDTH="33.16535433070866" VPOS="91.2755905511811" HPOS="30.614173228346456" CONTENT="117" ID="tl_7_1" STYLEREFS="FONT0"/>
            <SP HEIGHT="10.771653543307087" WIDTH="4.818897637795276" VPOS="91.2755905511811" HPOS="63.77952755905512"/>
            <String HEIGHT="10.771653543307087" WIDTH="89.85826771653544" VPOS="91.2755905511811" HPOS="49.60629921259842" CONTENT="Marossan" ID="tl_7_2" STYLEREFS="FONT1"/>
            <SP HEIGHT="10.771653543307087" WIDTH="4.818897637795276" VPOS="91.2755905511811" HPOS="139.46456692913387"/>
            <String HEIGHT="10.771653543307087" WIDTH="42.51968503937008" VPOS="91.2755905511811" HPOS="125.29133858267717" CONTENT="(de)," ID="tl_7_3" STYLEREFS="FONT0"/>
            <SP HEIGHT="10.771653543307087" WIDTH="4.818897637795276" VPOS="91.2755905511811" HPOS="167.81102362204723"/>
            <String HEIGHT="10.771653543307087" WIDTH="47.338582677165356" VPOS="91.2755905511811" HPOS="153.63779527559055" CONTENT="favori" ID="tl_7_4" STYLEREFS="FONT0"/>
            <SP HEIGHT="10.771653543307087" WIDTH="4.818897637795276" VPOS="91.2755905511811" HPOS="200.9763779527559"/>
            <String HEIGHT="10.771653543307087" WIDTH="28.346456692913385" VPOS="91.2755905511811" HPOS="186.8031496062992" CONTENT="du" ID="tl_7_5" STYLEREFS="FONT0"/>
            <SP HEIGHT="10.771653543307087" WIDTH="4.818897637795276" VPOS="91.2755905511811" HPOS="215.1496062992126"/>
            <String HEIGHT="10.771653543307087" WIDTH="33.16535433070866" VPOS="91.2755905511811" HPOS="200.9763779527559" CONTENT="duc" ID="tl_7_6" STYLEREFS="FONT0"/>
            <SP HEIGHT="10.771653543307087" WIDTH="4.818897637795276" VPOS="91.2755905511811" HPOS="234.14173228346456"/>
            <String HEIGHT="10.771653543307087" WIDTH="28.346456692913385" VPOS="91.2755905511811" HPOS="219.96850393700788" CONTENT="de" ID="tl_7_7" STYLEREFS="FONT0"/>
            <SP HEIGHT="10.771653543307087" WIDTH="4.818897637795276" VPOS="91.2755905511811" HPOS="248.31496062992127"/>
            <String HEIGHT="10.771653543307087" WIDTH="52.15748031496063" VPOS="91.2755905511811" HPOS="234.14173228346456" CONTENT="Luynes," ID="tl_7_8" STYLEREFS="FONT0"/>
            <SP HEIGHT="10.771653543307087" WIDTH="4.818897637795276" VPOS="91.2755905511811" HPOS="286.01574803149606"/>
            <String HEIGHT="10.771653543307087" WIDTH="37.7007874015748" VPOS="91.2755905511811" HPOS="271.84251968503935" CONTENT="qui," ID="tl_7_9" STYLEREFS="FONT0"/>
            <SP HEIGHT="10.771653543307087" WIDTH="4.818897637795276" VPOS="91.2755905511811" HPOS="309.8267716535433"/>
            <String HEIGHT="10.771653543307087" WIDTH="52.15748031496063" VPOS="91.2755905511811" HPOS="295.65354330708664" CONTENT="d'après" ID="tl_7_10" STYLEREFS="FONT0"/>
            <SP HEIGHT="10.771653543307087" WIDTH="4.818897637795276" VPOS="91.2755905511811" HPOS="347.5275590551181"/>
            <String HEIGHT="10.771653543307087" WIDTH="37.7007874015748" VPOS="91.2755905511811" HPOS="328.81889763779526" CONTENT="Riche" ID="tl_7_11" STYLEREFS="FONT0"/>
          </TextLine>
        </TextBlock>
        <TextBlock ID="r_2_4" HEIGHT="41.10236220472441" WIDTH="311.244094488189" VPOS="101.48031496062993" HPOS="54.70866141732284">
          <TextLine ID="tl_8" BASELINE="395" HEIGHT="10.204724409448819" WIDTH="310.3937007874016" VPOS="101.76377952755905" HPOS="55.275590551181104">
            <String HEIGHT="10.204724409448819" WIDTH="38.83464566929134" VPOS="101.76377952755905" HPOS="50.45669291338583" CONTENT="lieu" ID="tl_8_1" STYLEREFS="FONT0"/>
            <SP HEIGHT="10.204724409448819" WIDTH="4.818897637795276" VPOS="101.76377952755905" HPOS="89.29133858267717"/>
            <String HEIGHT="10.204724409448819" WIDTH="48.47244094488189" VPOS="101.76377952755905" HPOS="74.55118110236221" CONTENT="aurait" ID="tl_8_2" STYLEREFS="FONT0"/>
            <SP HEIGHT="10.204724409448819" WIDTH="4.818897637795276" VPOS="101.76377952755905" HPOS="123.30708661417323"/>
            <String HEIGHT="10.204724409448819" WIDTH="53.29133858267716" VPOS="101.76377952755905" HPOS="108.56692913385827" CONTENT="préparé" ID="tl_8_3" STYLEREFS="FONT0"/>
            <SP HEIGHT="10.204724409448819" WIDTH="4.818897637795276" VPOS="101.76377952755905" HPOS="161.85826771653544"/>
            <String HEIGHT="10.204724409448819" WIDTH="53.29133858267716" VPOS="101.76377952755905" HPOS="147.4015748031496" CONTENT="l’achat" ID="tl_8_4" STYLEREFS="FONT0"/>
            <SP HEIGHT="10.204724409448819" WIDTH="4.818897637795276" VPOS="101.76377952755905" HPOS="200.69291338582678"/>
            <String HEIGHT="10.204724409448819" WIDTH="68.03149606299213" VPOS="101.76377952755905" HPOS="186.23622047244095" CONTENT="d’Avignon;" ID="tl_8_5" STYLEREFS="FONT0"/>
            <SP HEIGHT="10.204724409448819" WIDTH="4.818897637795276" VPOS="101.76377952755905" HPOS="253.98425196850394"/>
            <String HEIGHT="10.204724409448819" WIDTH="29.19685039370079" VPOS="101.76377952755905" HPOS="239.5275590551181" CONTENT="il" ID="tl_8_6" STYLEREFS="FONT0"/>
            <SP HEIGHT="10.204724409448819" WIDTH="4.818897637795276" VPOS="101.76377952755905" HPOS="268.7244094488189"/>
            <String HEIGHT="10.204724409448819" WIDTH="48.47244094488189" VPOS="101.76377952755905" HPOS="253.98425196850394" CONTENT="servit" ID="tl_8_7" STYLEREFS="FONT0"/>
            <SP HEIGHT="10.204724409448819" WIDTH="4.818897637795276" VPOS="101.76377952755905" HPOS="302.74015748031496"/>
            <String HEIGHT="10.204724409448819" WIDTH="82.48818897637796" VPOS="101.76377952755905" HPOS="283.18110236220474" CONTENT="d’intermédiaire" ID="tl_8_8" STYLEREFS="FONT0"/>
          </TextLine>
          <TextLine ID="tl_9" BASELINE="431" HEIGHT="10.488188976377952" WIDTH="310.3937007874016" VPOS="111.68503937007874" HPOS="55.275590551181104">
            <String HEIGHT="10.488188976377952" WIDTH="30.04724409448819" VPOS="111.68503937007874" HPOS="50.173228346456696" CONTENT="en" ID="tl_9_1" STYLEREFS="FONT0"/>
            <SP HEIGHT="10.488188976377952" WIDTH="5.102362204724409" VPOS="111.68503937007874" HPOS="80.22047244094489"/>
            <String HEIGHT="10.488188976377952" WIDTH="39.968503937007874" VPOS="111.68503937007874" HPOS="65.19685039370079" CONTENT="1619" ID="tl_9_2" STYLEREFS="FONT0"/>
            <SP HEIGHT="10.488188976377952" WIDTH="5.102362204724409" VPOS="111.68503937007874" HPOS="105.44881889763779"/>
            <String HEIGHT="10.488188976377952" WIDTH="45.07086614173228" VPOS="111.68503937007874" HPOS="90.4251968503937" CONTENT="entre" ID="tl_9_3" STYLEREFS="FONT0"/>
            <SP HEIGHT="10.488188976377952" WIDTH="5.102362204724409" VPOS="111.68503937007874" HPOS="135.49606299212599"/>
            <String HEIGHT="10.488188976377952" WIDTH="45.07086614173228" VPOS="111.68503937007874" HPOS="120.4724409448819" CONTENT="Marie" ID="tl_9_4" STYLEREFS="FONT0"/>
            <SP HEIGHT="10.488188976377952" WIDTH="5.102362204724409" VPOS="111.68503937007874" HPOS="165.54330708661416"/>
            <String HEIGHT="10.488188976377952" WIDTH="30.04724409448819" VPOS="111.68503937007874" HPOS="150.51968503937007" CONTENT="de" ID="tl_9_5" STYLEREFS="FONT0"/>
            <SP HEIGHT="10.488188976377952" WIDTH="5.102362204724409" VPOS="111.68503937007874" HPOS="180.56692913385828"/>
            <String HEIGHT="10.488188976377952" WIDTH="60.09448818897638" VPOS="111.68503937007874" HPOS="165.54330708661416" CONTENT="Médicis," ID="tl_9_6" STYLEREFS="FONT0"/>
            <SP HEIGHT="10.488188976377952" WIDTH="5.102362204724409" VPOS="111.68503937007874" HPOS="225.35433070866142"/>
            <String HEIGHT="10.488188976377952" WIDTH="65.19685039370079" VPOS="111.68503937007874" HPOS="210.33070866141733" CONTENT="Richelieu" ID="tl_9_7" STYLEREFS="FONT0"/>
            <SP HEIGHT="10.488188976377952" WIDTH="5.102362204724409" VPOS="111.68503937007874" HPOS="275.5275590551181"/>
            <String HEIGHT="10.488188976377952" WIDTH="30.04724409448819" VPOS="111.68503937007874" HPOS="260.503937007874" CONTENT="et" ID="tl_9_8" STYLEREFS="FONT0"/>
            <SP HEIGHT="10.488188976377952" WIDTH="5.102362204724409" VPOS="111.68503937007874" HPOS="290.5511811023622"/>
            <String HEIGHT="10.488188976377952" WIDTH="30.04724409448819" VPOS="111.68503937007874" HPOS="275.5275590551181" CONTENT="le" ID="tl_9_9" STYLEREFS="FONT0"/>
            <SP HEIGHT="10.488188976377952" WIDTH="5.102362204724409" VPOS="111.68503937007874" HPOS="305.5748031496063"/>
            <String HEIGHT="10.488188976377952" WIDTH="35.1496062992126" VPOS="111.68503937007874" HPOS="290.5511811023622" CONTENT="duc" ID="tl_9_10" STYLEREFS="FONT0"/>
            <SP HEIGHT="10.488188976377952" WIDTH="5.102362204724409" VPOS="111.68503937007874" HPOS="325.7007874015748"/>
            <String HEIGHT="10.488188976377952" WIDTH="30.04724409448819" VPOS="111.68503937007874" HPOS="310.6771653543307" CONTENT="de" ID="tl_9_11" STYLEREFS="FONT0"/>
            <SP HEIGHT="10.488188976377952" WIDTH="5.102362204724409" VPOS="111.68503937007874" HPOS="340.7244094488189"/>
            <String HEIGHT="10.488188976377952" WIDTH="45.07086614173228" VPOS="111.68503937007874" HPOS="320.59842519685037" CONTENT="Luynes." ID="tl_9_12" STYLEREFS="FONT0"/>
          </TextLine>
          <TextLine ID="tl_10" BASELINE="467" HEIGHT="10.771653543307087" WIDTH="310.1102362204724" VPOS="121.60629921259843" HPOS="54.99212598425197">
            <String HEIGHT="10.771653543307087" WIDTH="24.094488188976378" VPOS="121.60629921259843" HPOS="50.173228346456696" CONTENT="—" ID="tl_10_1" STYLEREFS="FONT0"/>
            <SP HEIGHT="10.771653543307087" WIDTH="4.818897637795276" VPOS="121.60629921259843" HPOS="74.26771653543307"/>
            <String HEIGHT="10.771653543307087" WIDTH="29.19685039370079" VPOS="121.60629921259843" HPOS="59.811023622047244" CONTENT="L." ID="tl_10_2" STYLEREFS="FONT0"/>
            <SP HEIGHT="10.771653543307087" WIDTH="4.818897637795276" VPOS="121.60629921259843" HPOS="89.00787401574803"/>
            <String HEIGHT="10.771653543307087" WIDTH="29.19685039370079" VPOS="121.60629921259843" HPOS="74.26771653543307" CONTENT="a." ID="tl_10_3" STYLEREFS="FONT0"/>
            <SP HEIGHT="10.771653543307087" WIDTH="4.818897637795276" VPOS="121.60629921259843" HPOS="103.46456692913385"/>
            <String HEIGHT="10.771653543307087" WIDTH="34.01574803149607" VPOS="121.60629921259843" HPOS="89.00787401574803" CONTENT="s.;" ID="tl_10_4" STYLEREFS="FONT0"/>
            <SP HEIGHT="10.771653543307087" WIDTH="4.818897637795276" VPOS="121.60629921259843" HPOS="122.74015748031496"/>
            <String HEIGHT="10.771653543307087" WIDTH="62.92913385826772" VPOS="121.60629921259843" HPOS="108.28346456692914" CONTENT="Tonneins," ID="tl_10_5" STYLEREFS="FONT0"/>
            <SP HEIGHT="10.771653543307087" WIDTH="4.818897637795276" VPOS="121.60629921259843" HPOS="171.21259842519686"/>
            <String HEIGHT="10.771653543307087" WIDTH="34.01574803149607" VPOS="121.60629921259843" HPOS="156.75590551181102" CONTENT="Ier" ID="tl_10_6" STYLEREFS="FONT0"/>
            <SP HEIGHT="10.771653543307087" WIDTH="4.818897637795276" VPOS="121.60629921259843" HPOS="190.77165354330708"/>
            <String HEIGHT="10.771653543307087" WIDTH="38.83464566929134" VPOS="121.60629921259843" HPOS="176.03149606299212" CONTENT="août" ID="tl_10_7" STYLEREFS="FONT0"/>
            <SP HEIGHT="10.771653543307087" WIDTH="4.818897637795276" VPOS="121.60629921259843" HPOS="214.86614173228347"/>
            <String HEIGHT="10.771653543307087" WIDTH="53.29133858267716" VPOS="121.60629921259843" HPOS="200.40944881889763" CONTENT="(1621)," ID="tl_10_8" STYLEREFS="FONT0"/>
            <SP HEIGHT="10.771653543307087" WIDTH="4.818897637795276" VPOS="121.60629921259843" HPOS="253.70078740157481"/>
            <String HEIGHT="10.771653543307087" WIDTH="24.094488188976378" VPOS="121.60629921259843" HPOS="239.24409448818898" CONTENT="1" ID="tl_10_9" STYLEREFS="FONT0"/>
            <SP HEIGHT="10.771653543307087" WIDTH="4.818897637795276" VPOS="121.60629921259843" HPOS="263.33858267716533"/>
            <String HEIGHT="10.771653543307087" WIDTH="29.19685039370079" VPOS="121.60629921259843" HPOS="248.88188976377953" CONTENT="p." ID="tl_10_10" STYLEREFS="FONT0"/>
            <SP HEIGHT="10.771653543307087" WIDTH="4.818897637795276" VPOS="121.60629921259843" HPOS="277.79527559055117"/>
            <String HEIGHT="10.771653543307087" WIDTH="53.29133858267716" VPOS="121.60629921259843" HPOS="263.33858267716533" CONTENT="in-fol." ID="tl_10_11" STYLEREFS="FONT0"/>
            <SP HEIGHT="10.771653543307087" WIDTH="4.818897637795276" VPOS="121.60629921259843" HPOS="316.62992125984255"/>
            <String HEIGHT="10.771653543307087" WIDTH="58.110236220472444" VPOS="121.60629921259843" HPOS="302.1732283464567" CONTENT="Cachets." ID="tl_10_12" STYLEREFS="FONT0"/>
            <SP HEIGHT="10.771653543307087" WIDTH="4.818897637795276" VPOS="121.60629921259843" HPOS="360.2834645669291"/>
            <String HEIGHT="10.771653543307087" WIDTH="24.094488188976378" VPOS="121.60629921259843" HPOS="341.00787401574803" CONTENT="Lé" SUBS_TYPE="HypPart1" SUBS_CONTENT="Légères" ID="tl_10_13" STYLEREFS="FONT0"/>
            <HYP CONTENT="-"/>
          </TextLine>
          <TextLine ID="tl_11" BASELINE="502" HEIGHT="10.204724409448819" WIDTH="310.1102362204724" VPOS="132.09448818897638" HPOS="55.55905511811024">
            <String HEIGHT="10.204724409448819" WIDTH="52.724409448818896" VPOS="132.09448818897638" HPOS="49.60629921259842" CONTENT="gères" SUBS_TYPE="HypPart2" SUBS_CONTENT="Légères" ID="tl_11_1" STYLEREFS="FONT0"/>
            <SP HEIGHT="10.204724409448819" WIDTH="5.952755905511811" VPOS="132.09448818897638" HPOS="102.33070866141732"/>
            <String HEIGHT="10.204724409448819" WIDTH="70.2992125984252" VPOS="132.09448818897638" HPOS="84.75590551181102" CONTENT="brûlures" ID="tl_11_2" STYLEREFS="FONT0"/>
            <SP HEIGHT="10.204724409448819" WIDTH="5.952755905511811" VPOS="132.09448818897638" HPOS="155.0551181102362"/>
            <String HEIGHT="10.204724409448819" WIDTH="81.92125984251969" VPOS="132.09448818897638" HPOS="137.48031496062993" CONTENT="atteignant" ID="tl_11_3" STYLEREFS="FONT0"/>
            <SP HEIGHT="10.204724409448819" WIDTH="5.952755905511811" VPOS="132.09448818897638" HPOS="219.4015748031496"/>
            <String HEIGHT="10.204724409448819" WIDTH="35.1496062992126" VPOS="132.09448818897638" HPOS="201.82677165354332" CONTENT="le" ID="tl_11_4" STYLEREFS="FONT0"/>
            <SP HEIGHT="10.204724409448819" WIDTH="5.952755905511811" VPOS="132.09448818897638" HPOS="236.9763779527559"/>
            <String HEIGHT="10.204724409448819" WIDTH="58.39370078740158" VPOS="132.09448818897638" HPOS="219.4015748031496" CONTENT="texte." ID="tl_11_5" STYLEREFS="FONT0"/>
            <SP HEIGHT="10.204724409448819" WIDTH="5.952755905511811" VPOS="132.09448818897638" HPOS="277.79527559055117"/>
            <String HEIGHT="10.204724409448819" WIDTH="93.54330708661418" VPOS="132.09448818897638" HPOS="260.2204724409449" CONTENT="Rare." ID="tl_11_6" STYLEREFS="FONT2"/>
            <SP HEIGHT="10.204724409448819" WIDTH="5.952755905511811" VPOS="132.09448818897638" HPOS="354.0472440944882"/>
            <String HEIGHT="10.204724409448819" WIDTH="35.1496062992126" VPOS="132.09448818897638" HPOS="336.4724409448819" CONTENT="20" ID="tl_11_7" STYLEREFS="FONT0"/>
            <SP HEIGHT="10.204724409448819" WIDTH="5.952755905511811" VPOS="132.09448818897638" HPOS="371.62204724409446"/>
            <String HEIGHT="10.204724409448819" WIDTH="17.5748031496063" VPOS="132.09448818897638" HPOS="348.09448818897636" CONTENT="»" ID="tl_11_8" STYLEREFS="FONT0"/>
          </TextLine>
        </TextBlock>
        <TextBlock ID="r_2_5" HEIGHT="21.25984251968504" WIDTH="330.23622047244095" VPOS="143.71653543307087" HPOS="36.0">
          <TextLine ID="tl_12" BASELINE="545" HEIGHT="10.488188976377952" WIDTH="329.6692913385827" VPOS="144.0" HPOS="36.28346456692913">
            <String HEIGHT="10.488188976377952" WIDTH="32.59842519685039" VPOS="144.0" HPOS="31.748031496062993" CONTENT="118" ID="tl_12_1" STYLEREFS="FONT0"/>
            <SP HEIGHT="10.488188976377952" WIDTH="4.535433070866142" VPOS="144.0" HPOS="64.06299212598425"/>
            <String HEIGHT="10.488188976377952" WIDTH="92.97637795275591" VPOS="144.0" HPOS="50.173228346456696" CONTENT="Martillac" ID="tl_12_2" STYLEREFS="FONT1"/>
            <SP HEIGHT="10.488188976377952" WIDTH="4.535433070866142" VPOS="144.0" HPOS="143.1496062992126"/>
            <String HEIGHT="10.488188976377952" WIDTH="64.91338582677166" VPOS="144.0" HPOS="129.25984251968504" CONTENT="(Gabrielle" ID="tl_12_3" STYLEREFS="FONT0"/>
            <SP HEIGHT="10.488188976377952" WIDTH="4.535433070866142" VPOS="144.0" HPOS="194.17322834645668"/>
            <String HEIGHT="10.488188976377952" WIDTH="37.13385826771653" VPOS="144.0" HPOS="180.28346456692913" CONTENT="de)," ID="tl_12_4" STYLEREFS="FONT0"/>
            <SP HEIGHT="10.488188976377952" WIDTH="4.535433070866142" VPOS="144.0" HPOS="217.41732283464566"/>
            <String HEIGHT="10.488188976377952" WIDTH="37.13385826771653" VPOS="144.0" HPOS="203.5275590551181" CONTENT="amie" ID="tl_12_5" STYLEREFS="FONT0"/>
            <SP HEIGHT="10.488188976377952" WIDTH="4.535433070866142" VPOS="144.0" HPOS="240.66141732283464"/>
            <String HEIGHT="10.488188976377952" WIDTH="27.77952755905512" VPOS="144.0" HPOS="226.77165354330708" CONTENT="de" ID="tl_12_6" STYLEREFS="FONT0"/>
            <SP HEIGHT="10.488188976377952" WIDTH="4.535433070866142" VPOS="144.0" HPOS="254.5511811023622"/>
            <String HEIGHT="10.488188976377952" WIDTH="37.13385826771653" VPOS="144.0" HPOS="240.66141732283464" CONTENT="Mmes" ID="tl_12_7" STYLEREFS="FONT0"/>
            <SP HEIGHT="10.488188976377952" WIDTH="4.535433070866142" VPOS="144.0" HPOS="277.79527559055117"/>
            <String HEIGHT="10.488188976377952" WIDTH="27.77952755905512" VPOS="144.0" HPOS="263.90551181102364" CONTENT="de" ID="tl_12_8" STYLEREFS="FONT0"/>
            <SP HEIGHT="10.488188976377952" WIDTH="4.535433070866142" VPOS="144.0" HPOS="291.68503937007875"/>
            <String HEIGHT="10.488188976377952" WIDTH="51.023622047244096" VPOS="144.0" HPOS="277.79527559055117" CONTENT="Sévigné" ID="tl_12_9" STYLEREFS="FONT0"/>
            <SP HEIGHT="10.488188976377952" WIDTH="4.535433070866142" VPOS="144.0" HPOS="328.81889763779526"/>
            <String HEIGHT="10.488188976377952" WIDTH="27.77952755905512" VPOS="144.0" HPOS="314.92913385826773" CONTENT="et" ID="tl_12_10" STYLEREFS="FONT0"/>
            <SP HEIGHT="10.488188976377952" WIDTH="4.535433070866142" VPOS="144.0" HPOS="342.70866141732284"/>
            <String HEIGHT="10.488188976377952" WIDTH="27.77952755905512" VPOS="144.0" HPOS="328.81889763779526" CONTENT="de" ID="tl_12_11" STYLEREFS="FONT0"/>
            <SP HEIGHT="10.488188976377952" WIDTH="4.535433070866142" VPOS="144.0" HPOS="356.59842519685037"/>
            <String HEIGHT="10.488188976377952" WIDTH="27.77952755905512" VPOS="144.0" HPOS="338.1732283464567" CONTENT="Gri" SUBS_TYPE="HypPart1" SUBS_CONTENT="Grignan.—" ID="tl_12_12" STYLEREFS="FONT0"/>
            <HYP CONTENT="-"/>
          </TextLine>
          <TextLine ID="tl_13" BASELINE="581" HEIGHT="10.488188976377952" WIDTH="310.6771653543307" VPOS="154.20472440944883" HPOS="55.275590551181104">
            <String HEIGHT="10.488188976377952" WIDTH="47.05511811023622" VPOS="154.20472440944883" HPOS="50.45669291338583" CONTENT="gnan.—" SUBS_TYPE="HypPart2" SUBS_CONTENT="Grignan.—" ID="tl_13_1" STYLEREFS="FONT0"/>
            <SP HEIGHT="10.488188976377952" WIDTH="4.818897637795276" VPOS="154.20472440944883" HPOS="97.51181102362204"/>
            <String HEIGHT="10.488188976377952" WIDTH="23.52755905511811" VPOS="154.20472440944883" HPOS="83.62204724409449" CONTENT="2" ID="tl_13_2" STYLEREFS="FONT0"/>
            <SP HEIGHT="10.488188976377952" WIDTH="4.818897637795276" VPOS="154.20472440944883" HPOS="107.14960629921259"/>
            <String HEIGHT="10.488188976377952" WIDTH="28.346456692913385" VPOS="154.20472440944883" HPOS="92.97637795275591" CONTENT="l." ID="tl_13_3" STYLEREFS="FONT0"/>
            <SP HEIGHT="10.488188976377952" WIDTH="4.818897637795276" VPOS="154.20472440944883" HPOS="121.03937007874016"/>
            <String HEIGHT="10.488188976377952" WIDTH="28.346456692913385" VPOS="154.20472440944883" HPOS="107.14960629921259" CONTENT="a." ID="tl_13_4" STYLEREFS="FONT0"/>
            <SP HEIGHT="10.488188976377952" WIDTH="4.818897637795276" VPOS="154.20472440944883" HPOS="135.21259842519686"/>
            <String HEIGHT="10.488188976377952" WIDTH="28.346456692913385" VPOS="154.20472440944883" HPOS="121.03937007874016" CONTENT="s." ID="tl_13_5" STYLEREFS="FONT0"/>
            <SP HEIGHT="10.488188976377952" WIDTH="4.818897637795276" VPOS="154.20472440944883" HPOS="149.38582677165354"/>
            <String HEIGHT="10.488188976377952" WIDTH="28.346456692913385" VPOS="154.20472440944883" HPOS="135.21259842519686" CONTENT="au" ID="tl_13_6" STYLEREFS="FONT0"/>
            <SP HEIGHT="10.488188976377952" WIDTH="4.818897637795276" VPOS="154.20472440944883" HPOS="163.55905511811022"/>
            <String HEIGHT="10.488188976377952" WIDTH="51.874015748031496" VPOS="154.20472440944883" HPOS="149.38582677165354" CONTENT="marquis" ID="tl_13_7" STYLEREFS="FONT0"/>
            <SP HEIGHT="10.488188976377952" WIDTH="4.818897637795276" VPOS="154.20472440944883" HPOS="201.25984251968504"/>
            <String HEIGHT="10.488188976377952" WIDTH="28.346456692913385" VPOS="154.20472440944883" HPOS="187.08661417322836" CONTENT="de" ID="tl_13_8" STYLEREFS="FONT0"/>
            <SP HEIGHT="10.488188976377952" WIDTH="4.818897637795276" VPOS="154.20472440944883" HPOS="215.43307086614172"/>
            <String HEIGHT="10.488188976377952" WIDTH="28.346456692913385" VPOS="154.20472440944883" HPOS="201.25984251968504" CONTENT="la" ID="tl_13_9" STYLEREFS="FONT0"/>
            <SP HEIGHT="10.488188976377952" WIDTH="4.818897637795276" VPOS="154.20472440944883" HPOS="229.3228346456693"/>
            <String HEIGHT="10.488188976377952" WIDTH="47.05511811023622" VPOS="154.20472440944883" HPOS="215.43307086614172" CONTENT="Garde;" ID="tl_13_10" STYLEREFS="FONT0"/>
            <SP HEIGHT="10.488188976377952" WIDTH="4.818897637795276" VPOS="154.20472440944883" HPOS="262.48818897637796"/>
            <String HEIGHT="10.488188976377952" WIDTH="56.40944881889764" VPOS="154.20472440944883" HPOS="248.31496062992127" CONTENT="1697-98," ID="tl_13_11" STYLEREFS="FONT0"/>
            <SP HEIGHT="10.488188976377952" WIDTH="4.818897637795276" VPOS="154.20472440944883" HPOS="304.7244094488189"/>
            <String HEIGHT="10.488188976377952" WIDTH="23.52755905511811" VPOS="154.20472440944883" HPOS="290.5511811023622" CONTENT="6" ID="tl_13_12" STYLEREFS="FONT0"/>
            <SP HEIGHT="10.488188976377952" WIDTH="4.818897637795276" VPOS="154.20472440944883" HPOS="314.0787401574803"/>
            <String HEIGHT="10.488188976377952" WIDTH="28.346456692913385" VPOS="154.20472440944883" HPOS="300.18897637795277" CONTENT="p." ID="tl_13_13" STYLEREFS="FONT0"/>
            <SP HEIGHT="10.488188976377952" WIDTH="4.818897637795276" VPOS="154.20472440944883" HPOS="328.251968503937"/>
            <String HEIGHT="10.488188976377952" WIDTH="42.23622047244095" VPOS="154.20472440944883" HPOS="314.0787401574803" CONTENT="in-4." ID="tl_13_14" STYLEREFS="FONT0"/>
            <SP HEIGHT="10.488188976377952" WIDTH="4.818897637795276" VPOS="154.20472440944883" HPOS="356.59842519685037"/>
            <String HEIGHT="10.488188976377952" WIDTH="28.346456692913385" VPOS="154.20472440944883" HPOS="342.4251968503937" CONTENT="30" ID="tl_13_15" STYLEREFS="FONT0"/>
            <SP HEIGHT="10.488188976377952" WIDTH="4.818897637795276" VPOS="154.20472440944883" HPOS="370.7716535433071"/>
            <String HEIGHT="10.488188976377952" WIDTH="14.173228346456693" VPOS="154.20472440944883" HPOS="351.7795275590551" CONTENT="»" ID="tl_13_16" STYLEREFS="FONT0"/>
          </TextLine>
        </TextBlock>
        <TextBlock ID="r_2_6" HEIGHT="11.622047244094489" WIDTH="254.26771653543307" VPOS="162.14173228346456" HPOS="63.496062992125985">
          <TextLine ID="tl_14" BASELINE="612" HEIGHT="11.05511811023622" WIDTH="253.70078740157481" VPOS="162.4251968503937" HPOS="63.77952755905512">
            <String HEIGHT="11.05511811023622" WIDTH="42.23622047244095" VPOS="162.4251968503937" HPOS="59.52755905511811" CONTENT="Belles" ID="tl_14_1" STYLEREFS="FONT0"/>
            <SP HEIGHT="11.05511811023622" WIDTH="4.251968503937008" VPOS="162.4251968503937" HPOS="101.76377952755905"/>
            <String HEIGHT="11.05511811023622" WIDTH="46.488188976377955" VPOS="162.4251968503937" HPOS="89.29133858267717" CONTENT="lettres" ID="tl_14_2" STYLEREFS="FONT0"/>
            <SP HEIGHT="11.05511811023622" WIDTH="4.251968503937008" VPOS="162.4251968503937" HPOS="135.7795275590551"/>
            <String HEIGHT="11.05511811023622" WIDTH="33.732283464566926" VPOS="162.4251968503937" HPOS="123.02362204724409" CONTENT="dans" ID="tl_14_3" STYLEREFS="FONT0"/>
            <SP HEIGHT="11.05511811023622" WIDTH="4.251968503937008" VPOS="162.4251968503937" HPOS="156.75590551181102"/>
            <String HEIGHT="11.05511811023622" WIDTH="59.24409448818898" VPOS="162.4251968503937" HPOS="144.0" CONTENT="lesquelles" ID="tl_14_4" STYLEREFS="FONT0"/>
            <SP HEIGHT="11.05511811023622" WIDTH="4.251968503937008" VPOS="162.4251968503937" HPOS="203.24409448818898"/>
            <String HEIGHT="11.05511811023622" WIDTH="33.732283464566926" VPOS="162.4251968503937" HPOS="190.77165354330708" CONTENT="elle" ID="tl_14_5" STYLEREFS="FONT0"/>
            <SP HEIGHT="11.05511811023622" WIDTH="4.251968503937008" VPOS="162.4251968503937" HPOS="224.50393700787401"/>
            <String HEIGHT="11.05511811023622" WIDTH="37.98425196850393" VPOS="162.4251968503937" HPOS="211.748031496063" CONTENT="parle" ID="tl_14_6" STYLEREFS="FONT0"/>
            <SP HEIGHT="11.05511811023622" WIDTH="4.251968503937008" VPOS="162.4251968503937" HPOS="249.73228346456693"/>
            <String HEIGHT="11.05511811023622" WIDTH="25.511811023622048" VPOS="162.4251968503937" HPOS="237.25984251968504" CONTENT="de" ID="tl_14_7" STYLEREFS="FONT0"/>
            <SP HEIGHT="11.05511811023622" WIDTH="4.251968503937008" VPOS="162.4251968503937" HPOS="262.48818897637796"/>
            <String HEIGHT="11.05511811023622" WIDTH="29.480314960629922" VPOS="162.4251968503937" HPOS="249.73228346456693" CONTENT="Mme" ID="tl_14_8" STYLEREFS="FONT0"/>
            <SP HEIGHT="11.05511811023622" WIDTH="4.251968503937008" VPOS="162.4251968503937" HPOS="279.496062992126"/>
            <String HEIGHT="11.05511811023622" WIDTH="25.511811023622048" VPOS="162.4251968503937" HPOS="266.74015748031496" CONTENT="de" ID="tl_14_9" STYLEREFS="FONT0"/>
            <SP HEIGHT="11.05511811023622" WIDTH="4.251968503937008" VPOS="162.4251968503937" HPOS="292.251968503937"/>
            <String HEIGHT="11.05511811023622" WIDTH="42.23622047244095" VPOS="162.4251968503937" HPOS="275.244094488189" CONTENT="Grignan." ID="tl_14_10" STYLEREFS="FONT0"/>
          </TextLine>
        </TextBlock>
        <TextBlock ID="r_2_7" HEIGHT="11.05511811023622" WIDTH="330.8031496062992" VPOS="174.89763779527559" HPOS="35.1496062992126">
          <TextLine ID="tl_15" BASELINE="655" HEIGHT="10.488188976377952" WIDTH="330.23622047244095" VPOS="175.1811023622047" HPOS="35.43307086614173">
            <String HEIGHT="10.488188976377952" WIDTH="25.79527559055118" VPOS="175.1811023622047" HPOS="31.748031496062993" CONTENT="119" ID="tl_15_1" STYLEREFS="FONT0"/>
            <SP HEIGHT="10.488188976377952" WIDTH="3.6850393700787403" VPOS="175.1811023622047" HPOS="57.54330708661417"/>
            <String HEIGHT="10.488188976377952" WIDTH="69.73228346456693" VPOS="175.1811023622047" HPOS="46.488188976377955" CONTENT="Massenet" ID="tl_15_2" STYLEREFS="FONT1"/>
            <SP HEIGHT="10.488188976377952" WIDTH="3.6850393700787403" VPOS="175.1811023622047" HPOS="116.22047244094489"/>
            <String HEIGHT="10.488188976377952" WIDTH="33.16535433070866" VPOS="175.1811023622047" HPOS="105.16535433070867" CONTENT="(J.)," ID="tl_15_3" STYLEREFS="FONT0"/>
            <SP HEIGHT="10.488188976377952" WIDTH="3.6850393700787403" VPOS="175.1811023622047" HPOS="138.04724409448818"/>
            <String HEIGHT="10.488188976377952" WIDTH="40.25196850393701" VPOS="175.1811023622047" HPOS="127.2755905511811" CONTENT="célèbre" ID="tl_15_4" STYLEREFS="FONT0"/>
            <SP HEIGHT="10.488188976377952" WIDTH="3.6850393700787403" VPOS="175.1811023622047" HPOS="167.5275590551181"/>
            <String HEIGHT="10.488188976377952" WIDTH="58.67716535433071" VPOS="175.1811023622047" HPOS="156.4724409448819" CONTENT="compositeur," ID="tl_15_5" STYLEREFS="FONT0"/>
            <SP HEIGHT="10.488188976377952" WIDTH="3.6850393700787403" VPOS="175.1811023622047" HPOS="215.1496062992126"/>
            <String HEIGHT="10.488188976377952" WIDTH="36.56692913385827" VPOS="175.1811023622047" HPOS="204.09448818897638" CONTENT="auteur" ID="tl_15_6" STYLEREFS="FONT0"/>
            <SP HEIGHT="10.488188976377952" WIDTH="3.6850393700787403" VPOS="175.1811023622047" HPOS="240.9448818897638"/>
            <String HEIGHT="10.488188976377952" WIDTH="80.78740157480316" VPOS="175.1811023622047" HPOS="229.88976377952756" CONTENT="d’Hérodiade" ID="tl_15_7" STYLEREFS="FONT2"/>
            <SP HEIGHT="10.488188976377952" WIDTH="3.6850393700787403" VPOS="175.1811023622047" HPOS="310.6771653543307"/>
            <String HEIGHT="10.488188976377952" WIDTH="22.11023622047244" VPOS="175.1811023622047" HPOS="299.62204724409446" CONTENT="et" ID="tl_15_8" STYLEREFS="FONT0"/>
            <SP HEIGHT="10.488188976377952" WIDTH="3.6850393700787403" VPOS="175.1811023622047" HPOS="321.73228346456693"/>
            <String HEIGHT="10.488188976377952" WIDTH="22.11023622047244" VPOS="175.1811023622047" HPOS="310.6771653543307" CONTENT="du" ID="tl_15_9" STYLEREFS="FONT0"/>
            <SP HEIGHT="10.488188976377952" WIDTH="3.6850393700787403" VPOS="175.1811023622047" HPOS="332.78740157480314"/>
            <String HEIGHT="10.488188976377952" WIDTH="47.62204724409449" VPOS="175.1811023622047" HPOS="318.0472440944882" CONTENT="Cid." ID="tl_15_10" STYLEREFS="FONT2"/>
          </TextLine>
        </TextBlock>
        <TextBlock ID="r_2_8" HEIGHT="11.05511811023622" WIDTH="310.6771653543307" VPOS="185.10236220472441" HPOS="55.275590551181104">
          <TextLine ID="tl_16" BASELINE="691" HEIGHT="10.488188976377952" WIDTH="310.1102362204724" VPOS="185.38582677165354" HPOS="55.55905511811024">
            <String HEIGHT="10.488188976377952" WIDTH="44.22047244094488" VPOS="185.38582677165354" HPOS="46.77165354330709" CONTENT="—" ID="tl_16_1" STYLEREFS="FONT0"/>
            <SP HEIGHT="10.488188976377952" WIDTH="8.78740157480315" VPOS="185.38582677165354" HPOS="90.99212598425197"/>
            <String HEIGHT="10.488188976377952" WIDTH="88.7244094488189" VPOS="185.38582677165354" HPOS="64.34645669291339" CONTENT="Billet" ID="tl_16_2" STYLEREFS="FONT0"/>
            <SP HEIGHT="10.488188976377952" WIDTH="8.78740157480315" VPOS="185.38582677165354" HPOS="153.0708661417323"/>
            <String HEIGHT="10.488188976377952" WIDTH="70.86614173228347" VPOS="185.38582677165354" HPOS="126.4251968503937" CONTENT="aut." ID="tl_16_3" STYLEREFS="FONT0"/>
            <SP HEIGHT="10.488188976377952" WIDTH="8.78740157480315" VPOS="185.38582677165354" HPOS="197.29133858267716"/>
            <String HEIGHT="10.488188976377952" WIDTH="79.65354330708661" VPOS="185.38582677165354" HPOS="170.64566929133858" CONTENT="sig.," ID="tl_16_4" STYLEREFS="FONT0"/>
            <SP HEIGHT="10.488188976377952" WIDTH="8.78740157480315" VPOS="185.38582677165354" HPOS="250.58267716535434"/>
            <String HEIGHT="10.488188976377952" WIDTH="44.22047244094488" VPOS="185.38582677165354" HPOS="223.93700787401573" CONTENT="1" ID="tl_16_5" STYLEREFS="FONT0"/>
            <SP HEIGHT="10.488188976377952" WIDTH="8.78740157480315" VPOS="185.38582677165354" HPOS="268.15748031496065"/>
            <String HEIGHT="10.488188976377952" WIDTH="53.29133858267716" VPOS="185.38582677165354" HPOS="241.51181102362204" CONTENT="p." ID="tl_16_6" STYLEREFS="FONT0"/>
            <SP HEIGHT="10.488188976377952" WIDTH="8.78740157480315" VPOS="185.38582677165354" HPOS="294.8031496062992"/>
            <String HEIGHT="10.488188976377952" WIDTH="88.7244094488189" VPOS="185.38582677165354" HPOS="268.15748031496065" CONTENT="in-18." ID="tl_16_7" STYLEREFS="FONT0"/>
            <SP HEIGHT="10.488188976377952" WIDTH="8.78740157480315" VPOS="185.38582677165354" HPOS="356.88188976377955"/>
            <String HEIGHT="10.488188976377952" WIDTH="44.22047244094488" VPOS="185.38582677165354" HPOS="330.23622047244095" CONTENT="7" ID="tl_16_8" STYLEREFS="FONT0"/>
            <SP HEIGHT="10.488188976377952" WIDTH="8.78740157480315" VPOS="185.38582677165354" HPOS="374.45669291338584"/>
            <String HEIGHT="10.488188976377952" WIDTH="26.64566929133858" VPOS="185.38582677165354" HPOS="339.0236220472441" CONTENT="»" ID="tl_16_9" STYLEREFS="FONT0"/>
          </TextLine>
        </TextBlock>
        <TextBlock ID="r_2_9" HEIGHT="11.05511811023622" WIDTH="331.37007874015745" VPOS="195.30708661417322" HPOS="35.1496062992126">
          <TextLine ID="tl_17" BASELINE="727" HEIGHT="10.488188976377952" WIDTH="330.8031496062992" VPOS="195.59055118110237" HPOS="35.43307086614173">
            <String HEIGHT="10.488188976377952" WIDTH="29.763779527559056" VPOS="195.59055118110237" HPOS="31.181102362204726" CONTENT="120" ID="tl_17_1" STYLEREFS="FONT0"/>
            <SP HEIGHT="10.488188976377952" WIDTH="4.251968503937008" VPOS="195.59055118110237" HPOS="60.94488188976378"/>
            <String HEIGHT="10.488188976377952" WIDTH="89.00787401574803" VPOS="195.59055118110237" HPOS="48.188976377952756" CONTENT="Maupertuis" ID="tl_17_2" STYLEREFS="FONT1"/>
            <SP HEIGHT="10.488188976377952" WIDTH="4.251968503937008" VPOS="195.59055118110237" HPOS="137.1968503937008"/>
            <String HEIGHT="10.488188976377952" WIDTH="42.51968503937008" VPOS="195.59055118110237" HPOS="124.44094488188976" CONTENT="(P.-L." ID="tl_17_3" STYLEREFS="FONT0"/>
            <SP HEIGHT="10.488188976377952" WIDTH="4.251968503937008" VPOS="195.59055118110237" HPOS="166.96062992125985"/>
            <String HEIGHT="10.488188976377952" WIDTH="72.0" VPOS="195.59055118110237" HPOS="154.20472440944883" CONTENT="Moreau" ID="tl_17_4" STYLEREFS="FONT2"/>
            <SP HEIGHT="10.488188976377952" WIDTH="4.251968503937008" VPOS="195.59055118110237" HPOS="226.20472440944883"/>
            <String HEIGHT="10.488188976377952" WIDTH="34.01574803149607" VPOS="195.59055118110237" HPOS="213.4488188976378" CONTENT="de)," ID="tl_17_5" STYLEREFS="FONT0"/>
            <SP HEIGHT="10.488188976377952" WIDTH="4.251968503937008" VPOS="195.59055118110237" HPOS="247.46456692913387"/>
            <String HEIGHT="10.488188976377952" WIDTH="46.77165354330709" VPOS="195.59055118110237" HPOS="234.70866141732284" CONTENT="célèbre" ID="tl_17_6" STYLEREFS="FONT0"/>
            <SP HEIGHT="10.488188976377952" WIDTH="4.251968503937008" VPOS="195.59055118110237" HPOS="281.4803149606299"/>
            <String HEIGHT="10.488188976377952" WIDTH="51.023622047244096" VPOS="195.59055118110237" HPOS="268.7244094488189" CONTENT="géomètre" ID="tl_17_7" STYLEREFS="FONT0"/>
            <SP HEIGHT="10.488188976377952" WIDTH="4.251968503937008" VPOS="195.59055118110237" HPOS="319.46456692913387"/>
            <String HEIGHT="10.488188976377952" WIDTH="25.511811023622048" VPOS="195.59055118110237" HPOS="306.99212598425197" CONTENT="et" ID="tl_17_8" STYLEREFS="FONT0"/>
            <SP HEIGHT="10.488188976377952" WIDTH="4.251968503937008" VPOS="195.59055118110237" HPOS="332.2204724409449"/>
            <String HEIGHT="10.488188976377952" WIDTH="51.023622047244096" VPOS="195.59055118110237" HPOS="315.21259842519686" CONTENT="astronome," ID="tl_17_9" STYLEREFS="FONT0"/>
          </TextLine>
        </TextBlock>
        <TextBlock ID="r_2_10" HEIGHT="18.708661417322833" WIDTH="310.96062992125985" VPOS="205.51181102362204" HPOS="54.99212598425197">
          <TextLine ID="tl_18" BASELINE="762" HEIGHT="10.204724409448819" WIDTH="310.3937007874016" VPOS="205.79527559055117" HPOS="55.275590551181104">
            <String HEIGHT="10.204724409448819" WIDTH="30.614173228346456" VPOS="205.79527559055117" HPOS="50.173228346456696" CONTENT="de" ID="tl_18_1" STYLEREFS="FONT0"/>
            <SP HEIGHT="10.204724409448819" WIDTH="5.102362204724409" VPOS="205.79527559055117" HPOS="80.78740157480316"/>
            <String HEIGHT="10.204724409448819" WIDTH="55.84251968503937" VPOS="205.79527559055117" HPOS="65.48031496062993" CONTENT="l’Acad." ID="tl_18_2" STYLEREFS="FONT0"/>
            <SP HEIGHT="10.204724409448819" WIDTH="5.102362204724409" VPOS="205.79527559055117" HPOS="121.32283464566929"/>
            <String HEIGHT="10.204724409448819" WIDTH="35.71653543307087" VPOS="205.79527559055117" HPOS="106.2992125984252" CONTENT="fr." ID="tl_18_3" STYLEREFS="FONT0"/>
            <SP HEIGHT="10.204724409448819" WIDTH="5.102362204724409" VPOS="205.79527559055117" HPOS="141.73228346456693"/>
            <String HEIGHT="10.204724409448819" WIDTH="25.511811023622048" VPOS="205.79527559055117" HPOS="126.4251968503937" CONTENT="—" ID="tl_18_4" STYLEREFS="FONT0"/>
            <SP HEIGHT="10.204724409448819" WIDTH="5.102362204724409" VPOS="205.79527559055117" HPOS="151.93700787401573"/>
            <String HEIGHT="10.204724409448819" WIDTH="30.614173228346456" VPOS="205.79527559055117" HPOS="136.62992125984252" CONTENT="L." ID="tl_18_5" STYLEREFS="FONT0"/>
            <SP HEIGHT="10.204724409448819" WIDTH="5.102362204724409" VPOS="205.79527559055117" HPOS="167.24409448818898"/>
            <String HEIGHT="10.204724409448819" WIDTH="30.614173228346456" VPOS="205.79527559055117" HPOS="151.93700787401573" CONTENT="a." ID="tl_18_6" STYLEREFS="FONT0"/>
            <SP HEIGHT="10.204724409448819" WIDTH="5.102362204724409" VPOS="205.79527559055117" HPOS="182.5511811023622"/>
            <String HEIGHT="10.204724409448819" WIDTH="35.71653543307087" VPOS="205.79527559055117" HPOS="167.24409448818898" CONTENT="s.;" ID="tl_18_7" STYLEREFS="FONT0"/>
            <SP HEIGHT="10.204724409448819" WIDTH="5.102362204724409" VPOS="205.79527559055117" HPOS="202.96062992125985"/>
            <String HEIGHT="10.204724409448819" WIDTH="60.94488188976378" VPOS="205.79527559055117" HPOS="187.6535433070866" CONTENT="Postdam," ID="tl_18_8" STYLEREFS="FONT0"/>
            <SP HEIGHT="10.204724409448819" WIDTH="5.102362204724409" VPOS="205.79527559055117" HPOS="248.5984251968504"/>
            <String HEIGHT="10.204724409448819" WIDTH="30.614173228346456" VPOS="205.79527559055117" HPOS="233.29133858267716" CONTENT="12" ID="tl_18_9" STYLEREFS="FONT0"/>
            <SP HEIGHT="10.204724409448819" WIDTH="5.102362204724409" VPOS="205.79527559055117" HPOS="263.90551181102364"/>
            <String HEIGHT="10.204724409448819" WIDTH="40.818897637795274" VPOS="205.79527559055117" HPOS="248.5984251968504" CONTENT="mars" ID="tl_18_10" STYLEREFS="FONT0"/>
            <SP HEIGHT="10.204724409448819" WIDTH="5.102362204724409" VPOS="205.79527559055117" HPOS="289.4173228346457"/>
            <String HEIGHT="10.204724409448819" WIDTH="45.92125984251968" VPOS="205.79527559055117" HPOS="274.1102362204724" CONTENT="1748," ID="tl_18_11" STYLEREFS="FONT0"/>
            <SP HEIGHT="10.204724409448819" WIDTH="5.102362204724409" VPOS="205.79527559055117" HPOS="319.748031496063"/>
            <String HEIGHT="10.204724409448819" WIDTH="35.71653543307087" VPOS="205.79527559055117" HPOS="304.7244094488189" CONTENT="3/4" ID="tl_18_12" STYLEREFS="FONT0"/>
            <SP HEIGHT="10.204724409448819" WIDTH="5.102362204724409" VPOS="205.79527559055117" HPOS="340.15748031496065"/>
            <String HEIGHT="10.204724409448819" WIDTH="30.614173228346456" VPOS="205.79527559055117" HPOS="324.8503937007874" CONTENT="de" ID="tl_18_13" STYLEREFS="FONT0"/>
            <SP HEIGHT="10.204724409448819" WIDTH="5.102362204724409" VPOS="205.79527559055117" HPOS="355.46456692913387"/>
            <String HEIGHT="10.204724409448819" WIDTH="30.614173228346456" VPOS="205.79527559055117" HPOS="335.0551181102362" CONTENT="page" ID="tl_18_14" STYLEREFS="FONT0"/>
          </TextLine>
          <TextLine ID="tl_19" BASELINE="790" HEIGHT="8.220472440944881" WIDTH="310.1102362204724" VPOS="215.71653543307087" HPOS="55.55905511811024">
            <String HEIGHT="8.220472440944881" WIDTH="279.21259842519686" VPOS="215.71653543307087" HPOS="24.661417322834644" CONTENT="in-4." ID="tl_19_1" STYLEREFS="FONT0"/>
            <SP HEIGHT="8.220472440944881" WIDTH="30.89763779527559" VPOS="215.71653543307087" HPOS="303.59055118110234"/>
            <String HEIGHT="8.220472440944881" WIDTH="185.95275590551182" VPOS="215.71653543307087" HPOS="210.61417322834646" CONTENT="20" ID="tl_19_2" STYLEREFS="FONT0"/>
            <SP HEIGHT="8.220472440944881" WIDTH="30.89763779527559" VPOS="215.71653543307087" HPOS="396.56692913385825"/>
            <String HEIGHT="8.220472440944881" WIDTH="92.97637795275591" VPOS="215.71653543307087" HPOS="272.6929133858268" CONTENT="»" ID="tl_19_3" STYLEREFS="FONT0"/>
          </TextLine>
        </TextBlock>
        <TextBlock ID="r_2_11" HEIGHT="36.28346456692913" WIDTH="312.09448818897636" VPOS="225.63779527559055" HPOS="54.70866141732284">
          <TextLine ID="tl_20" BASELINE="828" HEIGHT="8.78740157480315" WIDTH="302.1732283464567" VPOS="225.92125984251967" HPOS="63.77952755905512">
            <String HEIGHT="8.78740157480315" WIDTH="44.503937007874015" VPOS="225.92125984251967" HPOS="59.24409448818898" CONTENT="Lettre" ID="tl_20_1" STYLEREFS="FONT0"/>
            <SP HEIGHT="8.78740157480315" WIDTH="4.535433070866142" VPOS="225.92125984251967" HPOS="103.74803149606299"/>
            <String HEIGHT="8.78740157480315" WIDTH="44.503937007874015" VPOS="225.92125984251967" HPOS="90.4251968503937" CONTENT="écrite" ID="tl_20_2" STYLEREFS="FONT0"/>
            <SP HEIGHT="8.78740157480315" WIDTH="4.535433070866142" VPOS="225.92125984251967" HPOS="134.9291338582677"/>
            <String HEIGHT="8.78740157480315" WIDTH="26.64566929133858" VPOS="225.92125984251967" HPOS="121.60629921259843" CONTENT="au" ID="tl_20_3" STYLEREFS="FONT0"/>
            <SP HEIGHT="8.78740157480315" WIDTH="4.535433070866142" VPOS="225.92125984251967" HPOS="148.251968503937"/>
            <String HEIGHT="8.78740157480315" WIDTH="31.181102362204726" VPOS="225.92125984251967" HPOS="134.9291338582677" CONTENT="nom" ID="tl_20_4" STYLEREFS="FONT0"/>
            <SP HEIGHT="8.78740157480315" WIDTH="4.535433070866142" VPOS="225.92125984251967" HPOS="166.11023622047244"/>
            <String HEIGHT="8.78740157480315" WIDTH="26.64566929133858" VPOS="225.92125984251967" HPOS="152.78740157480314" CONTENT="de" ID="tl_20_5" STYLEREFS="FONT0"/>
            <SP HEIGHT="8.78740157480315" WIDTH="4.535433070866142" VPOS="225.92125984251967" HPOS="179.43307086614172"/>
            <String HEIGHT="8.78740157480315" WIDTH="53.29133858267716" VPOS="225.92125984251967" HPOS="166.11023622047244" CONTENT="Frédéric" ID="tl_20_6" STYLEREFS="FONT0"/>
            <SP HEIGHT="8.78740157480315" WIDTH="4.535433070866142" VPOS="225.92125984251967" HPOS="219.4015748031496"/>
            <String HEIGHT="8.78740157480315" WIDTH="26.64566929133858" VPOS="225.92125984251967" HPOS="206.07874015748033" CONTENT="II" ID="tl_20_7" STYLEREFS="FONT0"/>
            <SP HEIGHT="8.78740157480315" WIDTH="4.535433070866142" VPOS="225.92125984251967" HPOS="232.7244094488189"/>
            <String HEIGHT="8.78740157480315" WIDTH="26.64566929133858" VPOS="225.92125984251967" HPOS="219.4015748031496" CONTENT="au" ID="tl_20_8" STYLEREFS="FONT0"/>
            <SP HEIGHT="8.78740157480315" WIDTH="4.535433070866142" VPOS="225.92125984251967" HPOS="246.04724409448818"/>
            <String HEIGHT="8.78740157480315" WIDTH="39.968503937007874" VPOS="225.92125984251967" HPOS="232.7244094488189" CONTENT="sujet" ID="tl_20_9" STYLEREFS="FONT0"/>
            <SP HEIGHT="8.78740157480315" WIDTH="4.535433070866142" VPOS="225.92125984251967" HPOS="272.6929133858268"/>
            <String HEIGHT="8.78740157480315" WIDTH="26.64566929133858" VPOS="225.92125984251967" HPOS="259.37007874015745" CONTENT="de" ID="tl_20_10" STYLEREFS="FONT0"/>
            <SP HEIGHT="8.78740157480315" WIDTH="4.535433070866142" VPOS="225.92125984251967" HPOS="286.01574803149606"/>
            <String HEIGHT="8.78740157480315" WIDTH="62.07874015748032" VPOS="225.92125984251967" HPOS="272.6929133858268" CONTENT="l’Académie" ID="tl_20_11" STYLEREFS="FONT0"/>
            <SP HEIGHT="8.78740157480315" WIDTH="4.535433070866142" VPOS="225.92125984251967" HPOS="334.7716535433071"/>
            <String HEIGHT="8.78740157480315" WIDTH="26.64566929133858" VPOS="225.92125984251967" HPOS="321.4488188976378" CONTENT="de" ID="tl_20_12" STYLEREFS="FONT0"/>
            <SP HEIGHT="8.78740157480315" WIDTH="4.535433070866142" VPOS="225.92125984251967" HPOS="348.09448818897636"/>
            <String HEIGHT="8.78740157480315" WIDTH="35.43307086614173" VPOS="225.92125984251967" HPOS="330.5196850393701" CONTENT="Berlin" ID="tl_20_13" STYLEREFS="FONT0"/>
          </TextLine>
          <TextLine ID="tl_21" BASELINE="860" HEIGHT="9.070866141732283" WIDTH="310.96062992125985" VPOS="234.70866141732284" HPOS="54.99212598425197">
            <String HEIGHT="9.070866141732283" WIDTH="27.77952755905512" VPOS="234.70866141732284" HPOS="50.45669291338583" CONTENT="et" ID="tl_21_1" STYLEREFS="FONT0"/>
            <SP HEIGHT="9.070866141732283" WIDTH="4.535433070866142" VPOS="234.70866141732284" HPOS="78.23622047244095"/>
            <String HEIGHT="9.070866141732283" WIDTH="27.77952755905512" VPOS="234.70866141732284" HPOS="64.34645669291339" CONTENT="du" ID="tl_21_2" STYLEREFS="FONT0"/>
            <SP HEIGHT="9.070866141732283" WIDTH="4.535433070866142" VPOS="234.70866141732284" HPOS="92.1259842519685"/>
            <String HEIGHT="9.070866141732283" WIDTH="60.37795275590551" VPOS="234.70866141732284" HPOS="78.23622047244095" CONTENT="privilège" ID="tl_21_3" STYLEREFS="FONT0"/>
            <SP HEIGHT="9.070866141732283" WIDTH="4.535433070866142" VPOS="234.70866141732284" HPOS="138.61417322834646"/>
            <String HEIGHT="9.070866141732283" WIDTH="27.77952755905512" VPOS="234.70866141732284" HPOS="124.7244094488189" CONTENT="de" ID="tl_21_4" STYLEREFS="FONT0"/>
            <SP HEIGHT="9.070866141732283" WIDTH="4.535433070866142" VPOS="234.70866141732284" HPOS="152.50393700787401"/>
            <String HEIGHT="9.070866141732283" WIDTH="27.77952755905512" VPOS="234.70866141732284" HPOS="138.61417322834646" CONTENT="la" ID="tl_21_5" STYLEREFS="FONT0"/>
            <SP HEIGHT="9.070866141732283" WIDTH="4.535433070866142" VPOS="234.70866141732284" HPOS="166.39370078740157"/>
            <String HEIGHT="9.070866141732283" WIDTH="51.023622047244096" VPOS="234.70866141732284" HPOS="152.50393700787401" CONTENT="censure" ID="tl_21_6" STYLEREFS="FONT0"/>
            <SP HEIGHT="9.070866141732283" WIDTH="4.535433070866142" VPOS="234.70866141732284" HPOS="203.5275590551181"/>
            <String HEIGHT="9.070866141732283" WIDTH="32.59842519685039" VPOS="234.70866141732284" HPOS="189.63779527559055" CONTENT="des" ID="tl_21_7" STYLEREFS="FONT0"/>
            <SP HEIGHT="9.070866141732283" WIDTH="4.535433070866142" VPOS="234.70866141732284" HPOS="221.95275590551182"/>
            <String HEIGHT="9.070866141732283" WIDTH="51.023622047244096" VPOS="234.70866141732284" HPOS="208.06299212598427" CONTENT="livres:" ID="tl_21_8" STYLEREFS="FONT0"/>
            <SP HEIGHT="9.070866141732283" WIDTH="4.535433070866142" VPOS="234.70866141732284" HPOS="259.0866141732283"/>
            <String HEIGHT="9.070866141732283" WIDTH="32.59842519685039" VPOS="234.70866141732284" HPOS="245.1968503937008" CONTENT="«Sa" ID="tl_21_9" STYLEREFS="FONT0"/>
            <SP HEIGHT="9.070866141732283" WIDTH="4.535433070866142" VPOS="234.70866141732284" HPOS="277.79527559055117"/>
            <String HEIGHT="9.070866141732283" WIDTH="51.023622047244096" VPOS="234.70866141732284" HPOS="263.90551181102364" CONTENT="Majesté" ID="tl_21_10" STYLEREFS="FONT0"/>
            <SP HEIGHT="9.070866141732283" WIDTH="4.535433070866142" VPOS="234.70866141732284" HPOS="314.92913385826773"/>
            <String HEIGHT="9.070866141732283" WIDTH="41.669291338582674" VPOS="234.70866141732284" HPOS="301.03937007874015" CONTENT="ayant" ID="tl_21_11" STYLEREFS="FONT0"/>
            <SP HEIGHT="9.070866141732283" WIDTH="4.535433070866142" VPOS="234.70866141732284" HPOS="342.70866141732284"/>
            <String HEIGHT="9.070866141732283" WIDTH="41.669291338582674" VPOS="234.70866141732284" HPOS="324.2834645669291" CONTENT="reconnu" ID="tl_21_12" STYLEREFS="FONT0"/>
          </TextLine>
          <TextLine ID="tl_22" BASELINE="891" HEIGHT="10.204724409448819" WIDTH="311.244094488189" VPOS="242.36220472440945" HPOS="55.275590551181104">
            <String HEIGHT="10.204724409448819" WIDTH="37.41732283464567" VPOS="242.36220472440945" HPOS="51.023622047244096" CONTENT="qu’il" ID="tl_22_1" STYLEREFS="FONT0"/>
            <SP HEIGHT="10.204724409448819" WIDTH="4.251968503937008" VPOS="242.36220472440945" HPOS="88.44094488188976"/>
            <String HEIGHT="10.204724409448819" WIDTH="58.110236220472444" VPOS="242.36220472440945" HPOS="75.96850393700787" CONTENT="entraînait" ID="tl_22_2" STYLEREFS="FONT0"/>
            <SP HEIGHT="10.204724409448819" WIDTH="4.251968503937008" VPOS="242.36220472440945" HPOS="134.07874015748033"/>
            <String HEIGHT="10.204724409448819" WIDTH="24.944881889763778" VPOS="242.36220472440945" HPOS="121.60629921259843" CONTENT="de" ID="tl_22_3" STYLEREFS="FONT0"/>
            <SP HEIGHT="10.204724409448819" WIDTH="4.251968503937008" VPOS="242.36220472440945" HPOS="146.5511811023622"/>
            <String HEIGHT="10.204724409448819" WIDTH="33.16535433070866" VPOS="242.36220472440945" HPOS="134.07874015748033" CONTENT="trop" ID="tl_22_4" STYLEREFS="FONT0"/>
            <SP HEIGHT="10.204724409448819" WIDTH="4.251968503937008" VPOS="242.36220472440945" HPOS="167.24409448818898"/>
            <String HEIGHT="10.204724409448819" WIDTH="41.38582677165354" VPOS="242.36220472440945" HPOS="154.77165354330708" CONTENT="grands" ID="tl_22_5" STYLEREFS="FONT0"/>
            <SP HEIGHT="10.204724409448819" WIDTH="4.251968503937008" VPOS="242.36220472440945" HPOS="196.44094488188978"/>
            <String HEIGHT="10.204724409448819" WIDTH="70.58267716535433" VPOS="242.36220472440945" HPOS="183.96850393700788" CONTENT="inconvénients" ID="tl_22_6" STYLEREFS="FONT0"/>
            <SP HEIGHT="10.204724409448819" WIDTH="4.251968503937008" VPOS="242.36220472440945" HPOS="254.5511811023622"/>
            <String HEIGHT="10.204724409448819" WIDTH="33.16535433070866" VPOS="242.36220472440945" HPOS="242.07874015748033" CONTENT="dans" ID="tl_22_7" STYLEREFS="FONT0"/>
            <SP HEIGHT="10.204724409448819" WIDTH="4.251968503937008" VPOS="242.36220472440945" HPOS="275.244094488189"/>
            <String HEIGHT="10.204724409448819" WIDTH="24.944881889763778" VPOS="242.36220472440945" HPOS="262.7716535433071" CONTENT="la" ID="tl_22_8" STYLEREFS="FONT0"/>
            <SP HEIGHT="10.204724409448819" WIDTH="4.251968503937008" VPOS="242.36220472440945" HPOS="287.7165354330709"/>
            <String HEIGHT="10.204724409448819" WIDTH="58.110236220472444" VPOS="242.36220472440945" HPOS="275.244094488189" CONTENT="librairie," ID="tl_22_9" STYLEREFS="FONT0"/>
            <SP HEIGHT="10.204724409448819" WIDTH="4.251968503937008" VPOS="242.36220472440945" HPOS="333.3543307086614"/>
            <String HEIGHT="10.204724409448819" WIDTH="33.16535433070866" VPOS="242.36220472440945" HPOS="320.88188976377955" CONTENT="elle" ID="tl_22_10" STYLEREFS="FONT0"/>
            <SP HEIGHT="10.204724409448819" WIDTH="4.251968503937008" VPOS="242.36220472440945" HPOS="354.0472440944882"/>
            <String HEIGHT="10.204724409448819" WIDTH="28.913385826771652" VPOS="242.36220472440945" HPOS="337.6062992125984" CONTENT="s’est" ID="tl_22_11" STYLEREFS="FONT0"/>
          </TextLine>
          <TextLine ID="tl_23" BASELINE="923" HEIGHT="8.78740157480315" WIDTH="120.18897637795276" VPOS="252.8503937007874" HPOS="55.275590551181104">
            <String HEIGHT="8.78740157480315" WIDTH="64.62992125984252" VPOS="252.8503937007874" HPOS="50.74015748031496" CONTENT="déterminée" ID="tl_23_1" STYLEREFS="FONT0"/>
            <SP HEIGHT="8.78740157480315" WIDTH="4.535433070866142" VPOS="252.8503937007874" HPOS="115.37007874015748"/>
            <String HEIGHT="8.78740157480315" WIDTH="23.244094488188978" VPOS="252.8503937007874" HPOS="101.48031496062993" CONTENT="à" ID="tl_23_2" STYLEREFS="FONT0"/>
            <SP HEIGHT="8.78740157480315" WIDTH="4.535433070866142" VPOS="252.8503937007874" HPOS="124.7244094488189"/>
            <String HEIGHT="8.78740157480315" WIDTH="27.77952755905512" VPOS="252.8503937007874" HPOS="110.83464566929133" CONTENT="le" ID="tl_23_3" STYLEREFS="FONT0"/>
            <SP HEIGHT="8.78740157480315" WIDTH="4.535433070866142" VPOS="252.8503937007874" HPOS="138.61417322834646"/>
            <String HEIGHT="8.78740157480315" WIDTH="55.55905511811024" VPOS="252.8503937007874" HPOS="119.90551181102362" CONTENT="révoquer.»" ID="tl_23_4" STYLEREFS="FONT0"/>
          </TextLine>
        </TextBlock>
        <TextBlock ID="r_2_12" HEIGHT="11.05511811023622" WIDTH="331.37007874015745" VPOS="263.0551181102362" HPOS="35.1496062992126">
          <TextLine ID="tl_24" BASELINE="966" HEIGHT="10.488188976377952" WIDTH="330.8031496062992" VPOS="263.33858267716533" HPOS="35.43307086614173">
            <String HEIGHT="10.488188976377952" WIDTH="30.04724409448819" VPOS="263.33858267716533" HPOS="31.181102362204726" CONTENT="121" ID="tl_24_1" STYLEREFS="FONT0"/>
            <SP HEIGHT="10.488188976377952" WIDTH="4.251968503937008" VPOS="263.33858267716533" HPOS="61.22834645669291"/>
            <String HEIGHT="10.488188976377952" WIDTH="77.38582677165354" VPOS="263.33858267716533" HPOS="48.188976377952756" CONTENT="Mayenne" ID="tl_24_2" STYLEREFS="FONT1"/>
            <SP HEIGHT="10.488188976377952" WIDTH="4.251968503937008" VPOS="263.33858267716533" HPOS="125.5748031496063"/>
            <String HEIGHT="10.488188976377952" WIDTH="34.2992125984252" VPOS="263.33858267716533" HPOS="112.81889763779527" CONTENT="(Ch." ID="tl_24_3" STYLEREFS="FONT0"/>
            <SP HEIGHT="10.488188976377952" WIDTH="4.251968503937008" VPOS="263.33858267716533" HPOS="147.11811023622047"/>
            <String HEIGHT="10.488188976377952" WIDTH="25.79527559055118" VPOS="263.33858267716533" HPOS="134.36220472440945" CONTENT="de" ID="tl_24_4" STYLEREFS="FONT0"/>
            <SP HEIGHT="10.488188976377952" WIDTH="4.251968503937008" VPOS="263.33858267716533" HPOS="160.15748031496062"/>
            <String HEIGHT="10.488188976377952" WIDTH="85.88976377952756" VPOS="263.33858267716533" HPOS="147.11811023622047" CONTENT="Lorraine," ID="tl_24_5" STYLEREFS="FONT2"/>
            <SP HEIGHT="10.488188976377952" WIDTH="4.251968503937008" VPOS="263.33858267716533" HPOS="233.00787401574803"/>
            <String HEIGHT="10.488188976377952" WIDTH="30.04724409448819" VPOS="263.33858267716533" HPOS="220.251968503937" CONTENT="duc" ID="tl_24_6" STYLEREFS="FONT0"/>
            <SP HEIGHT="10.488188976377952" WIDTH="4.251968503937008" VPOS="263.33858267716533" HPOS="250.29921259842519"/>
            <String HEIGHT="10.488188976377952" WIDTH="34.2992125984252" VPOS="263.33858267716533" HPOS="237.25984251968504" CONTENT="de)," ID="tl_24_7" STYLEREFS="FONT0"/>
            <SP HEIGHT="10.488188976377952" WIDTH="4.251968503937008" VPOS="263.33858267716533" HPOS="271.84251968503935"/>
            <String HEIGHT="10.488188976377952" WIDTH="38.55118110236221" VPOS="263.33858267716533" HPOS="258.8031496062992" CONTENT="grand" ID="tl_24_8" STYLEREFS="FONT0"/>
            <SP HEIGHT="10.488188976377952" WIDTH="4.251968503937008" VPOS="263.33858267716533" HPOS="297.6377952755906"/>
            <String HEIGHT="10.488188976377952" WIDTH="60.09448818897638" VPOS="263.33858267716533" HPOS="284.59842519685037" CONTENT="capitaine," ID="tl_24_9" STYLEREFS="FONT0"/>
            <SP HEIGHT="10.488188976377952" WIDTH="4.251968503937008" VPOS="263.33858267716533" HPOS="344.6929133858268"/>
            <String HEIGHT="10.488188976377952" WIDTH="38.55118110236221" VPOS="263.33858267716533" HPOS="327.68503937007875" CONTENT="lieute" ID="tl_24_10" STYLEREFS="FONT0"/>
          </TextLine>
        </TextBlock>
        <TextBlock ID="r_2_13" HEIGHT="31.181102362204726" WIDTH="311.5275590551181" VPOS="273.25984251968504" HPOS="54.70866141732284">
          <TextLine ID="tl_25" BASELINE="1002" HEIGHT="10.488188976377952" WIDTH="310.6771653543307" VPOS="273.54330708661416" HPOS="55.275590551181104">
            <String HEIGHT="10.488188976377952" WIDTH="42.23622047244095" VPOS="273.54330708661416" HPOS="49.889763779527556" CONTENT="nant" ID="tl_25_1" STYLEREFS="FONT0"/>
            <SP HEIGHT="10.488188976377952" WIDTH="5.3858267716535435" VPOS="273.54330708661416" HPOS="92.1259842519685"/>
            <String HEIGHT="10.488188976377952" WIDTH="57.826771653543304" VPOS="273.54330708661416" HPOS="76.25196850393701" CONTENT="général" ID="tl_25_2" STYLEREFS="FONT0"/>
            <SP HEIGHT="10.488188976377952" WIDTH="5.3858267716535435" VPOS="273.54330708661416" HPOS="134.36220472440945"/>
            <String HEIGHT="10.488188976377952" WIDTH="31.46456692913386" VPOS="273.54330708661416" HPOS="118.48818897637796" CONTENT="du" ID="tl_25_3" STYLEREFS="FONT0"/>
            <SP HEIGHT="10.488188976377952" WIDTH="5.3858267716535435" VPOS="273.54330708661416" HPOS="149.95275590551182"/>
            <String HEIGHT="10.488188976377952" WIDTH="63.21259842519685" VPOS="273.54330708661416" HPOS="134.36220472440945" CONTENT="royaume," ID="tl_25_4" STYLEREFS="FONT0"/>
            <SP HEIGHT="10.488188976377952" WIDTH="5.3858267716535435" VPOS="273.54330708661416" HPOS="197.5748031496063"/>
            <String HEIGHT="10.488188976377952" WIDTH="31.46456692913386" VPOS="273.54330708661416" HPOS="181.70078740157481" CONTENT="le" ID="tl_25_5" STYLEREFS="FONT0"/>
            <SP HEIGHT="10.488188976377952" WIDTH="5.3858267716535435" VPOS="273.54330708661416" HPOS="213.16535433070865"/>
            <String HEIGHT="10.488188976377952" WIDTH="42.23622047244095" VPOS="273.54330708661416" HPOS="197.5748031496063" CONTENT="chef" ID="tl_25_6" STYLEREFS="FONT0"/>
            <SP HEIGHT="10.488188976377952" WIDTH="5.3858267716535435" VPOS="273.54330708661416" HPOS="239.5275590551181"/>
            <String HEIGHT="10.488188976377952" WIDTH="31.46456692913386" VPOS="273.54330708661416" HPOS="223.6535433070866" CONTENT="de" ID="tl_25_7" STYLEREFS="FONT0"/>
            <SP HEIGHT="10.488188976377952" WIDTH="5.3858267716535435" VPOS="273.54330708661416" HPOS="255.4015748031496"/>
            <String HEIGHT="10.488188976377952" WIDTH="31.46456692913386" VPOS="273.54330708661416" HPOS="239.5275590551181" CONTENT="la" ID="tl_25_8" STYLEREFS="FONT0"/>
            <SP HEIGHT="10.488188976377952" WIDTH="5.3858267716535435" VPOS="273.54330708661416" HPOS="271.2755905511811"/>
            <String HEIGHT="10.488188976377952" WIDTH="52.724409448818896" VPOS="273.54330708661416" HPOS="255.4015748031496" CONTENT="Ligue." ID="tl_25_9" STYLEREFS="FONT0"/>
            <SP HEIGHT="10.488188976377952" WIDTH="5.3858267716535435" VPOS="273.54330708661416" HPOS="308.12598425196853"/>
            <String HEIGHT="10.488188976377952" WIDTH="26.362204724409448" VPOS="273.54330708661416" HPOS="292.251968503937" CONTENT="—" ID="tl_25_10" STYLEREFS="FONT0"/>
            <SP HEIGHT="10.488188976377952" WIDTH="5.3858267716535435" VPOS="273.54330708661416" HPOS="318.61417322834643"/>
            <String HEIGHT="10.488188976377952" WIDTH="31.46456692913386" VPOS="273.54330708661416" HPOS="302.74015748031496" CONTENT="L." ID="tl_25_11" STYLEREFS="FONT0"/>
            <SP HEIGHT="10.488188976377952" WIDTH="5.3858267716535435" VPOS="273.54330708661416" HPOS="334.48818897637796"/>
            <String HEIGHT="10.488188976377952" WIDTH="31.46456692913386" VPOS="273.54330708661416" HPOS="318.61417322834643" CONTENT="a." ID="tl_25_12" STYLEREFS="FONT0"/>
            <SP HEIGHT="10.488188976377952" WIDTH="5.3858267716535435" VPOS="273.54330708661416" HPOS="350.0787401574803"/>
            <String HEIGHT="10.488188976377952" WIDTH="31.46456692913386" VPOS="273.54330708661416" HPOS="334.48818897637796" CONTENT="s." ID="tl_25_13" STYLEREFS="FONT0"/>
            <SP HEIGHT="10.488188976377952" WIDTH="5.3858267716535435" VPOS="273.54330708661416" HPOS="365.9527559055118"/>
            <String HEIGHT="10.488188976377952" WIDTH="20.976377952755904" VPOS="273.54330708661416" HPOS="344.9763779527559" CONTENT="au" ID="tl_25_14" STYLEREFS="FONT0"/>
          </TextLine>
          <TextLine ID="tl_26" BASELINE="1038" HEIGHT="10.488188976377952" WIDTH="310.3937007874016" VPOS="283.748031496063" HPOS="55.55905511811024">
            <String HEIGHT="10.488188976377952" WIDTH="37.41732283464567" VPOS="283.748031496063" HPOS="50.173228346456696" CONTENT="duc" ID="tl_26_1" STYLEREFS="FONT0"/>
            <SP HEIGHT="10.488188976377952" WIDTH="5.3858267716535435" VPOS="283.748031496063" HPOS="87.59055118110236"/>
            <String HEIGHT="10.488188976377952" WIDTH="32.031496062992126" VPOS="283.748031496063" HPOS="71.71653543307086" CONTENT="de" ID="tl_26_2" STYLEREFS="FONT0"/>
            <SP HEIGHT="10.488188976377952" WIDTH="5.3858267716535435" VPOS="283.748031496063" HPOS="103.74803149606299"/>
            <String HEIGHT="10.488188976377952" WIDTH="58.960629921259844" VPOS="283.748031496063" HPOS="87.59055118110236" CONTENT="Bavière" ID="tl_26_3" STYLEREFS="FONT0"/>
            <SP HEIGHT="10.488188976377952" WIDTH="5.3858267716535435" VPOS="283.748031496063" HPOS="146.5511811023622"/>
            <String HEIGHT="10.488188976377952" WIDTH="69.44881889763779" VPOS="283.748031496063" HPOS="130.39370078740157" CONTENT="(Frédéric" ID="tl_26_4" STYLEREFS="FONT0"/>
            <SP HEIGHT="10.488188976377952" WIDTH="5.3858267716535435" VPOS="283.748031496063" HPOS="200.1259842519685"/>
            <String HEIGHT="10.488188976377952" WIDTH="37.41732283464567" VPOS="283.748031496063" HPOS="183.96850393700788" CONTENT="IV," ID="tl_26_5" STYLEREFS="FONT0"/>
            <SP HEIGHT="10.488188976377952" WIDTH="5.3858267716535435" VPOS="283.748031496063" HPOS="221.38582677165354"/>
            <String HEIGHT="10.488188976377952" WIDTH="42.803149606299215" VPOS="283.748031496063" HPOS="205.51181102362204" CONTENT="chef" ID="tl_26_6" STYLEREFS="FONT0"/>
            <SP HEIGHT="10.488188976377952" WIDTH="5.3858267716535435" VPOS="283.748031496063" HPOS="248.31496062992127"/>
            <String HEIGHT="10.488188976377952" WIDTH="32.031496062992126" VPOS="283.748031496063" HPOS="232.15748031496062" CONTENT="de" ID="tl_26_7" STYLEREFS="FONT0"/>
            <SP HEIGHT="10.488188976377952" WIDTH="5.3858267716535435" VPOS="283.748031496063" HPOS="264.18897637795277"/>
            <String HEIGHT="10.488188976377952" WIDTH="32.031496062992126" VPOS="283.748031496063" HPOS="248.31496062992127" CONTENT="la" ID="tl_26_8" STYLEREFS="FONT0"/>
            <SP HEIGHT="10.488188976377952" WIDTH="5.3858267716535435" VPOS="283.748031496063" HPOS="280.34645669291336"/>
            <String HEIGHT="10.488188976377952" WIDTH="48.188976377952756" VPOS="283.748031496063" HPOS="264.18897637795277" CONTENT="Ligue" ID="tl_26_9" STYLEREFS="FONT0"/>
            <SP HEIGHT="10.488188976377952" WIDTH="5.3858267716535435" VPOS="283.748031496063" HPOS="312.37795275590554"/>
            <String HEIGHT="10.488188976377952" WIDTH="74.83464566929133" VPOS="283.748031496063" HPOS="291.11811023622045" CONTENT="catholique);" ID="tl_26_10" STYLEREFS="FONT0"/>
          </TextLine>
          <TextLine ID="tl_27" BASELINE="1073" HEIGHT="10.204724409448819" WIDTH="310.96062992125985" VPOS="293.9527559055118" HPOS="54.99212598425197">
            <String HEIGHT="10.204724409448819" WIDTH="67.46456692913385" VPOS="293.9527559055118" HPOS="48.188976377952756" CONTENT="Paris," ID="tl_27_1" STYLEREFS="FONT0"/>
            <SP HEIGHT="10.204724409448819" WIDTH="6.803149606299213" VPOS="293.9527559055118" HPOS="115.93700787401575"/>
            <String HEIGHT="10.204724409448819" WIDTH="40.53543307086614" VPOS="293.9527559055118" HPOS="95.5275590551181" CONTENT="15" ID="tl_27_2" STYLEREFS="FONT0"/>
            <SP HEIGHT="10.204724409448819" WIDTH="6.803149606299213" VPOS="293.9527559055118" HPOS="136.06299212598427"/>
            <String HEIGHT="10.204724409448819" WIDTH="60.94488188976378" VPOS="293.9527559055118" HPOS="115.93700787401575" CONTENT="sept." ID="tl_27_3" STYLEREFS="FONT0"/>
            <SP HEIGHT="10.204724409448819" WIDTH="6.803149606299213" VPOS="293.9527559055118" HPOS="176.5984251968504"/>
            <String HEIGHT="10.204724409448819" WIDTH="60.94488188976378" VPOS="293.9527559055118" HPOS="156.4724409448819" CONTENT="1593," ID="tl_27_4" STYLEREFS="FONT0"/>
            <SP HEIGHT="10.204724409448819" WIDTH="6.803149606299213" VPOS="293.9527559055118" HPOS="217.13385826771653"/>
            <String HEIGHT="10.204724409448819" WIDTH="33.732283464566926" VPOS="293.9527559055118" HPOS="197.00787401574803" CONTENT="3" ID="tl_27_5" STYLEREFS="FONT0"/>
            <SP HEIGHT="10.204724409448819" WIDTH="6.803149606299213" VPOS="293.9527559055118" HPOS="230.74015748031496"/>
            <String HEIGHT="10.204724409448819" WIDTH="40.53543307086614" VPOS="293.9527559055118" HPOS="210.61417322834646" CONTENT="p." ID="tl_27_6" STYLEREFS="FONT0"/>
            <SP HEIGHT="10.204724409448819" WIDTH="6.803149606299213" VPOS="293.9527559055118" HPOS="251.1496062992126"/>
            <String HEIGHT="10.204724409448819" WIDTH="60.94488188976378" VPOS="293.9527559055118" HPOS="230.74015748031496" CONTENT="in-f." ID="tl_27_7" STYLEREFS="FONT0"/>
            <SP HEIGHT="10.204724409448819" WIDTH="6.803149606299213" VPOS="293.9527559055118" HPOS="291.68503937007875"/>
            <String HEIGHT="10.204724409448819" WIDTH="74.26771653543307" VPOS="293.9527559055118" HPOS="271.2755905511811" CONTENT="Cachet." ID="tl_27_8" STYLEREFS="FONT0"/>
            <SP HEIGHT="10.204724409448819" WIDTH="6.803149606299213" VPOS="293.9527559055118" HPOS="345.54330708661416"/>
            <String HEIGHT="10.204724409448819" WIDTH="47.338582677165356" VPOS="293.9527559055118" HPOS="325.4173228346457" CONTENT="150" ID="tl_27_9" STYLEREFS="FONT0"/>
            <SP HEIGHT="10.204724409448819" WIDTH="6.803149606299213" VPOS="293.9527559055118" HPOS="372.755905511811"/>
            <String HEIGHT="10.204724409448819" WIDTH="20.409448818897637" VPOS="293.9527559055118" HPOS="345.54330708661416" CONTENT="»" ID="tl_27_10" STYLEREFS="FONT0"/>
          </TextLine>
        </TextBlock>
        <TextBlock ID="r_2_14" HEIGHT="116.50393700787401" WIDTH="313.2283464566929" VPOS="303.87401574803147" HPOS="53.85826771653543">
          <TextLine ID="tl_28" BASELINE="1105" HEIGHT="9.070866141732283" WIDTH="302.45669291338584" VPOS="304.15748031496065" HPOS="64.06299212598425">
            <String HEIGHT="9.070866141732283" WIDTH="45.07086614173228" VPOS="304.15748031496065" HPOS="59.52755905511811" CONTENT="Lettre" ID="tl_28_1" STYLEREFS="FONT0"/>
            <SP HEIGHT="9.070866141732283" WIDTH="4.535433070866142" VPOS="304.15748031496065" HPOS="104.5984251968504"/>
            <String HEIGHT="9.070866141732283" WIDTH="63.21259842519685" VPOS="304.15748031496065" HPOS="91.2755905511811" CONTENT="historique" ID="tl_28_2" STYLEREFS="FONT0"/>
            <SP HEIGHT="9.070866141732283" WIDTH="4.535433070866142" VPOS="304.15748031496065" HPOS="154.48818897637796"/>
            <String HEIGHT="9.070866141732283" WIDTH="40.53543307086614" VPOS="304.15748031496065" HPOS="140.88188976377953" CONTENT="d’une" ID="tl_28_3" STYLEREFS="FONT0"/>
            <SP HEIGHT="9.070866141732283" WIDTH="4.535433070866142" VPOS="304.15748031496065" HPOS="181.41732283464566"/>
            <String HEIGHT="9.070866141732283" WIDTH="45.07086614173228" VPOS="304.15748031496065" HPOS="167.81102362204723" CONTENT="grande" ID="tl_28_4" STYLEREFS="FONT0"/>
            <SP HEIGHT="9.070866141732283" WIDTH="4.535433070866142" VPOS="304.15748031496065" HPOS="213.16535433070865"/>
            <String HEIGHT="9.070866141732283" WIDTH="67.74803149606299" VPOS="304.15748031496065" HPOS="199.55905511811022" CONTENT="importance." ID="tl_28_5" STYLEREFS="FONT0"/>
            <SP HEIGHT="9.070866141732283" WIDTH="4.535433070866142" VPOS="304.15748031496065" HPOS="267.3070866141732"/>
            <String HEIGHT="9.070866141732283" WIDTH="27.212598425196852" VPOS="304.15748031496065" HPOS="253.70078740157481" CONTENT="Il" ID="tl_28_6" STYLEREFS="FONT0"/>
            <SP HEIGHT="9.070866141732283" WIDTH="4.535433070866142" VPOS="304.15748031496065" HPOS="280.62992125984255"/>
            <String HEIGHT="9.070866141732283" WIDTH="49.60629921259842" VPOS="304.15748031496065" HPOS="267.3070866141732" CONTENT="«espère" ID="tl_28_7" STYLEREFS="FONT0"/>
            <SP HEIGHT="9.070866141732283" WIDTH="4.535433070866142" VPOS="304.15748031496065" HPOS="316.9133858267717"/>
            <String HEIGHT="9.070866141732283" WIDTH="36.0" VPOS="304.15748031496065" HPOS="303.3070866141732" CONTENT="avec" ID="tl_28_8" STYLEREFS="FONT0"/>
            <SP HEIGHT="9.070866141732283" WIDTH="4.535433070866142" VPOS="304.15748031496065" HPOS="339.3070866141732"/>
            <String HEIGHT="9.070866141732283" WIDTH="27.212598425196852" VPOS="304.15748031496065" HPOS="325.98425196850394" CONTENT="la" ID="tl_28_9" STYLEREFS="FONT0"/>
            <SP HEIGHT="9.070866141732283" WIDTH="4.535433070866142" VPOS="304.15748031496065" HPOS="352.9133858267717"/>
            <String HEIGHT="9.070866141732283" WIDTH="31.46456692913386" VPOS="304.15748031496065" HPOS="335.0551181102362" CONTENT="grâce" ID="tl_28_10" STYLEREFS="FONT0"/>
          </TextLine>
          <TextLine ID="tl_29" BASELINE="1136" HEIGHT="9.070866141732283" WIDTH="311.81102362204723" VPOS="312.9448818897638" HPOS="54.70866141732284">
            <String HEIGHT="9.070866141732283" WIDTH="26.362204724409448" VPOS="312.9448818897638" HPOS="50.45669291338583" CONTENT="de" ID="tl_29_1" STYLEREFS="FONT0"/>
            <SP HEIGHT="9.070866141732283" WIDTH="4.251968503937008" VPOS="312.9448818897638" HPOS="76.53543307086615"/>
            <String HEIGHT="9.070866141732283" WIDTH="35.1496062992126" VPOS="312.9448818897638" HPOS="63.496062992125985" CONTENT="Dieu" ID="tl_29_2" STYLEREFS="FONT0"/>
            <SP HEIGHT="9.070866141732283" WIDTH="4.251968503937008" VPOS="312.9448818897638" HPOS="98.64566929133858"/>
            <String HEIGHT="9.070866141732283" WIDTH="30.614173228346456" VPOS="312.9448818897638" HPOS="85.32283464566929" CONTENT="que" ID="tl_29_3" STYLEREFS="FONT0"/>
            <SP HEIGHT="9.070866141732283" WIDTH="4.251968503937008" VPOS="312.9448818897638" HPOS="116.22047244094489"/>
            <String HEIGHT="9.070866141732283" WIDTH="30.614173228346456" VPOS="312.9448818897638" HPOS="102.89763779527559" CONTENT="ses" ID="tl_29_4" STYLEREFS="FONT0"/>
            <SP HEIGHT="9.070866141732283" WIDTH="4.251968503937008" VPOS="312.9448818897638" HPOS="133.79527559055117"/>
            <String HEIGHT="9.070866141732283" WIDTH="48.188976377952756" VPOS="312.9448818897638" HPOS="120.4724409448819" CONTENT="actions" ID="tl_29_5" STYLEREFS="FONT0"/>
            <SP HEIGHT="9.070866141732283" WIDTH="4.251968503937008" VPOS="312.9448818897638" HPOS="168.9448818897638"/>
            <String HEIGHT="9.070866141732283" WIDTH="26.362204724409448" VPOS="312.9448818897638" HPOS="155.6220472440945" CONTENT="ne" ID="tl_29_6" STYLEREFS="FONT0"/>
            <SP HEIGHT="9.070866141732283" WIDTH="4.251968503937008" VPOS="312.9448818897638" HPOS="181.98425196850394"/>
            <String HEIGHT="9.070866141732283" WIDTH="61.511811023622045" VPOS="312.9448818897638" HPOS="168.9448818897638" CONTENT="produiront" ID="tl_29_7" STYLEREFS="FONT0"/>
            <SP HEIGHT="9.070866141732283" WIDTH="4.251968503937008" VPOS="312.9448818897638" HPOS="230.45669291338584"/>
            <String HEIGHT="9.070866141732283" WIDTH="35.1496062992126" VPOS="312.9448818897638" HPOS="217.13385826771653" CONTENT="rien" ID="tl_29_8" STYLEREFS="FONT0"/>
            <SP HEIGHT="9.070866141732283" WIDTH="4.251968503937008" VPOS="312.9448818897638" HPOS="252.28346456692913"/>
            <String HEIGHT="9.070866141732283" WIDTH="26.362204724409448" VPOS="312.9448818897638" HPOS="239.24409448818898" CONTENT="au" ID="tl_29_9" STYLEREFS="FONT0"/>
            <SP HEIGHT="9.070866141732283" WIDTH="4.251968503937008" VPOS="312.9448818897638" HPOS="265.6062992125984"/>
            <String HEIGHT="9.070866141732283" WIDTH="56.976377952755904" VPOS="312.9448818897638" HPOS="252.28346456692913" CONTENT="préjudice" ID="tl_29_10" STYLEREFS="FONT0"/>
            <SP HEIGHT="9.070866141732283" WIDTH="4.251968503937008" VPOS="312.9448818897638" HPOS="309.54330708661416"/>
            <String HEIGHT="9.070866141732283" WIDTH="26.362204724409448" VPOS="312.9448818897638" HPOS="296.2204724409449" CONTENT="de" ID="tl_29_11" STYLEREFS="FONT0"/>
            <SP HEIGHT="9.070866141732283" WIDTH="4.251968503937008" VPOS="312.9448818897638" HPOS="322.5826771653543"/>
            <String HEIGHT="9.070866141732283" WIDTH="39.40157480314961" VPOS="312.9448818897638" HPOS="309.54330708661416" CONTENT="noire" ID="tl_29_12" STYLEREFS="FONT0"/>
            <SP HEIGHT="9.070866141732283" WIDTH="4.251968503937008" VPOS="312.9448818897638" HPOS="348.9448818897638"/>
            <String HEIGHT="9.070866141732283" WIDTH="35.1496062992126" VPOS="312.9448818897638" HPOS="331.37007874015745" CONTENT="sainte" ID="tl_29_13" STYLEREFS="FONT0"/>
          </TextLine>
          <TextLine ID="tl_30" BASELINE="1167" HEIGHT="8.78740157480315" WIDTH="312.37795275590554" VPOS="322.01574803149606" HPOS="54.14173228346457">
            <String HEIGHT="8.78740157480315" WIDTH="50.74015748031496" VPOS="322.01574803149606" HPOS="49.889763779527556" CONTENT="religion" ID="tl_30_1" STYLEREFS="FONT0"/>
            <SP HEIGHT="8.78740157480315" WIDTH="4.251968503937008" VPOS="322.01574803149606" HPOS="100.62992125984252"/>
            <String HEIGHT="8.78740157480315" WIDTH="25.228346456692915" VPOS="322.01574803149606" HPOS="87.8740157480315" CONTENT="ny" ID="tl_30_2" STYLEREFS="FONT0"/>
            <SP HEIGHT="8.78740157480315" WIDTH="4.251968503937008" VPOS="322.01574803149606" HPOS="113.10236220472441"/>
            <String HEIGHT="8.78740157480315" WIDTH="25.228346456692915" VPOS="322.01574803149606" HPOS="100.62992125984252" CONTENT="du" ID="tl_30_3" STYLEREFS="FONT0"/>
            <SP HEIGHT="8.78740157480315" WIDTH="4.251968503937008" VPOS="322.01574803149606" HPOS="125.85826771653544"/>
            <String HEIGHT="8.78740157480315" WIDTH="33.732283464566926" VPOS="322.01574803149606" HPOS="113.10236220472441" CONTENT="bien" ID="tl_30_4" STYLEREFS="FONT0"/>
            <SP HEIGHT="8.78740157480315" WIDTH="4.251968503937008" VPOS="322.01574803149606" HPOS="147.11811023622047"/>
            <String HEIGHT="8.78740157480315" WIDTH="46.488188976377955" VPOS="322.01574803149606" HPOS="134.36220472440945" CONTENT="général" ID="tl_30_5" STYLEREFS="FONT0"/>
            <SP HEIGHT="8.78740157480315" WIDTH="4.251968503937008" VPOS="322.01574803149606" HPOS="180.8503937007874"/>
            <String HEIGHT="8.78740157480315" WIDTH="25.228346456692915" VPOS="322.01574803149606" HPOS="168.09448818897638" CONTENT="de" ID="tl_30_6" STYLEREFS="FONT0"/>
            <SP HEIGHT="8.78740157480315" WIDTH="4.251968503937008" VPOS="322.01574803149606" HPOS="193.3228346456693"/>
            <String HEIGHT="8.78740157480315" WIDTH="25.228346456692915" VPOS="322.01574803149606" HPOS="180.8503937007874" CONTENT="la" ID="tl_30_7" STYLEREFS="FONT0"/>
            <SP HEIGHT="8.78740157480315" WIDTH="4.251968503937008" VPOS="322.01574803149606" HPOS="206.07874015748033"/>
            <String HEIGHT="8.78740157480315" WIDTH="67.46456692913385" VPOS="322.01574803149606" HPOS="193.3228346456693" CONTENT="crestienté»." ID="tl_30_8" STYLEREFS="FONT0"/>
            <SP HEIGHT="8.78740157480315" WIDTH="4.251968503937008" VPOS="322.01574803149606" HPOS="261.07086614173227"/>
            <String HEIGHT="8.78740157480315" WIDTH="46.488188976377955" VPOS="322.01574803149606" HPOS="248.31496062992127" CONTENT="Détails" ID="tl_30_9" STYLEREFS="FONT0"/>
            <SP HEIGHT="8.78740157480315" WIDTH="4.251968503937008" VPOS="322.01574803149606" HPOS="294.8031496062992"/>
            <String HEIGHT="8.78740157480315" WIDTH="29.480314960629922" VPOS="322.01574803149606" HPOS="282.0472440944882" CONTENT="sur" ID="tl_30_10" STYLEREFS="FONT0"/>
            <SP HEIGHT="8.78740157480315" WIDTH="4.251968503937008" VPOS="322.01574803149606" HPOS="311.5275590551181"/>
            <String HEIGHT="8.78740157480315" WIDTH="29.480314960629922" VPOS="322.01574803149606" HPOS="299.0551181102362" CONTENT="les" ID="tl_30_11" STYLEREFS="FONT0"/>
            <SP HEIGHT="8.78740157480315" WIDTH="4.251968503937008" VPOS="322.01574803149606" HPOS="328.53543307086613"/>
            <String HEIGHT="8.78740157480315" WIDTH="54.99212598425197" VPOS="322.01574803149606" HPOS="311.5275590551181" CONTENT="conférences" ID="tl_30_12" STYLEREFS="FONT0"/>
          </TextLine>
          <TextLine ID="tl_31" BASELINE="1193" HEIGHT="7.653543307086614" WIDTH="312.09448818897636" VPOS="330.5196850393701" HPOS="54.425196850393704">
            <String HEIGHT="7.653543307086614" WIDTH="27.496062992125985" VPOS="330.5196850393701" HPOS="49.889763779527556" CONTENT="de" ID="tl_31_1" STYLEREFS="FONT0"/>
            <SP HEIGHT="7.653543307086614" WIDTH="4.535433070866142" VPOS="330.5196850393701" HPOS="77.38582677165354"/>
            <String HEIGHT="7.653543307086614" WIDTH="54.99212598425197" VPOS="330.5196850393701" HPOS="63.496062992125985" CONTENT="Suresnes" ID="tl_31_2" STYLEREFS="FONT0"/>
            <SP HEIGHT="7.653543307086614" WIDTH="4.535433070866142" VPOS="330.5196850393701" HPOS="118.77165354330708"/>
            <String HEIGHT="7.653543307086614" WIDTH="27.496062992125985" VPOS="330.5196850393701" HPOS="104.88188976377953" CONTENT="et" ID="tl_31_3" STYLEREFS="FONT0"/>
            <SP HEIGHT="7.653543307086614" WIDTH="4.535433070866142" VPOS="330.5196850393701" HPOS="132.3779527559055"/>
            <String HEIGHT="7.653543307086614" WIDTH="27.496062992125985" VPOS="330.5196850393701" HPOS="118.77165354330708" CONTENT="la" ID="tl_31_4" STYLEREFS="FONT0"/>
            <SP HEIGHT="7.653543307086614" WIDTH="4.535433070866142" VPOS="330.5196850393701" HPOS="146.26771653543307"/>
            <String HEIGHT="7.653543307086614" WIDTH="41.38582677165354" VPOS="330.5196850393701" HPOS="132.3779527559055" CONTENT="trêve" ID="tl_31_5" STYLEREFS="FONT0"/>
            <SP HEIGHT="7.653543307086614" WIDTH="4.535433070866142" VPOS="330.5196850393701" HPOS="173.76377952755905"/>
            <String HEIGHT="7.653543307086614" WIDTH="27.496062992125985" VPOS="330.5196850393701" HPOS="159.8740157480315" CONTENT="de" ID="tl_31_6" STYLEREFS="FONT0"/>
            <SP HEIGHT="7.653543307086614" WIDTH="4.535433070866142" VPOS="330.5196850393701" HPOS="187.6535433070866"/>
            <String HEIGHT="7.653543307086614" WIDTH="27.496062992125985" VPOS="330.5196850393701" HPOS="173.76377952755905" CONTENT="la" ID="tl_31_7" STYLEREFS="FONT0"/>
            <SP HEIGHT="7.653543307086614" WIDTH="4.535433070866142" VPOS="330.5196850393701" HPOS="201.25984251968504"/>
            <String HEIGHT="7.653543307086614" WIDTH="59.52755905511811" VPOS="330.5196850393701" HPOS="187.6535433070866" CONTENT="Villette:" ID="tl_31_8" STYLEREFS="FONT0"/>
            <SP HEIGHT="7.653543307086614" WIDTH="4.535433070866142" VPOS="330.5196850393701" HPOS="247.1811023622047"/>
            <String HEIGHT="7.653543307086614" WIDTH="36.8503937007874" VPOS="330.5196850393701" HPOS="233.29133858267716" CONTENT="«Sur" ID="tl_31_9" STYLEREFS="FONT0"/>
            <SP HEIGHT="7.653543307086614" WIDTH="4.535433070866142" VPOS="330.5196850393701" HPOS="270.1417322834646"/>
            <String HEIGHT="7.653543307086614" WIDTH="59.52755905511811" VPOS="330.5196850393701" HPOS="256.251968503937" CONTENT="certaines" ID="tl_31_10" STYLEREFS="FONT0"/>
            <SP HEIGHT="7.653543307086614" WIDTH="4.535433070866142" VPOS="330.5196850393701" HPOS="316.06299212598424"/>
            <String HEIGHT="7.653543307086614" WIDTH="64.34645669291339" VPOS="330.5196850393701" HPOS="302.1732283464567" CONTENT="ouvertures" ID="tl_31_11" STYLEREFS="FONT0"/>
            <SP HEIGHT="7.653543307086614" WIDTH="4.535433070866142" VPOS="330.5196850393701" HPOS="366.5196850393701"/>
            <String HEIGHT="7.653543307086614" WIDTH="18.4251968503937" VPOS="330.5196850393701" HPOS="348.09448818897636" CONTENT="et" ID="tl_31_12" STYLEREFS="FONT0"/>
          </TextLine>
          <TextLine ID="tl_32" BASELINE="1231" HEIGHT="9.070866141732283" WIDTH="311.244094488189" VPOS="339.87401574803147" HPOS="54.70866141732284">
            <String HEIGHT="9.070866141732283" WIDTH="70.01574803149606" VPOS="339.87401574803147" HPOS="50.45669291338583" CONTENT="propositions" ID="tl_32_1" STYLEREFS="FONT0"/>
            <SP HEIGHT="9.070866141732283" WIDTH="4.251968503937008" VPOS="339.87401574803147" HPOS="120.4724409448819"/>
            <String HEIGHT="9.070866141732283" WIDTH="30.614173228346456" VPOS="339.87401574803147" HPOS="107.43307086614173" CONTENT="qui" ID="tl_32_2" STYLEREFS="FONT0"/>
            <SP HEIGHT="9.070866141732283" WIDTH="4.251968503937008" VPOS="339.87401574803147" HPOS="138.04724409448818"/>
            <String HEIGHT="9.070866141732283" WIDTH="35.1496062992126" VPOS="339.87401574803147" HPOS="124.7244094488189" CONTENT="nous" ID="tl_32_3" STYLEREFS="FONT0"/>
            <SP HEIGHT="9.070866141732283" WIDTH="4.251968503937008" VPOS="339.87401574803147" HPOS="159.8740157480315"/>
            <String HEIGHT="9.070866141732283" WIDTH="30.614173228346456" VPOS="339.87401574803147" HPOS="146.83464566929135" CONTENT="ont" ID="tl_32_4" STYLEREFS="FONT0"/>
            <SP HEIGHT="9.070866141732283" WIDTH="4.251968503937008" VPOS="339.87401574803147" HPOS="177.4488188976378"/>
            <String HEIGHT="9.070866141732283" WIDTH="35.1496062992126" VPOS="339.87401574803147" HPOS="164.40944881889763" CONTENT="esté" ID="tl_32_5" STYLEREFS="FONT0"/>
            <SP HEIGHT="9.070866141732283" WIDTH="4.251968503937008" VPOS="339.87401574803147" HPOS="199.2755905511811"/>
            <String HEIGHT="9.070866141732283" WIDTH="48.188976377952756" VPOS="339.87401574803147" HPOS="186.23622047244095" CONTENT="faictes" ID="tl_32_6" STYLEREFS="FONT0"/>
            <SP HEIGHT="9.070866141732283" WIDTH="4.251968503937008" VPOS="339.87401574803147" HPOS="234.4251968503937"/>
            <String HEIGHT="9.070866141732283" WIDTH="30.614173228346456" VPOS="339.87401574803147" HPOS="221.38582677165354" CONTENT="par" ID="tl_32_7" STYLEREFS="FONT0"/>
            <SP HEIGHT="9.070866141732283" WIDTH="4.251968503937008" VPOS="339.87401574803147" HPOS="252.0"/>
            <String HEIGHT="9.070866141732283" WIDTH="30.614173228346456" VPOS="339.87401574803147" HPOS="238.96062992125985" CONTENT="les" ID="tl_32_8" STYLEREFS="FONT0"/>
            <SP HEIGHT="9.070866141732283" WIDTH="4.251968503937008" VPOS="339.87401574803147" HPOS="269.5748031496063"/>
            <String HEIGHT="9.070866141732283" WIDTH="65.76377952755905" VPOS="339.87401574803147" HPOS="256.251968503937" CONTENT="catholiques" ID="tl_32_9" STYLEREFS="FONT0"/>
            <SP HEIGHT="9.070866141732283" WIDTH="4.251968503937008" VPOS="339.87401574803147" HPOS="322.01574803149606"/>
            <String HEIGHT="9.070866141732283" WIDTH="56.976377952755904" VPOS="339.87401574803147" HPOS="308.9763779527559" CONTENT="assistans" ID="tl_32_10" STYLEREFS="FONT0"/>
            <SP HEIGHT="9.070866141732283" WIDTH="4.251968503937008" VPOS="339.87401574803147" HPOS="365.9527559055118"/>
            <String HEIGHT="9.070866141732283" WIDTH="17.5748031496063" VPOS="339.87401574803147" HPOS="348.37795275590554" CONTENT="le" ID="tl_32_11" STYLEREFS="FONT0"/>
          </TextLine>
          <TextLine ID="tl_33" BASELINE="1261" HEIGHT="8.78740157480315" WIDTH="310.96062992125985" VPOS="348.66141732283467" HPOS="54.70866141732284">
            <String HEIGHT="8.78740157480315" WIDTH="31.46456692913386" VPOS="348.66141732283467" HPOS="50.173228346456696" CONTENT="roy" ID="tl_33_1" STYLEREFS="FONT0"/>
            <SP HEIGHT="8.78740157480315" WIDTH="4.535433070866142" VPOS="348.66141732283467" HPOS="81.63779527559055"/>
            <String HEIGHT="8.78740157480315" WIDTH="26.929133858267715" VPOS="348.66141732283467" HPOS="68.31496062992126" CONTENT="de" ID="tl_33_2" STYLEREFS="FONT0"/>
            <SP HEIGHT="8.78740157480315" WIDTH="4.535433070866142" VPOS="348.66141732283467" HPOS="95.24409448818898"/>
            <String HEIGHT="8.78740157480315" WIDTH="49.60629921259842" VPOS="348.66141732283467" HPOS="81.63779527559055" CONTENT="Navarre" ID="tl_33_3" STYLEREFS="FONT0"/>
            <SP HEIGHT="8.78740157480315" WIDTH="4.535433070866142" VPOS="348.66141732283467" HPOS="131.24409448818898"/>
            <String HEIGHT="8.78740157480315" WIDTH="31.46456692913386" VPOS="348.66141732283467" HPOS="117.92125984251969" CONTENT="sur" ID="tl_33_4" STYLEREFS="FONT0"/>
            <SP HEIGHT="8.78740157480315" WIDTH="4.535433070866142" VPOS="348.66141732283467" HPOS="149.38582677165354"/>
            <String HEIGHT="8.78740157480315" WIDTH="63.21259842519685" VPOS="348.66141732283467" HPOS="135.7795275590551" CONTENT="l’occasion" ID="tl_33_5" STYLEREFS="FONT0"/>
            <SP HEIGHT="8.78740157480315" WIDTH="4.535433070866142" VPOS="348.66141732283467" HPOS="198.99212598425197"/>
            <String HEIGHT="8.78740157480315" WIDTH="26.929133858267715" VPOS="348.66141732283467" HPOS="185.38582677165354" CONTENT="de" ID="tl_33_6" STYLEREFS="FONT0"/>
            <SP HEIGHT="8.78740157480315" WIDTH="4.535433070866142" VPOS="348.66141732283467" HPOS="212.31496062992127"/>
            <String HEIGHT="8.78740157480315" WIDTH="67.46456692913385" VPOS="348.66141732283467" HPOS="198.99212598425197" CONTENT="l’assemblée" ID="tl_33_7" STYLEREFS="FONT0"/>
            <SP HEIGHT="8.78740157480315" WIDTH="4.535433070866142" VPOS="348.66141732283467" HPOS="266.45669291338584"/>
            <String HEIGHT="8.78740157480315" WIDTH="58.67716535433071" VPOS="348.66141732283467" HPOS="253.13385826771653" CONTENT="generalle" ID="tl_33_8" STYLEREFS="FONT0"/>
            <SP HEIGHT="8.78740157480315" WIDTH="4.535433070866142" VPOS="348.66141732283467" HPOS="311.5275590551181"/>
            <String HEIGHT="8.78740157480315" WIDTH="26.929133858267715" VPOS="348.66141732283467" HPOS="298.20472440944883" CONTENT="de" ID="tl_33_9" STYLEREFS="FONT0"/>
            <SP HEIGHT="8.78740157480315" WIDTH="4.535433070866142" VPOS="348.66141732283467" HPOS="325.13385826771656"/>
            <String HEIGHT="8.78740157480315" WIDTH="31.46456692913386" VPOS="348.66141732283467" HPOS="311.5275590551181" CONTENT="nos" ID="tl_33_10" STYLEREFS="FONT0"/>
            <SP HEIGHT="8.78740157480315" WIDTH="4.535433070866142" VPOS="348.66141732283467" HPOS="343.2755905511811"/>
            <String HEIGHT="8.78740157480315" WIDTH="40.53543307086614" VPOS="348.66141732283467" HPOS="325.13385826771656" CONTENT="estats," ID="tl_33_11" STYLEREFS="FONT0"/>
          </TextLine>
          <TextLine ID="tl_34" BASELINE="1293" HEIGHT="8.78740157480315" WIDTH="311.5275590551181" VPOS="357.73228346456693" HPOS="54.70866141732284">
            <String HEIGHT="8.78740157480315" WIDTH="43.08661417322835" VPOS="357.73228346456693" HPOS="49.889763779527556" CONTENT="leurs" ID="tl_34_1" STYLEREFS="FONT0"/>
            <SP HEIGHT="8.78740157480315" WIDTH="4.818897637795276" VPOS="357.73228346456693" HPOS="92.97637795275591"/>
            <String HEIGHT="8.78740157480315" WIDTH="52.724409448818896" VPOS="357.73228346456693" HPOS="78.80314960629921" CONTENT="députés" ID="tl_34_2" STYLEREFS="FONT0"/>
            <SP HEIGHT="8.78740157480315" WIDTH="4.818897637795276" VPOS="357.73228346456693" HPOS="131.5275590551181"/>
            <String HEIGHT="8.78740157480315" WIDTH="28.62992125984252" VPOS="357.73228346456693" HPOS="117.07086614173228" CONTENT="et" ID="tl_34_3" STYLEREFS="FONT0"/>
            <SP HEIGHT="8.78740157480315" WIDTH="4.818897637795276" VPOS="357.73228346456693" HPOS="145.70078740157481"/>
            <String HEIGHT="8.78740157480315" WIDTH="33.44881889763779" VPOS="357.73228346456693" HPOS="131.5275590551181" CONTENT="les" ID="tl_34_4" STYLEREFS="FONT0"/>
            <SP HEIGHT="8.78740157480315" WIDTH="4.818897637795276" VPOS="357.73228346456693" HPOS="164.9763779527559"/>
            <String HEIGHT="8.78740157480315" WIDTH="52.724409448818896" VPOS="357.73228346456693" HPOS="150.51968503937007" CONTENT="nostres" ID="tl_34_5" STYLEREFS="FONT0"/>
            <SP HEIGHT="8.78740157480315" WIDTH="4.818897637795276" VPOS="357.73228346456693" HPOS="203.24409448818898"/>
            <String HEIGHT="8.78740157480315" WIDTH="28.62992125984252" VPOS="357.73228346456693" HPOS="188.78740157480314" CONTENT="se" ID="tl_34_6" STYLEREFS="FONT0"/>
            <SP HEIGHT="8.78740157480315" WIDTH="4.818897637795276" VPOS="357.73228346456693" HPOS="217.70078740157481"/>
            <String HEIGHT="8.78740157480315" WIDTH="38.267716535433074" VPOS="357.73228346456693" HPOS="203.24409448818898" CONTENT="sont" ID="tl_34_7" STYLEREFS="FONT0"/>
            <SP HEIGHT="8.78740157480315" WIDTH="4.818897637795276" VPOS="357.73228346456693" HPOS="241.51181102362204"/>
            <String HEIGHT="8.78740157480315" WIDTH="38.267716535433074" VPOS="357.73228346456693" HPOS="227.33858267716536" CONTENT="veus" ID="tl_34_8" STYLEREFS="FONT0"/>
            <SP HEIGHT="8.78740157480315" WIDTH="4.818897637795276" VPOS="357.73228346456693" HPOS="265.6062992125984"/>
            <String HEIGHT="8.78740157480315" WIDTH="28.62992125984252" VPOS="357.73228346456693" HPOS="251.1496062992126" CONTENT="et" ID="tl_34_9" STYLEREFS="FONT0"/>
            <SP HEIGHT="8.78740157480315" WIDTH="4.818897637795276" VPOS="357.73228346456693" HPOS="280.06299212598424"/>
            <String HEIGHT="8.78740157480315" WIDTH="52.724409448818896" VPOS="357.73228346456693" HPOS="265.6062992125984" CONTENT="conféré" ID="tl_34_10" STYLEREFS="FONT0"/>
            <SP HEIGHT="8.78740157480315" WIDTH="4.818897637795276" VPOS="357.73228346456693" HPOS="318.3307086614173"/>
            <String HEIGHT="8.78740157480315" WIDTH="57.54330708661417" VPOS="357.73228346456693" HPOS="303.87401574803147" CONTENT="ensemble" ID="tl_34_11" STYLEREFS="FONT0"/>
            <SP HEIGHT="8.78740157480315" WIDTH="4.818897637795276" VPOS="357.73228346456693" HPOS="361.4173228346457"/>
            <String HEIGHT="8.78740157480315" WIDTH="24.094488188976378" VPOS="357.73228346456693" HPOS="342.1417322834646" CONTENT="des" ID="tl_34_12" STYLEREFS="FONT0"/>
          </TextLine>
          <TextLine ID="tl_35" BASELINE="1323" HEIGHT="8.78740157480315" WIDTH="311.5275590551181" VPOS="366.23622047244095" HPOS="54.70866141732284">
            <String HEIGHT="8.78740157480315" WIDTH="42.23622047244095" VPOS="366.23622047244095" HPOS="50.45669291338583" CONTENT="moyens" ID="tl_35_1" STYLEREFS="FONT0"/>
            <SP HEIGHT="8.78740157480315" WIDTH="4.251968503937008" VPOS="366.23622047244095" HPOS="92.69291338582677"/>
            <String HEIGHT="8.78740157480315" WIDTH="58.960629921259844" VPOS="366.23622047244095" HPOS="79.93700787401575" CONTENT="d’asseurer" ID="tl_35_2" STYLEREFS="FONT0"/>
            <SP HEIGHT="8.78740157480315" WIDTH="4.251968503937008" VPOS="366.23622047244095" HPOS="138.89763779527559"/>
            <String HEIGHT="8.78740157480315" WIDTH="42.23622047244095" VPOS="366.23622047244095" HPOS="126.14173228346456" CONTENT="nostre" ID="tl_35_3" STYLEREFS="FONT0"/>
            <SP HEIGHT="8.78740157480315" WIDTH="4.251968503937008" VPOS="366.23622047244095" HPOS="168.3779527559055"/>
            <String HEIGHT="8.78740157480315" WIDTH="37.98425196850393" VPOS="366.23622047244095" HPOS="155.6220472440945" CONTENT="dicte" ID="tl_35_4" STYLEREFS="FONT0"/>
            <SP HEIGHT="8.78740157480315" WIDTH="4.251968503937008" VPOS="366.23622047244095" HPOS="193.60629921259843"/>
            <String HEIGHT="8.78740157480315" WIDTH="50.45669291338583" VPOS="366.23622047244095" HPOS="181.13385826771653" CONTENT="religion" ID="tl_35_5" STYLEREFS="FONT0"/>
            <SP HEIGHT="8.78740157480315" WIDTH="4.251968503937008" VPOS="366.23622047244095" HPOS="231.59055118110237"/>
            <String HEIGHT="8.78740157480315" WIDTH="25.228346456692915" VPOS="366.23622047244095" HPOS="218.83464566929135" CONTENT="et" ID="tl_35_6" STYLEREFS="FONT0"/>
            <SP HEIGHT="8.78740157480315" WIDTH="4.251968503937008" VPOS="366.23622047244095" HPOS="244.06299212598427"/>
            <String HEIGHT="8.78740157480315" WIDTH="25.228346456692915" VPOS="366.23622047244095" HPOS="231.59055118110237" CONTENT="de" ID="tl_35_7" STYLEREFS="FONT0"/>
            <SP HEIGHT="8.78740157480315" WIDTH="4.251968503937008" VPOS="366.23622047244095" HPOS="256.81889763779526"/>
            <String HEIGHT="8.78740157480315" WIDTH="54.70866141732284" VPOS="366.23622047244095" HPOS="244.06299212598427" CONTENT="restablir" ID="tl_35_8" STYLEREFS="FONT0"/>
            <SP HEIGHT="8.78740157480315" WIDTH="4.251968503937008" VPOS="366.23622047244095" HPOS="298.7716535433071"/>
            <String HEIGHT="8.78740157480315" WIDTH="29.480314960629922" VPOS="366.23622047244095" HPOS="286.2992125984252" CONTENT="cet" ID="tl_35_9" STYLEREFS="FONT0"/>
            <SP HEIGHT="8.78740157480315" WIDTH="4.251968503937008" VPOS="366.23622047244095" HPOS="315.7795275590551"/>
            <String HEIGHT="8.78740157480315" WIDTH="42.23622047244095" VPOS="366.23622047244095" HPOS="303.0236220472441" CONTENT="estat." ID="tl_35_10" STYLEREFS="FONT0"/>
            <SP HEIGHT="8.78740157480315" WIDTH="4.251968503937008" VPOS="366.23622047244095" HPOS="345.25984251968504"/>
            <String HEIGHT="8.78740157480315" WIDTH="33.732283464566926" VPOS="366.23622047244095" HPOS="332.503937007874" CONTENT="Mais" ID="tl_35_11" STYLEREFS="FONT0"/>
            <SP HEIGHT="8.78740157480315" WIDTH="4.251968503937008" VPOS="366.23622047244095" HPOS="366.23622047244095"/>
            <String HEIGHT="8.78740157480315" WIDTH="16.724409448818896" VPOS="366.23622047244095" HPOS="349.51181102362204" CONTENT="il" ID="tl_35_12" STYLEREFS="FONT0"/>
          </TextLine>
          <TextLine ID="tl_36" BASELINE="1355" HEIGHT="8.78740157480315" WIDTH="310.6771653543307" VPOS="375.3070866141732" HPOS="55.55905511811024">
            <String HEIGHT="8.78740157480315" WIDTH="34.58267716535433" VPOS="375.3070866141732" HPOS="51.30708661417323" CONTENT="n’en" ID="tl_36_1" STYLEREFS="FONT0"/>
            <SP HEIGHT="8.78740157480315" WIDTH="4.251968503937008" VPOS="375.3070866141732" HPOS="85.88976377952756"/>
            <String HEIGHT="8.78740157480315" WIDTH="30.330708661417322" VPOS="375.3070866141732" HPOS="72.85039370078741" CONTENT="est" ID="tl_36_2" STYLEREFS="FONT0"/>
            <SP HEIGHT="8.78740157480315" WIDTH="4.251968503937008" VPOS="375.3070866141732" HPOS="102.89763779527559"/>
            <String HEIGHT="8.78740157480315" WIDTH="47.338582677165356" VPOS="375.3070866141732" HPOS="90.14173228346456" CONTENT="encores" ID="tl_36_3" STYLEREFS="FONT0"/>
            <SP HEIGHT="8.78740157480315" WIDTH="4.251968503937008" VPOS="375.3070866141732" HPOS="137.48031496062993"/>
            <String HEIGHT="8.78740157480315" WIDTH="34.58267716535433" VPOS="375.3070866141732" HPOS="124.7244094488189" CONTENT="rien" ID="tl_36_4" STYLEREFS="FONT0"/>
            <SP HEIGHT="8.78740157480315" WIDTH="4.251968503937008" VPOS="375.3070866141732" HPOS="159.0236220472441"/>
            <String HEIGHT="8.78740157480315" WIDTH="47.338582677165356" VPOS="375.3070866141732" HPOS="146.26771653543307" CONTENT="succédé" ID="tl_36_5" STYLEREFS="FONT0"/>
            <SP HEIGHT="8.78740157480315" WIDTH="4.251968503937008" VPOS="375.3070866141732" HPOS="193.60629921259843"/>
            <String HEIGHT="8.78740157480315" WIDTH="38.83464566929134" VPOS="375.3070866141732" HPOS="180.56692913385828" CONTENT="sinon" ID="tl_36_6" STYLEREFS="FONT0"/>
            <SP HEIGHT="8.78740157480315" WIDTH="4.251968503937008" VPOS="375.3070866141732" HPOS="219.4015748031496"/>
            <String HEIGHT="8.78740157480315" WIDTH="25.79527559055118" VPOS="375.3070866141732" HPOS="206.64566929133858" CONTENT="la" ID="tl_36_7" STYLEREFS="FONT0"/>
            <SP HEIGHT="8.78740157480315" WIDTH="4.251968503937008" VPOS="375.3070866141732" HPOS="232.44094488188978"/>
            <String HEIGHT="8.78740157480315" WIDTH="60.37795275590551" VPOS="375.3070866141732" HPOS="219.4015748031496" CONTENT="resolution" ID="tl_36_8" STYLEREFS="FONT0"/>
            <SP HEIGHT="8.78740157480315" WIDTH="4.251968503937008" VPOS="375.3070866141732" HPOS="280.06299212598424"/>
            <String HEIGHT="8.78740157480315" WIDTH="38.83464566929134" VPOS="375.3070866141732" HPOS="267.0236220472441" CONTENT="d’une" ID="tl_36_9" STYLEREFS="FONT0"/>
            <SP HEIGHT="8.78740157480315" WIDTH="4.251968503937008" VPOS="375.3070866141732" HPOS="305.8582677165354"/>
            <String HEIGHT="8.78740157480315" WIDTH="43.08661417322835" VPOS="375.3070866141732" HPOS="292.81889763779526" CONTENT="trefve" ID="tl_36_10" STYLEREFS="FONT0"/>
            <SP HEIGHT="8.78740157480315" WIDTH="4.251968503937008" VPOS="375.3070866141732" HPOS="335.90551181102364"/>
            <String HEIGHT="8.78740157480315" WIDTH="47.338582677165356" VPOS="375.3070866141732" HPOS="318.8976377952756" CONTENT="generalle" ID="tl_36_11" STYLEREFS="FONT0"/>
          </TextLine>
          <TextLine ID="tl_37" BASELINE="1387" HEIGHT="9.070866141732283" WIDTH="311.5275590551181" VPOS="384.09448818897636" HPOS="54.99212598425197">
            <String HEIGHT="9.070866141732283" WIDTH="29.763779527559056" VPOS="384.09448818897636" HPOS="50.173228346456696" CONTENT="de" ID="tl_37_1" STYLEREFS="FONT0"/>
            <SP HEIGHT="9.070866141732283" WIDTH="4.818897637795276" VPOS="384.09448818897636" HPOS="79.65354330708661"/>
            <String HEIGHT="9.070866141732283" WIDTH="44.503937007874015" VPOS="384.09448818897636" HPOS="64.91338582677166" CONTENT="trois" ID="tl_37_2" STYLEREFS="FONT0"/>
            <SP HEIGHT="9.070866141732283" WIDTH="4.818897637795276" VPOS="384.09448818897636" HPOS="109.41732283464567"/>
            <String HEIGHT="9.070866141732283" WIDTH="39.68503937007874" VPOS="384.09448818897636" HPOS="94.67716535433071" CONTENT="moys" ID="tl_37_3" STYLEREFS="FONT0"/>
            <SP HEIGHT="9.070866141732283" WIDTH="4.818897637795276" VPOS="384.09448818897636" HPOS="134.07874015748033"/>
            <String HEIGHT="9.070866141732283" WIDTH="29.763779527559056" VPOS="384.09448818897636" HPOS="119.33858267716535" CONTENT="de" ID="tl_37_4" STYLEREFS="FONT0"/>
            <SP HEIGHT="9.070866141732283" WIDTH="4.818897637795276" VPOS="384.09448818897636" HPOS="148.8188976377953"/>
            <String HEIGHT="9.070866141732283" WIDTH="59.24409448818898" VPOS="384.09448818897636" HPOS="134.07874015748033" CONTENT="laquelle" ID="tl_37_5" STYLEREFS="FONT0"/>
            <SP HEIGHT="9.070866141732283" WIDTH="4.818897637795276" VPOS="384.09448818897636" HPOS="193.3228346456693"/>
            <String HEIGHT="9.070866141732283" WIDTH="29.763779527559056" VPOS="384.09448818897636" HPOS="178.58267716535434" CONTENT="on" ID="tl_37_6" STYLEREFS="FONT0"/>
            <SP HEIGHT="9.070866141732283" WIDTH="4.818897637795276" VPOS="384.09448818897636" HPOS="208.3464566929134"/>
            <String HEIGHT="9.070866141732283" WIDTH="34.58267716535433" VPOS="384.09448818897636" HPOS="193.3228346456693" CONTENT="est" ID="tl_37_7" STYLEREFS="FONT0"/>
            <SP HEIGHT="9.070866141732283" WIDTH="4.818897637795276" VPOS="384.09448818897636" HPOS="228.18897637795277"/>
            <String HEIGHT="9.070866141732283" WIDTH="39.68503937007874" VPOS="384.09448818897636" HPOS="213.16535433070865" CONTENT="d’un" ID="tl_37_8" STYLEREFS="FONT0"/>
            <SP HEIGHT="9.070866141732283" WIDTH="4.818897637795276" VPOS="384.09448818897636" HPOS="252.8503937007874"/>
            <String HEIGHT="9.070866141732283" WIDTH="49.32283464566929" VPOS="384.09448818897636" HPOS="237.82677165354332" CONTENT="commun" ID="tl_37_9" STYLEREFS="FONT0"/>
            <SP HEIGHT="9.070866141732283" WIDTH="4.818897637795276" VPOS="384.09448818897636" HPOS="287.43307086614175"/>
            <String HEIGHT="9.070866141732283" WIDTH="44.503937007874015" VPOS="384.09448818897636" HPOS="272.6929133858268" CONTENT="advis" ID="tl_37_10" STYLEREFS="FONT0"/>
            <SP HEIGHT="9.070866141732283" WIDTH="4.818897637795276" VPOS="384.09448818897636" HPOS="317.1968503937008"/>
            <String HEIGHT="9.070866141732283" WIDTH="54.425196850393704" VPOS="384.09448818897636" HPOS="302.1732283464567" CONTENT="accordé" ID="tl_37_11" STYLEREFS="FONT0"/>
            <SP HEIGHT="9.070866141732283" WIDTH="4.818897637795276" VPOS="384.09448818897636" HPOS="356.59842519685037"/>
            <String HEIGHT="9.070866141732283" WIDTH="29.763779527559056" VPOS="384.09448818897636" HPOS="336.755905511811" CONTENT="pour" ID="tl_37_12" STYLEREFS="FONT0"/>
          </TextLine>
          <TextLine ID="tl_38" BASELINE="1420" HEIGHT="9.354330708661417" WIDTH="311.244094488189" VPOS="393.1653543307087" HPOS="54.99212598425197">
            <String HEIGHT="9.354330708661417" WIDTH="46.488188976377955" VPOS="393.1653543307087" HPOS="50.45669291338583" CONTENT="donner" ID="tl_38_1" STYLEREFS="FONT0"/>
            <SP HEIGHT="9.354330708661417" WIDTH="4.535433070866142" VPOS="393.1653543307087" HPOS="96.66141732283465"/>
            <String HEIGHT="9.354330708661417" WIDTH="51.023622047244096" VPOS="393.1653543307087" HPOS="82.77165354330708" CONTENT="quelque" ID="tl_38_2" STYLEREFS="FONT0"/>
            <SP HEIGHT="9.354330708661417" WIDTH="4.535433070866142" VPOS="393.1653543307087" HPOS="134.07874015748033"/>
            <String HEIGHT="9.354330708661417" WIDTH="51.023622047244096" VPOS="393.1653543307087" HPOS="119.90551181102362" CONTENT="relâche" ID="tl_38_3" STYLEREFS="FONT0"/>
            <SP HEIGHT="9.354330708661417" WIDTH="4.535433070866142" VPOS="393.1653543307087" HPOS="171.21259842519686"/>
            <String HEIGHT="9.354330708661417" WIDTH="27.77952755905512" VPOS="393.1653543307087" HPOS="157.3228346456693" CONTENT="et" ID="tl_38_4" STYLEREFS="FONT0"/>
            <SP HEIGHT="9.354330708661417" WIDTH="4.535433070866142" VPOS="393.1653543307087" HPOS="185.10236220472441"/>
            <String HEIGHT="9.354330708661417" WIDTH="69.73228346456693" VPOS="393.1653543307087" HPOS="171.21259842519686" CONTENT="soulagement" ID="tl_38_5" STYLEREFS="FONT0"/>
            <SP HEIGHT="9.354330708661417" WIDTH="4.535433070866142" VPOS="393.1653543307087" HPOS="240.9448818897638"/>
            <String HEIGHT="9.354330708661417" WIDTH="27.77952755905512" VPOS="393.1653543307087" HPOS="226.77165354330708" CONTENT="au" ID="tl_38_6" STYLEREFS="FONT0"/>
            <SP HEIGHT="9.354330708661417" WIDTH="4.535433070866142" VPOS="393.1653543307087" HPOS="254.83464566929135"/>
            <String HEIGHT="9.354330708661417" WIDTH="46.488188976377955" VPOS="393.1653543307087" HPOS="240.9448818897638" CONTENT="peuple" ID="tl_38_7" STYLEREFS="FONT0"/>
            <SP HEIGHT="9.354330708661417" WIDTH="4.535433070866142" VPOS="393.1653543307087" HPOS="287.1496062992126"/>
            <String HEIGHT="9.354330708661417" WIDTH="32.59842519685039" VPOS="393.1653543307087" HPOS="273.25984251968504" CONTENT="qui" ID="tl_38_8" STYLEREFS="FONT0"/>
            <SP HEIGHT="9.354330708661417" WIDTH="4.535433070866142" VPOS="393.1653543307087" HPOS="305.8582677165354"/>
            <String HEIGHT="9.354330708661417" WIDTH="46.488188976377955" VPOS="393.1653543307087" HPOS="291.9685039370079" CONTENT="estoit" ID="tl_38_9" STYLEREFS="FONT0"/>
            <SP HEIGHT="9.354330708661417" WIDTH="4.535433070866142" VPOS="393.1653543307087" HPOS="338.45669291338584"/>
            <String HEIGHT="9.354330708661417" WIDTH="46.488188976377955" VPOS="393.1653543307087" HPOS="319.748031496063" CONTENT="extreme" SUBS_TYPE="HypPart1" SUBS_CONTENT="extremement" ID="tl_38_10" STYLEREFS="FONT0"/>
            <HYP CONTENT="-"/>
          </TextLine>
          <TextLine ID="tl_39" BASELINE="1451" HEIGHT="11.05511811023622" WIDTH="311.5275590551181" VPOS="400.251968503937" HPOS="55.275590551181104">
            <String HEIGHT="11.05511811023622" WIDTH="39.68503937007874" VPOS="400.251968503937" HPOS="50.45669291338583" CONTENT="ment" SUBS_TYPE="HypPart2" SUBS_CONTENT="extremement" ID="tl_39_1" STYLEREFS="FONT0"/>
            <SP HEIGHT="11.05511811023622" WIDTH="4.818897637795276" VPOS="400.251968503937" HPOS="89.85826771653544"/>
            <String HEIGHT="11.05511811023622" WIDTH="64.34645669291339" VPOS="400.251968503937" HPOS="75.11811023622047" CONTENT="affligé.»" ID="tl_39_2" STYLEREFS="FONT0"/>
            <SP HEIGHT="11.05511811023622" WIDTH="4.818897637795276" VPOS="400.251968503937" HPOS="139.46456692913387"/>
            <String HEIGHT="11.05511811023622" WIDTH="49.32283464566929" VPOS="400.251968503937" HPOS="124.44094488188976" CONTENT="Durant" ID="tl_39_3" STYLEREFS="FONT0"/>
            <SP HEIGHT="11.05511811023622" WIDTH="4.818897637795276" VPOS="400.251968503937" HPOS="174.04724409448818"/>
            <String HEIGHT="11.05511811023622" WIDTH="29.763779527559056" VPOS="400.251968503937" HPOS="159.0236220472441" CONTENT="ce" ID="tl_39_4" STYLEREFS="FONT0"/>
            <SP HEIGHT="11.05511811023622" WIDTH="4.818897637795276" VPOS="400.251968503937" HPOS="188.78740157480314"/>
            <String HEIGHT="11.05511811023622" WIDTH="49.32283464566929" VPOS="400.251968503937" HPOS="174.04724409448818" CONTENT="temps," ID="tl_39_5" STYLEREFS="FONT0"/>
            <SP HEIGHT="11.05511811023622" WIDTH="4.818897637795276" VPOS="400.251968503937" HPOS="223.37007874015748"/>
            <String HEIGHT="11.05511811023622" WIDTH="29.763779527559056" VPOS="400.251968503937" HPOS="208.62992125984252" CONTENT="il" ID="tl_39_6" STYLEREFS="FONT0"/>
            <SP HEIGHT="11.05511811023622" WIDTH="4.818897637795276" VPOS="400.251968503937" HPOS="238.11023622047244"/>
            <String HEIGHT="11.05511811023622" WIDTH="59.24409448818898" VPOS="400.251968503937" HPOS="223.37007874015748" CONTENT="attendra" ID="tl_39_7" STYLEREFS="FONT0"/>
            <SP HEIGHT="11.05511811023622" WIDTH="4.818897637795276" VPOS="400.251968503937" HPOS="282.61417322834643"/>
            <String HEIGHT="11.05511811023622" WIDTH="29.763779527559056" VPOS="400.251968503937" HPOS="267.87401574803147" CONTENT="la" ID="tl_39_8" STYLEREFS="FONT0"/>
            <SP HEIGHT="11.05511811023622" WIDTH="4.818897637795276" VPOS="400.251968503937" HPOS="297.6377952755906"/>
            <String HEIGHT="11.05511811023622" WIDTH="59.24409448818898" VPOS="400.251968503937" HPOS="282.61417322834643" CONTENT="décision" ID="tl_39_9" STYLEREFS="FONT0"/>
            <SP HEIGHT="11.05511811023622" WIDTH="4.818897637795276" VPOS="400.251968503937" HPOS="342.1417322834646"/>
            <String HEIGHT="11.05511811023622" WIDTH="29.763779527559056" VPOS="400.251968503937" HPOS="327.11811023622045" CONTENT="du" ID="tl_39_10" STYLEREFS="FONT0"/>
            <SP HEIGHT="11.05511811023622" WIDTH="4.818897637795276" VPOS="400.251968503937" HPOS="356.88188976377955"/>
            <String HEIGHT="11.05511811023622" WIDTH="29.763779527559056" VPOS="400.251968503937" HPOS="337.03937007874015" CONTENT="pape" ID="tl_39_11" STYLEREFS="FONT0"/>
          </TextLine>
          <TextLine ID="tl_40" BASELINE="1482" HEIGHT="9.070866141732283" WIDTH="212.88188976377953" VPOS="411.0236220472441" HPOS="54.70866141732284">
            <String HEIGHT="9.070866141732283" WIDTH="51.023622047244096" VPOS="411.0236220472441" HPOS="50.173228346456696" CONTENT="Clément" ID="tl_40_1" STYLEREFS="FONT0"/>
            <SP HEIGHT="9.070866141732283" WIDTH="4.535433070866142" VPOS="411.0236220472441" HPOS="100.91338582677166"/>
            <String HEIGHT="9.070866141732283" WIDTH="37.13385826771653" VPOS="411.0236220472441" HPOS="87.02362204724409" CONTENT="VIII" ID="tl_40_2" STYLEREFS="FONT0"/>
            <SP HEIGHT="9.070866141732283" WIDTH="4.535433070866142" VPOS="411.0236220472441" HPOS="124.15748031496064"/>
            <String HEIGHT="9.070866141732283" WIDTH="46.20472440944882" VPOS="411.0236220472441" HPOS="110.26771653543307" CONTENT="auquel" ID="tl_40_3" STYLEREFS="FONT0"/>
            <SP HEIGHT="9.070866141732283" WIDTH="4.535433070866142" VPOS="411.0236220472441" HPOS="156.4724409448819"/>
            <String HEIGHT="9.070866141732283" WIDTH="27.77952755905512" VPOS="411.0236220472441" HPOS="142.58267716535434" CONTENT="il" ID="tl_40_4" STYLEREFS="FONT0"/>
            <SP HEIGHT="9.070866141732283" WIDTH="4.535433070866142" VPOS="411.0236220472441" HPOS="170.36220472440945"/>
            <String HEIGHT="9.070866141732283" WIDTH="23.244094488188978" VPOS="411.0236220472441" HPOS="156.4724409448819" CONTENT="a" ID="tl_40_5" STYLEREFS="FONT0"/>
            <SP HEIGHT="9.070866141732283" WIDTH="4.535433070866142" VPOS="411.0236220472441" HPOS="179.71653543307087"/>
            <String HEIGHT="9.070866141732283" WIDTH="46.20472440944882" VPOS="411.0236220472441" HPOS="165.82677165354332" CONTENT="envoyé" ID="tl_40_6" STYLEREFS="FONT0"/>
            <SP HEIGHT="9.070866141732283" WIDTH="4.535433070866142" VPOS="411.0236220472441" HPOS="212.03149606299212"/>
            <String HEIGHT="9.070866141732283" WIDTH="32.31496062992126" VPOS="411.0236220472441" HPOS="198.14173228346456" CONTENT="une" ID="tl_40_7" STYLEREFS="FONT0"/>
            <SP HEIGHT="9.070866141732283" WIDTH="4.535433070866142" VPOS="411.0236220472441" HPOS="230.45669291338584"/>
            <String HEIGHT="9.070866141732283" WIDTH="55.55905511811024" VPOS="411.0236220472441" HPOS="212.03149606299212" CONTENT="ambassade." ID="tl_40_8" STYLEREFS="FONT0"/>
          </TextLine>
        </TextBlock>
        <TextBlock ID="r_2_15" HEIGHT="11.05511811023622" WIDTH="331.65354330708664" VPOS="421.51181102362204" HPOS="35.43307086614173">
          <TextLine ID="tl_41" BASELINE="1525" HEIGHT="10.488188976377952" WIDTH="331.0866141732283" VPOS="421.79527559055117" HPOS="35.71653543307087">
            <String HEIGHT="10.488188976377952" WIDTH="33.16535433070866" VPOS="421.79527559055117" HPOS="30.89763779527559" CONTENT="122" ID="tl_41_1" STYLEREFS="FONT0"/>
            <SP HEIGHT="10.488188976377952" WIDTH="4.818897637795276" VPOS="421.79527559055117" HPOS="64.06299212598425"/>
            <String HEIGHT="10.488188976377952" WIDTH="85.03937007874016" VPOS="421.79527559055117" HPOS="49.889763779527556" CONTENT="Mérimée" ID="tl_41_2" STYLEREFS="FONT1"/>
            <SP HEIGHT="10.488188976377952" WIDTH="4.818897637795276" VPOS="421.79527559055117" HPOS="134.9291338582677"/>
            <String HEIGHT="10.488188976377952" WIDTH="66.33070866141732" VPOS="421.79527559055117" HPOS="120.75590551181102" CONTENT="(Prosper)," ID="tl_41_3" STYLEREFS="FONT0"/>
            <SP HEIGHT="10.488188976377952" WIDTH="4.818897637795276" VPOS="421.79527559055117" HPOS="187.08661417322836"/>
            <String HEIGHT="10.488188976377952" WIDTH="52.15748031496063" VPOS="421.79527559055117" HPOS="172.91338582677164" CONTENT="célèbre" ID="tl_41_4" STYLEREFS="FONT0"/>
            <SP HEIGHT="10.488188976377952" WIDTH="4.818897637795276" VPOS="421.79527559055117" HPOS="224.78740157480314"/>
            <String HEIGHT="10.488188976377952" WIDTH="56.69291338582677" VPOS="421.79527559055117" HPOS="210.61417322834646" CONTENT="écrivain" ID="tl_41_5" STYLEREFS="FONT0"/>
            <SP HEIGHT="10.488188976377952" WIDTH="4.818897637795276" VPOS="421.79527559055117" HPOS="267.59055118110234"/>
            <String HEIGHT="10.488188976377952" WIDTH="70.86614173228347" VPOS="421.79527559055117" HPOS="253.41732283464566" CONTENT="romantique," ID="tl_41_6" STYLEREFS="FONT0"/>
            <SP HEIGHT="10.488188976377952" WIDTH="4.818897637795276" VPOS="421.79527559055117" HPOS="324.2834645669291"/>
            <String HEIGHT="10.488188976377952" WIDTH="56.69291338582677" VPOS="421.79527559055117" HPOS="310.1102362204724" CONTENT="l’auteur" ID="tl_41_7" STYLEREFS="FONT0"/>
            <SP HEIGHT="10.488188976377952" WIDTH="4.818897637795276" VPOS="421.79527559055117" HPOS="366.8031496062992"/>
            <String HEIGHT="10.488188976377952" WIDTH="18.992125984251967" VPOS="421.79527559055117" HPOS="347.81102362204723" CONTENT="de" ID="tl_41_8" STYLEREFS="FONT0"/>
          </TextLine>
        </TextBlock>
        <TextBlock ID="r_2_16" HEIGHT="21.25984251968504" WIDTH="312.37795275590554" VPOS="431.43307086614175" HPOS="54.70866141732284">
          <TextLine ID="tl_42" BASELINE="1559" HEIGHT="10.204724409448819" WIDTH="311.81102362204723" VPOS="431.7165354330709" HPOS="54.99212598425197">
            <String HEIGHT="10.204724409448819" WIDTH="56.69291338582677" VPOS="431.7165354330709" HPOS="50.173228346456696" CONTENT="Clara" ID="tl_42_1" STYLEREFS="FONT2"/>
            <SP HEIGHT="10.204724409448819" WIDTH="4.818897637795276" VPOS="431.7165354330709" HPOS="106.86614173228347"/>
            <String HEIGHT="10.204724409448819" WIDTH="66.04724409448819" VPOS="431.7165354330709" HPOS="92.69291338582677" CONTENT="Gazul," ID="tl_42_2" STYLEREFS="FONT2"/>
            <SP HEIGHT="10.204724409448819" WIDTH="4.818897637795276" VPOS="431.7165354330709" HPOS="159.0236220472441"/>
            <String HEIGHT="10.204724409448819" WIDTH="47.338582677165356" VPOS="431.7165354330709" HPOS="144.8503937007874" CONTENT="membre" ID="tl_42_3" STYLEREFS="FONT0"/>
            <SP HEIGHT="10.204724409448819" WIDTH="4.818897637795276" VPOS="431.7165354330709" HPOS="191.90551181102362"/>
            <String HEIGHT="10.204724409448819" WIDTH="28.346456692913385" VPOS="431.7165354330709" HPOS="177.73228346456693" CONTENT="de" ID="tl_42_4" STYLEREFS="FONT0"/>
            <SP HEIGHT="10.204724409448819" WIDTH="4.818897637795276" VPOS="431.7165354330709" HPOS="206.07874015748033"/>
            <String HEIGHT="10.204724409448819" WIDTH="51.874015748031496" VPOS="431.7165354330709" HPOS="191.90551181102362" CONTENT="l’Acad." ID="tl_42_5" STYLEREFS="FONT0"/>
            <SP HEIGHT="10.204724409448819" WIDTH="4.818897637795276" VPOS="431.7165354330709" HPOS="244.06299212598427"/>
            <String HEIGHT="10.204724409448819" WIDTH="33.16535433070866" VPOS="431.7165354330709" HPOS="229.88976377952756" CONTENT="fr." ID="tl_42_6" STYLEREFS="FONT0"/>
            <SP HEIGHT="10.204724409448819" WIDTH="4.818897637795276" VPOS="431.7165354330709" HPOS="262.7716535433071"/>
            <String HEIGHT="10.204724409448819" WIDTH="23.52755905511811" VPOS="431.7165354330709" HPOS="248.5984251968504" CONTENT="—" ID="tl_42_7" STYLEREFS="FONT0"/>
            <SP HEIGHT="10.204724409448819" WIDTH="4.818897637795276" VPOS="431.7165354330709" HPOS="272.40944881889766"/>
            <String HEIGHT="10.204724409448819" WIDTH="28.346456692913385" VPOS="431.7165354330709" HPOS="258.23622047244095" CONTENT="L." ID="tl_42_8" STYLEREFS="FONT0"/>
            <SP HEIGHT="10.204724409448819" WIDTH="4.818897637795276" VPOS="431.7165354330709" HPOS="286.5826771653543"/>
            <String HEIGHT="10.204724409448819" WIDTH="28.346456692913385" VPOS="431.7165354330709" HPOS="272.40944881889766" CONTENT="a." ID="tl_42_9" STYLEREFS="FONT0"/>
            <SP HEIGHT="10.204724409448819" WIDTH="4.818897637795276" VPOS="431.7165354330709" HPOS="300.755905511811"/>
            <String HEIGHT="10.204724409448819" WIDTH="28.346456692913385" VPOS="431.7165354330709" HPOS="286.5826771653543" CONTENT="s." ID="tl_42_10" STYLEREFS="FONT0"/>
            <SP HEIGHT="10.204724409448819" WIDTH="4.818897637795276" VPOS="431.7165354330709" HPOS="314.92913385826773"/>
            <String HEIGHT="10.204724409448819" WIDTH="23.52755905511811" VPOS="431.7165354330709" HPOS="300.755905511811" CONTENT="à" ID="tl_42_11" STYLEREFS="FONT0"/>
            <SP HEIGHT="10.204724409448819" WIDTH="4.818897637795276" VPOS="431.7165354330709" HPOS="324.2834645669291"/>
            <String HEIGHT="10.204724409448819" WIDTH="51.874015748031496" VPOS="431.7165354330709" HPOS="310.1102362204724" CONTENT="Bérard;" ID="tl_42_12" STYLEREFS="FONT0"/>
            <SP HEIGHT="10.204724409448819" WIDTH="4.818897637795276" VPOS="431.7165354330709" HPOS="361.98425196850394"/>
            <String HEIGHT="10.204724409448819" WIDTH="23.52755905511811" VPOS="431.7165354330709" HPOS="343.2755905511811" CONTENT="Sa" SUBS_TYPE="HypPart1" SUBS_CONTENT="Samedi" ID="tl_42_13" STYLEREFS="FONT0"/>
            <HYP CONTENT="-"/>
          </TextLine>
          <TextLine ID="tl_43" BASELINE="1596" HEIGHT="10.204724409448819" WIDTH="311.244094488189" VPOS="442.20472440944883" HPOS="55.275590551181104">
            <String HEIGHT="10.204724409448819" WIDTH="89.00787401574803" VPOS="442.20472440944883" HPOS="44.22047244094488" CONTENT="medi" SUBS_TYPE="HypPart2" SUBS_CONTENT="Samedi" ID="tl_43_1" STYLEREFS="FONT0"/>
            <SP HEIGHT="10.204724409448819" WIDTH="11.05511811023622" VPOS="442.20472440944883" HPOS="132.9448818897638"/>
            <String HEIGHT="10.204724409448819" WIDTH="66.61417322834646" VPOS="442.20472440944883" HPOS="99.77952755905511" CONTENT="20" ID="tl_43_2" STYLEREFS="FONT0"/>
            <SP HEIGHT="10.204724409448819" WIDTH="11.05511811023622" VPOS="442.20472440944883" HPOS="166.39370078740157"/>
            <String HEIGHT="10.204724409448819" WIDTH="89.00787401574803" VPOS="442.20472440944883" HPOS="133.22834645669292" CONTENT="mai," ID="tl_43_3" STYLEREFS="FONT0"/>
            <SP HEIGHT="10.204724409448819" WIDTH="11.05511811023622" VPOS="442.20472440944883" HPOS="221.95275590551182"/>
            <String HEIGHT="10.204724409448819" WIDTH="55.55905511811024" VPOS="442.20472440944883" HPOS="188.78740157480314" CONTENT="1" ID="tl_43_4" STYLEREFS="FONT0"/>
            <SP HEIGHT="10.204724409448819" WIDTH="11.05511811023622" VPOS="442.20472440944883" HPOS="244.3464566929134"/>
            <String HEIGHT="10.204724409448819" WIDTH="66.61417322834646" VPOS="442.20472440944883" HPOS="210.89763779527559" CONTENT="p." ID="tl_43_5" STYLEREFS="FONT0"/>
            <SP HEIGHT="10.204724409448819" WIDTH="11.05511811023622" VPOS="442.20472440944883" HPOS="277.51181102362204"/>
            <String HEIGHT="10.204724409448819" WIDTH="100.06299212598425" VPOS="442.20472440944883" HPOS="244.3464566929134" CONTENT="in-8." ID="tl_43_6" STYLEREFS="FONT0"/>
            <SP HEIGHT="10.204724409448819" WIDTH="11.05511811023622" VPOS="442.20472440944883" HPOS="344.40944881889766"/>
            <String HEIGHT="10.204724409448819" WIDTH="66.61417322834646" VPOS="442.20472440944883" HPOS="310.96062992125985" CONTENT="11" ID="tl_43_7" STYLEREFS="FONT0"/>
            <SP HEIGHT="10.204724409448819" WIDTH="11.05511811023622" VPOS="442.20472440944883" HPOS="377.5748031496063"/>
            <String HEIGHT="10.204724409448819" WIDTH="33.44881889763779" VPOS="442.20472440944883" HPOS="333.07086614173227" CONTENT="»" ID="tl_43_8" STYLEREFS="FONT0"/>
          </TextLine>
        </TextBlock>
        <TextBlock ID="r_2_17" HEIGHT="16.724409448818896" WIDTH="311.81102362204723" VPOS="451.84251968503935" HPOS="55.275590551181104">
          <TextLine ID="tl_44" BASELINE="1627" HEIGHT="9.070866141732283" WIDTH="302.45669291338584" VPOS="452.12598425196853" HPOS="64.34645669291339">
            <String HEIGHT="9.070866141732283" WIDTH="27.496062992125985" VPOS="452.12598425196853" HPOS="59.811023622047244" CONTENT="Il" ID="tl_44_1" STYLEREFS="FONT0"/>
            <SP HEIGHT="9.070866141732283" WIDTH="4.535433070866142" VPOS="452.12598425196853" HPOS="87.30708661417323"/>
            <String HEIGHT="9.070866141732283" WIDTH="32.031496062992126" VPOS="452.12598425196853" HPOS="73.41732283464567" CONTENT="lui" ID="tl_44_2" STYLEREFS="FONT0"/>
            <SP HEIGHT="9.070866141732283" WIDTH="4.535433070866142" VPOS="452.12598425196853" HPOS="105.44881889763779"/>
            <String HEIGHT="9.070866141732283" WIDTH="50.45669291338583" VPOS="452.12598425196853" HPOS="91.84251968503936" CONTENT="annonce" ID="tl_44_3" STYLEREFS="FONT0"/>
            <SP HEIGHT="9.070866141732283" WIDTH="4.535433070866142" VPOS="452.12598425196853" HPOS="142.29921259842519"/>
            <String HEIGHT="9.070866141732283" WIDTH="32.031496062992126" VPOS="452.12598425196853" HPOS="128.40944881889763" CONTENT="que" ID="tl_44_4" STYLEREFS="FONT0"/>
            <SP HEIGHT="9.070866141732283" WIDTH="4.535433070866142" VPOS="452.12598425196853" HPOS="160.7244094488189"/>
            <String HEIGHT="9.070866141732283" WIDTH="27.496062992125985" VPOS="452.12598425196853" HPOS="146.83464566929135" CONTENT="le" ID="tl_44_5" STYLEREFS="FONT0"/>
            <SP HEIGHT="9.070866141732283" WIDTH="4.535433070866142" VPOS="452.12598425196853" HPOS="174.33070866141733"/>
            <String HEIGHT="9.070866141732283" WIDTH="41.38582677165354" VPOS="452.12598425196853" HPOS="160.7244094488189" CONTENT="dîner" ID="tl_44_6" STYLEREFS="FONT0"/>
            <SP HEIGHT="9.070866141732283" WIDTH="4.535433070866142" VPOS="452.12598425196853" HPOS="201.82677165354332"/>
            <String HEIGHT="9.070866141732283" WIDTH="32.031496062992126" VPOS="452.12598425196853" HPOS="188.2204724409449" CONTENT="des" ID="tl_44_7" STYLEREFS="FONT0"/>
            <SP HEIGHT="9.070866141732283" WIDTH="4.535433070866142" VPOS="452.12598425196853" HPOS="220.251968503937"/>
            <String HEIGHT="9.070866141732283" WIDTH="73.41732283464567" VPOS="452.12598425196853" HPOS="206.36220472440945" CONTENT="bibliophiles" ID="tl_44_8" STYLEREFS="FONT0"/>
            <SP HEIGHT="9.070866141732283" WIDTH="4.535433070866142" VPOS="452.12598425196853" HPOS="279.7795275590551"/>
            <String HEIGHT="9.070866141732283" WIDTH="32.031496062992126" VPOS="452.12598425196853" HPOS="265.8897637795276" CONTENT="est" ID="tl_44_9" STYLEREFS="FONT0"/>
            <SP HEIGHT="9.070866141732283" WIDTH="4.535433070866142" VPOS="452.12598425196853" HPOS="298.20472440944883"/>
            <String HEIGHT="9.070866141732283" WIDTH="36.56692913385827" VPOS="452.12598425196853" HPOS="284.31496062992125" CONTENT="fixé" ID="tl_44_10" STYLEREFS="FONT0"/>
            <SP HEIGHT="9.070866141732283" WIDTH="4.535433070866142" VPOS="452.12598425196853" HPOS="320.88188976377955"/>
            <String HEIGHT="9.070866141732283" WIDTH="27.496062992125985" VPOS="452.12598425196853" HPOS="307.2755905511811" CONTENT="au" ID="tl_44_11" STYLEREFS="FONT0"/>
            <SP HEIGHT="9.070866141732283" WIDTH="4.535433070866142" VPOS="452.12598425196853" HPOS="334.7716535433071"/>
            <String HEIGHT="9.070866141732283" WIDTH="27.496062992125985" VPOS="452.12598425196853" HPOS="320.88188976377955" CONTENT="22" ID="tl_44_12" STYLEREFS="FONT0"/>
            <SP HEIGHT="9.070866141732283" WIDTH="4.535433070866142" VPOS="452.12598425196853" HPOS="348.37795275590554"/>
            <String HEIGHT="9.070866141732283" WIDTH="36.56692913385827" VPOS="452.12598425196853" HPOS="334.7716535433071" CONTENT="mai," ID="tl_44_13" STYLEREFS="FONT0"/>
            <SP HEIGHT="9.070866141732283" WIDTH="4.535433070866142" VPOS="452.12598425196853" HPOS="371.33858267716533"/>
            <String HEIGHT="9.070866141732283" WIDTH="13.88976377952756" VPOS="452.12598425196853" HPOS="353.1968503937008" CONTENT="à" ID="tl_44_14" STYLEREFS="FONT0"/>
          </TextLine>
          <TextLine ID="tl_45" BASELINE="1652" HEIGHT="7.086614173228346" WIDTH="64.91338582677166" VPOS="461.1968503937008" HPOS="55.55905511811024">
            <String HEIGHT="7.086614173228346" WIDTH="74.26771653543307" VPOS="461.1968503937008" HPOS="46.20472440944882" CONTENT="Saint" ID="tl_45_1" STYLEREFS="FONT0"/>
          </TextLine>
        </TextBlock>
        <TextBlock ID="r_2_18" HEIGHT="11.338582677165354" WIDTH="331.37007874015745" VPOS="470.8346456692913" HPOS="35.43307086614173">
          <TextLine ID="tl_46" BASELINE="1700" HEIGHT="10.771653543307087" WIDTH="330.8031496062992" VPOS="471.11811023622045" HPOS="35.71653543307087">
            <String HEIGHT="10.771653543307087" WIDTH="31.748031496062993" VPOS="471.11811023622045" HPOS="31.181102362204726" CONTENT="123" ID="tl_46_1" STYLEREFS="FONT0"/>
            <SP HEIGHT="10.771653543307087" WIDTH="4.535433070866142" VPOS="471.11811023622045" HPOS="62.92913385826772"/>
            <String HEIGHT="10.771653543307087" WIDTH="81.63779527559055" VPOS="471.11811023622045" HPOS="49.32283464566929" CONTENT="Mérimée" ID="tl_46_2" STYLEREFS="FONT1"/>
            <SP HEIGHT="10.771653543307087" WIDTH="4.535433070866142" VPOS="471.11811023622045" HPOS="130.96062992125985"/>
            <String HEIGHT="10.771653543307087" WIDTH="58.960629921259844" VPOS="471.11811023622045" HPOS="117.35433070866142" CONTENT="(Prosp.)-" ID="tl_46_3" STYLEREFS="FONT0"/>
            <SP HEIGHT="10.771653543307087" WIDTH="4.535433070866142" VPOS="471.11811023622045" HPOS="176.31496062992127"/>
            <String HEIGHT="10.771653543307087" WIDTH="40.818897637795274" VPOS="471.11811023622045" HPOS="162.70866141732284" CONTENT="Pièce" ID="tl_46_4" STYLEREFS="FONT0"/>
            <SP HEIGHT="10.771653543307087" WIDTH="4.535433070866142" VPOS="471.11811023622045" HPOS="203.24409448818898"/>
            <String HEIGHT="10.771653543307087" WIDTH="36.28346456692913" VPOS="471.11811023622045" HPOS="189.92125984251967" CONTENT="deux" ID="tl_46_5" STYLEREFS="FONT0"/>
            <SP HEIGHT="10.771653543307087" WIDTH="4.535433070866142" VPOS="471.11811023622045" HPOS="225.92125984251967"/>
            <String HEIGHT="10.771653543307087" WIDTH="36.28346456692913" VPOS="471.11811023622045" HPOS="212.31496062992127" CONTENT="fois" ID="tl_46_6" STYLEREFS="FONT0"/>
            <SP HEIGHT="10.771653543307087" WIDTH="4.535433070866142" VPOS="471.11811023622045" HPOS="248.5984251968504"/>
            <String HEIGHT="10.771653543307087" WIDTH="49.889763779527556" VPOS="471.11811023622045" HPOS="234.99212598425197" CONTENT="signée," ID="tl_46_7" STYLEREFS="FONT0"/>
            <SP HEIGHT="10.771653543307087" WIDTH="4.535433070866142" VPOS="471.11811023622045" HPOS="284.88188976377955"/>
            <String HEIGHT="10.771653543307087" WIDTH="40.818897637795274" VPOS="471.11811023622045" HPOS="271.2755905511811" CONTENT="1854," ID="tl_46_8" STYLEREFS="FONT0"/>
            <SP HEIGHT="10.771653543307087" WIDTH="4.535433070866142" VPOS="471.11811023622045" HPOS="312.09448818897636"/>
            <String HEIGHT="10.771653543307087" WIDTH="22.677165354330707" VPOS="471.11811023622045" HPOS="298.48818897637796" CONTENT="1" ID="tl_46_9" STYLEREFS="FONT0"/>
            <SP HEIGHT="10.771653543307087" WIDTH="4.535433070866142" VPOS="471.11811023622045" HPOS="321.1653543307087"/>
            <String HEIGHT="10.771653543307087" WIDTH="27.212598425196852" VPOS="471.11811023622045" HPOS="307.5590551181102" CONTENT="p." ID="tl_46_10" STYLEREFS="FONT0"/>
            <SP HEIGHT="10.771653543307087" WIDTH="4.535433070866142" VPOS="471.11811023622045" HPOS="334.7716535433071"/>
            <String HEIGHT="10.771653543307087" WIDTH="40.818897637795274" VPOS="471.11811023622045" HPOS="321.1653543307087" CONTENT="in-f." ID="tl_46_11" STYLEREFS="FONT0"/>
            <SP HEIGHT="10.771653543307087" WIDTH="4.535433070866142" VPOS="471.11811023622045" HPOS="361.98425196850394"/>
            <String HEIGHT="10.771653543307087" WIDTH="22.677165354330707" VPOS="471.11811023622045" HPOS="348.37795275590554" CONTENT="3" ID="tl_46_12" STYLEREFS="FONT0"/>
            <SP HEIGHT="10.771653543307087" WIDTH="4.535433070866142" VPOS="471.11811023622045" HPOS="371.0551181102362"/>
            <String HEIGHT="10.771653543307087" WIDTH="13.606299212598426" VPOS="471.11811023622045" HPOS="352.9133858267717" CONTENT="»" ID="tl_46_13" STYLEREFS="FONT0"/>
          </TextLine>
        </TextBlock>
        <TextBlock ID="r_2_19" HEIGHT="18.708661417322833" WIDTH="311.81102362204723" VPOS="481.03937007874015" HPOS="55.55905511811024">
          <TextLine ID="tl_47" BASELINE="1731" HEIGHT="9.354330708661417" WIDTH="303.0236220472441" VPOS="481.3228346456693" HPOS="64.06299212598425">
            <String HEIGHT="9.354330708661417" WIDTH="37.41732283464567" VPOS="481.3228346456693" HPOS="59.52755905511811" CONTENT="Reçu" ID="tl_47_1" STYLEREFS="FONT0"/>
            <SP HEIGHT="9.354330708661417" WIDTH="4.535433070866142" VPOS="481.3228346456693" HPOS="96.66141732283465"/>
            <String HEIGHT="9.354330708661417" WIDTH="28.062992125984252" VPOS="481.3228346456693" HPOS="82.77165354330708" CONTENT="de" ID="tl_47_2" STYLEREFS="FONT0"/>
            <SP HEIGHT="9.354330708661417" WIDTH="4.535433070866142" VPOS="481.3228346456693" HPOS="110.55118110236221"/>
            <String HEIGHT="9.354330708661417" WIDTH="32.59842519685039" VPOS="481.3228346456693" HPOS="96.66141732283465" CONTENT="son" ID="tl_47_3" STYLEREFS="FONT0"/>
            <SP HEIGHT="9.354330708661417" WIDTH="4.535433070866142" VPOS="481.3228346456693" HPOS="129.25984251968504"/>
            <String HEIGHT="9.354330708661417" WIDTH="65.19685039370079" VPOS="481.3228346456693" HPOS="115.37007874015748" CONTENT="traitement" ID="tl_47_4" STYLEREFS="FONT0"/>
            <SP HEIGHT="9.354330708661417" WIDTH="4.535433070866142" VPOS="481.3228346456693" HPOS="180.56692913385828"/>
            <String HEIGHT="9.354330708661417" WIDTH="41.95275590551181" VPOS="481.3228346456693" HPOS="166.6771653543307" CONTENT="comme" ID="tl_47_5" STYLEREFS="FONT0"/>
            <SP HEIGHT="9.354330708661417" WIDTH="4.535433070866142" VPOS="481.3228346456693" HPOS="208.62992125984252"/>
            <String HEIGHT="9.354330708661417" WIDTH="55.84251968503937" VPOS="481.3228346456693" HPOS="194.45669291338584" CONTENT="sénateur" ID="tl_47_6" STYLEREFS="FONT0"/>
            <SP HEIGHT="9.354330708661417" WIDTH="4.535433070866142" VPOS="481.3228346456693" HPOS="250.58267716535434"/>
            <String HEIGHT="9.354330708661417" WIDTH="51.30708661417323" VPOS="481.3228346456693" HPOS="236.69291338582678" CONTENT="pendant" ID="tl_47_7" STYLEREFS="FONT0"/>
            <SP HEIGHT="9.354330708661417" WIDTH="4.535433070866142" VPOS="481.3228346456693" HPOS="287.7165354330709"/>
            <String HEIGHT="9.354330708661417" WIDTH="28.062992125984252" VPOS="481.3228346456693" HPOS="273.8267716535433" CONTENT="un" ID="tl_47_8" STYLEREFS="FONT0"/>
            <SP HEIGHT="9.354330708661417" WIDTH="4.535433070866142" VPOS="481.3228346456693" HPOS="301.8897637795276"/>
            <String HEIGHT="9.354330708661417" WIDTH="65.19685039370079" VPOS="481.3228346456693" HPOS="287.7165354330709" CONTENT="trimestre;" ID="tl_47_9" STYLEREFS="FONT0"/>
            <SP HEIGHT="9.354330708661417" WIDTH="4.535433070866142" VPOS="481.3228346456693" HPOS="353.1968503937008"/>
            <String HEIGHT="9.354330708661417" WIDTH="32.59842519685039" VPOS="481.3228346456693" HPOS="334.48818897637796" CONTENT="pièce" ID="tl_47_10" STYLEREFS="FONT0"/>
          </TextLine>
          <TextLine ID="tl_48" BASELINE="1762" HEIGHT="9.354330708661417" WIDTH="184.8188976377953" VPOS="490.1102362204724" HPOS="55.84251968503937">
            <String HEIGHT="9.354330708661417" WIDTH="50.45669291338583" VPOS="490.1102362204724" HPOS="51.59055118110236" CONTENT="curieuse" ID="tl_48_1" STYLEREFS="FONT0"/>
            <SP HEIGHT="9.354330708661417" WIDTH="4.251968503937008" VPOS="490.1102362204724" HPOS="102.04724409448819"/>
            <String HEIGHT="9.354330708661417" WIDTH="29.480314960629922" VPOS="490.1102362204724" HPOS="89.5748031496063" CONTENT="qui" ID="tl_48_2" STYLEREFS="FONT0"/>
            <SP HEIGHT="9.354330708661417" WIDTH="4.251968503937008" VPOS="490.1102362204724" HPOS="118.77165354330708"/>
            <String HEIGHT="9.354330708661417" WIDTH="50.45669291338583" VPOS="490.1102362204724" HPOS="106.2992125984252" CONTENT="contient" ID="tl_48_3" STYLEREFS="FONT0"/>
            <SP HEIGHT="9.354330708661417" WIDTH="4.251968503937008" VPOS="490.1102362204724" HPOS="156.75590551181102"/>
            <String HEIGHT="9.354330708661417" WIDTH="29.480314960629922" VPOS="490.1102362204724" HPOS="144.0" CONTENT="son" ID="tl_48_4" STYLEREFS="FONT0"/>
            <SP HEIGHT="9.354330708661417" WIDTH="4.251968503937008" VPOS="490.1102362204724" HPOS="173.48031496062993"/>
            <String HEIGHT="9.354330708661417" WIDTH="58.67716535433071" VPOS="490.1102362204724" HPOS="160.7244094488189" CONTENT="certificat" ID="tl_48_5" STYLEREFS="FONT0"/>
            <SP HEIGHT="9.354330708661417" WIDTH="4.251968503937008" VPOS="490.1102362204724" HPOS="219.68503937007873"/>
            <String HEIGHT="9.354330708661417" WIDTH="25.228346456692915" VPOS="490.1102362204724" HPOS="206.9291338582677" CONTENT="de" ID="tl_48_6" STYLEREFS="FONT0"/>
            <SP HEIGHT="9.354330708661417" WIDTH="4.251968503937008" VPOS="490.1102362204724" HPOS="232.15748031496062"/>
            <String HEIGHT="9.354330708661417" WIDTH="25.228346456692915" VPOS="490.1102362204724" HPOS="215.43307086614172" CONTENT="vie." ID="tl_48_7" STYLEREFS="FONT0"/>
          </TextLine>
        </TextBlock>
        <TextBlock ID="r_2_20" HEIGHT="11.05511811023622" WIDTH="331.0866141732283" VPOS="500.59842519685037" HPOS="36.0">
          <TextLine ID="tl_49" BASELINE="1804" HEIGHT="10.488188976377952" WIDTH="330.5196850393701" VPOS="500.88188976377955" HPOS="36.28346456692913">
            <String HEIGHT="10.488188976377952" WIDTH="33.44881889763779" VPOS="500.88188976377955" HPOS="31.46456692913386" CONTENT="124" ID="tl_49_1" STYLEREFS="FONT0"/>
            <SP HEIGHT="10.488188976377952" WIDTH="4.818897637795276" VPOS="500.88188976377955" HPOS="64.91338582677166"/>
            <String HEIGHT="10.488188976377952" WIDTH="86.1732283464567" VPOS="500.88188976377955" HPOS="50.74015748031496" CONTENT="Mignard" ID="tl_49_2" STYLEREFS="FONT1"/>
            <SP HEIGHT="10.488188976377952" WIDTH="4.818897637795276" VPOS="500.88188976377955" HPOS="136.91338582677164"/>
            <String HEIGHT="10.488188976377952" WIDTH="62.36220472440945" VPOS="500.88188976377955" HPOS="122.45669291338582" CONTENT="(Pierre)," ID="tl_49_3" STYLEREFS="FONT0"/>
            <SP HEIGHT="10.488188976377952" WIDTH="4.818897637795276" VPOS="500.88188976377955" HPOS="184.8188976377953"/>
            <String HEIGHT="10.488188976377952" WIDTH="28.62992125984252" VPOS="500.88188976377955" HPOS="170.36220472440945" CONTENT="un" ID="tl_49_4" STYLEREFS="FONT0"/>
            <SP HEIGHT="10.488188976377952" WIDTH="4.818897637795276" VPOS="500.88188976377955" HPOS="199.2755905511811"/>
            <String HEIGHT="10.488188976377952" WIDTH="33.44881889763779" VPOS="500.88188976377955" HPOS="184.8188976377953" CONTENT="des" ID="tl_49_5" STYLEREFS="FONT0"/>
            <SP HEIGHT="10.488188976377952" WIDTH="4.818897637795276" VPOS="500.88188976377955" HPOS="218.26771653543307"/>
            <String HEIGHT="10.488188976377952" WIDTH="38.267716535433074" VPOS="500.88188976377955" HPOS="203.81102362204723" CONTENT="plus" ID="tl_49_6" STYLEREFS="FONT0"/>
            <SP HEIGHT="10.488188976377952" WIDTH="4.818897637795276" VPOS="500.88188976377955" HPOS="242.36220472440945"/>
            <String HEIGHT="10.488188976377952" WIDTH="47.90551181102362" VPOS="500.88188976377955" HPOS="227.90551181102362" CONTENT="grands" ID="tl_49_7" STYLEREFS="FONT0"/>
            <SP HEIGHT="10.488188976377952" WIDTH="4.818897637795276" VPOS="500.88188976377955" HPOS="275.81102362204723"/>
            <String HEIGHT="10.488188976377952" WIDTH="57.54330708661417" VPOS="500.88188976377955" HPOS="261.3543307086614" CONTENT="peintres" ID="tl_49_8" STYLEREFS="FONT0"/>
            <SP HEIGHT="10.488188976377952" WIDTH="4.818897637795276" VPOS="500.88188976377955" HPOS="318.8976377952756"/>
            <String HEIGHT="10.488188976377952" WIDTH="28.62992125984252" VPOS="500.88188976377955" HPOS="304.4409448818898" CONTENT="du" ID="tl_49_9" STYLEREFS="FONT0"/>
            <SP HEIGHT="10.488188976377952" WIDTH="4.818897637795276" VPOS="500.88188976377955" HPOS="333.3543307086614"/>
            <String HEIGHT="10.488188976377952" WIDTH="47.90551181102362" VPOS="500.88188976377955" HPOS="318.8976377952756" CONTENT="siècle" ID="tl_49_10" STYLEREFS="FONT0"/>
            <SP HEIGHT="10.488188976377952" WIDTH="4.818897637795276" VPOS="500.88188976377955" HPOS="366.8031496062992"/>
            <String HEIGHT="10.488188976377952" WIDTH="19.275590551181104" VPOS="500.88188976377955" HPOS="347.5275590551181" CONTENT="de" ID="tl_49_11" STYLEREFS="FONT0"/>
          </TextLine>
        </TextBlock>
        <TextBlock ID="r_2_21" HEIGHT="31.46456692913386" WIDTH="312.09448818897636" VPOS="510.8031496062992" HPOS="55.55905511811024">
          <TextLine ID="tl_50" BASELINE="1840" HEIGHT="10.488188976377952" WIDTH="310.6771653543307" VPOS="511.0866141732283" HPOS="55.84251968503937">
            <String HEIGHT="10.488188976377952" WIDTH="45.92125984251968" VPOS="511.0866141732283" HPOS="50.74015748031496" CONTENT="Louis" ID="tl_50_1" STYLEREFS="FONT0"/>
            <SP HEIGHT="10.488188976377952" WIDTH="5.102362204724409" VPOS="511.0866141732283" HPOS="96.66141732283465"/>
            <String HEIGHT="10.488188976377952" WIDTH="45.92125984251968" VPOS="511.0866141732283" HPOS="81.35433070866142" CONTENT="XIV.—" ID="tl_50_2" STYLEREFS="FONT0"/>
            <SP HEIGHT="10.488188976377952" WIDTH="5.102362204724409" VPOS="511.0866141732283" HPOS="127.2755905511811"/>
            <String HEIGHT="10.488188976377952" WIDTH="30.614173228346456" VPOS="511.0866141732283" HPOS="111.96850393700787" CONTENT="L." ID="tl_50_3" STYLEREFS="FONT0"/>
            <SP HEIGHT="10.488188976377952" WIDTH="5.102362204724409" VPOS="511.0866141732283" HPOS="142.29921259842519"/>
            <String HEIGHT="10.488188976377952" WIDTH="30.614173228346456" VPOS="511.0866141732283" HPOS="127.2755905511811" CONTENT="a." ID="tl_50_4" STYLEREFS="FONT0"/>
            <SP HEIGHT="10.488188976377952" WIDTH="5.102362204724409" VPOS="511.0866141732283" HPOS="157.60629921259843"/>
            <String HEIGHT="10.488188976377952" WIDTH="30.614173228346456" VPOS="511.0866141732283" HPOS="142.29921259842519" CONTENT="s." ID="tl_50_5" STYLEREFS="FONT0"/>
            <SP HEIGHT="10.488188976377952" WIDTH="5.102362204724409" VPOS="511.0866141732283" HPOS="172.91338582677164"/>
            <String HEIGHT="10.488188976377952" WIDTH="30.614173228346456" VPOS="511.0866141732283" HPOS="157.60629921259843" CONTENT="au" ID="tl_50_6" STYLEREFS="FONT0"/>
            <SP HEIGHT="10.488188976377952" WIDTH="5.102362204724409" VPOS="511.0866141732283" HPOS="188.2204724409449"/>
            <String HEIGHT="10.488188976377952" WIDTH="56.125984251968504" VPOS="511.0866141732283" HPOS="172.91338582677164" CONTENT="peintre" ID="tl_50_7" STYLEREFS="FONT0"/>
            <SP HEIGHT="10.488188976377952" WIDTH="5.102362204724409" VPOS="511.0866141732283" HPOS="229.03937007874015"/>
            <String HEIGHT="10.488188976377952" WIDTH="61.22834645669291" VPOS="511.0866141732283" HPOS="213.73228346456693" CONTENT="Garigue," ID="tl_50_8" STYLEREFS="FONT0"/>
            <SP HEIGHT="10.488188976377952" WIDTH="5.102362204724409" VPOS="511.0866141732283" HPOS="274.96062992125985"/>
            <String HEIGHT="10.488188976377952" WIDTH="25.511811023622048" VPOS="511.0866141732283" HPOS="259.65354330708664" CONTENT="à" ID="tl_50_9" STYLEREFS="FONT0"/>
            <SP HEIGHT="10.488188976377952" WIDTH="5.102362204724409" VPOS="511.0866141732283" HPOS="285.1653543307087"/>
            <String HEIGHT="10.488188976377952" WIDTH="76.53543307086615" VPOS="511.0866141732283" HPOS="269.8582677165354" CONTENT="Versailles;" ID="tl_50_10" STYLEREFS="FONT0"/>
            <SP HEIGHT="10.488188976377952" WIDTH="5.102362204724409" VPOS="511.0866141732283" HPOS="346.1102362204724"/>
            <String HEIGHT="10.488188976377952" WIDTH="40.818897637795274" VPOS="511.0866141732283" HPOS="325.7007874015748" CONTENT="Paris," ID="tl_50_11" STYLEREFS="FONT0"/>
          </TextLine>
          <TextLine ID="tl_51" BASELINE="1877" HEIGHT="10.771653543307087" WIDTH="311.244094488189" VPOS="521.2913385826772" HPOS="56.125984251968504">
            <String HEIGHT="10.771653543307087" WIDTH="31.748031496062993" VPOS="521.2913385826772" HPOS="50.74015748031496" CONTENT="ce" ID="tl_51_1" STYLEREFS="FONT0"/>
            <SP HEIGHT="10.771653543307087" WIDTH="5.3858267716535435" VPOS="521.2913385826772" HPOS="82.48818897637796"/>
            <String HEIGHT="10.771653543307087" WIDTH="68.5984251968504" VPOS="521.2913385826772" HPOS="66.61417322834646" CONTENT="mercredi," ID="tl_51_2" STYLEREFS="FONT0"/>
            <SP HEIGHT="10.771653543307087" WIDTH="5.3858267716535435" VPOS="521.2913385826772" HPOS="135.21259842519686"/>
            <String HEIGHT="10.771653543307087" WIDTH="26.362204724409448" VPOS="521.2913385826772" HPOS="119.33858267716535" CONTENT="1" ID="tl_51_3" STYLEREFS="FONT0"/>
            <SP HEIGHT="10.771653543307087" WIDTH="5.3858267716535435" VPOS="521.2913385826772" HPOS="145.70078740157481"/>
            <String HEIGHT="10.771653543307087" WIDTH="31.748031496062993" VPOS="521.2913385826772" HPOS="130.11023622047244" CONTENT="p." ID="tl_51_4" STYLEREFS="FONT0"/>
            <SP HEIGHT="10.771653543307087" WIDTH="5.3858267716535435" VPOS="521.2913385826772" HPOS="161.5748031496063"/>
            <String HEIGHT="10.771653543307087" WIDTH="47.338582677165356" VPOS="521.2913385826772" HPOS="145.70078740157481" CONTENT="in-4," ID="tl_51_5" STYLEREFS="FONT0"/>
            <SP HEIGHT="10.771653543307087" WIDTH="5.3858267716535435" VPOS="521.2913385826772" HPOS="193.3228346456693"/>
            <String HEIGHT="10.771653543307087" WIDTH="63.21259842519685" VPOS="521.2913385826772" HPOS="177.4488188976378" CONTENT="fragment" ID="tl_51_6" STYLEREFS="FONT0"/>
            <SP HEIGHT="10.771653543307087" WIDTH="5.3858267716535435" VPOS="521.2913385826772" HPOS="240.66141732283464"/>
            <String HEIGHT="10.771653543307087" WIDTH="31.748031496062993" VPOS="521.2913385826772" HPOS="225.0708661417323" CONTENT="de" ID="tl_51_7" STYLEREFS="FONT0"/>
            <SP HEIGHT="10.771653543307087" WIDTH="5.3858267716535435" VPOS="521.2913385826772" HPOS="256.53543307086613"/>
            <String HEIGHT="10.771653543307087" WIDTH="58.110236220472444" VPOS="521.2913385826772" HPOS="240.66141732283464" CONTENT="cachet." ID="tl_51_8" STYLEREFS="FONT0"/>
            <SP HEIGHT="10.771653543307087" WIDTH="5.3858267716535435" VPOS="521.2913385826772" HPOS="298.7716535433071"/>
            <String HEIGHT="10.771653543307087" WIDTH="47.338582677165356" VPOS="521.2913385826772" HPOS="282.8976377952756" CONTENT="Pièce" ID="tl_51_9" STYLEREFS="FONT0"/>
            <SP HEIGHT="10.771653543307087" WIDTH="5.3858267716535435" VPOS="521.2913385826772" HPOS="330.5196850393701"/>
            <String HEIGHT="10.771653543307087" WIDTH="52.724409448818896" VPOS="521.2913385826772" HPOS="314.6456692913386" CONTENT="fripée" ID="tl_51_10" STYLEREFS="FONT0"/>
            <SP HEIGHT="10.771653543307087" WIDTH="5.3858267716535435" VPOS="521.2913385826772" HPOS="367.37007874015745"/>
            <String HEIGHT="10.771653543307087" WIDTH="20.976377952755904" VPOS="521.2913385826772" HPOS="346.3937007874016" CONTENT="et" ID="tl_51_11" STYLEREFS="FONT0"/>
          </TextLine>
          <TextLine ID="tl_52" BASELINE="1912" HEIGHT="10.204724409448819" WIDTH="310.3937007874016" VPOS="531.7795275590552" HPOS="56.40944881889764">
            <String HEIGHT="10.204724409448819" WIDTH="58.110236220472444" VPOS="531.7795275590552" HPOS="46.77165354330709" CONTENT="un" ID="tl_52_1" STYLEREFS="FONT0"/>
            <SP HEIGHT="10.204724409448819" WIDTH="9.637795275590552" VPOS="531.7795275590552" HPOS="104.88188976377953"/>
            <String HEIGHT="10.204724409448819" WIDTH="68.03149606299213" VPOS="531.7795275590552" HPOS="75.68503937007874" CONTENT="peu" ID="tl_52_2" STYLEREFS="FONT0"/>
            <SP HEIGHT="10.204724409448819" WIDTH="9.637795275590552" VPOS="531.7795275590552" HPOS="143.71653543307087"/>
            <String HEIGHT="10.204724409448819" WIDTH="106.58267716535433" VPOS="531.7795275590552" HPOS="114.51968503937007" CONTENT="tachée." ID="tl_52_3" STYLEREFS="FONT0"/>
            <SP HEIGHT="10.204724409448819" WIDTH="9.637795275590552" VPOS="531.7795275590552" HPOS="221.38582677165354"/>
            <String HEIGHT="10.204724409448819" WIDTH="155.33858267716536" VPOS="531.7795275590552" HPOS="192.18897637795277" CONTENT="Rare." ID="tl_52_4" STYLEREFS="FONT2"/>
            <SP HEIGHT="10.204724409448819" WIDTH="9.637795275590552" VPOS="531.7795275590552" HPOS="347.5275590551181"/>
            <String HEIGHT="10.204724409448819" WIDTH="58.110236220472444" VPOS="531.7795275590552" HPOS="318.3307086614173" CONTENT="60" ID="tl_52_5" STYLEREFS="FONT0"/>
            <SP HEIGHT="10.204724409448819" WIDTH="9.637795275590552" VPOS="531.7795275590552" HPOS="376.4409448818898"/>
            <String HEIGHT="10.204724409448819" WIDTH="29.19685039370079" VPOS="531.7795275590552" HPOS="337.6062992125984" CONTENT="»" ID="tl_52_6" STYLEREFS="FONT0"/>
          </TextLine>
        </TextBlock>
        <TextBlock ID="r_2_22" HEIGHT="16.724409448818896" WIDTH="310.96062992125985" VPOS="541.1338582677165" HPOS="56.125984251968504">
          <TextLine ID="tl_53" BASELINE="1942" HEIGHT="9.070866141732283" WIDTH="301.6062992125984" VPOS="541.4173228346457" HPOS="65.19685039370079">
            <String HEIGHT="9.070866141732283" WIDTH="25.228346456692915" VPOS="541.4173228346457" HPOS="60.94488188976378" CONTENT="Il" ID="tl_53_1" STYLEREFS="FONT0"/>
            <SP HEIGHT="9.070866141732283" WIDTH="4.251968503937008" VPOS="541.4173228346457" HPOS="86.1732283464567"/>
            <String HEIGHT="9.070866141732283" WIDTH="29.19685039370079" VPOS="541.4173228346457" HPOS="73.7007874015748" CONTENT="lui" ID="tl_53_2" STYLEREFS="FONT0"/>
            <SP HEIGHT="9.070866141732283" WIDTH="4.251968503937008" VPOS="541.4173228346457" HPOS="102.89763779527559"/>
            <String HEIGHT="9.070866141732283" WIDTH="33.44881889763779" VPOS="541.4173228346457" HPOS="90.4251968503937" CONTENT="fait" ID="tl_53_3" STYLEREFS="FONT0"/>
            <SP HEIGHT="9.070866141732283" WIDTH="4.251968503937008" VPOS="541.4173228346457" HPOS="123.8740157480315"/>
            <String HEIGHT="9.070866141732283" WIDTH="29.19685039370079" VPOS="541.4173228346457" HPOS="111.4015748031496" CONTENT="des" ID="tl_53_4" STYLEREFS="FONT0"/>
            <SP HEIGHT="9.070866141732283" WIDTH="4.251968503937008" VPOS="541.4173228346457" HPOS="140.5984251968504"/>
            <String HEIGHT="9.070866141732283" WIDTH="41.95275590551181" VPOS="541.4173228346457" HPOS="128.1259842519685" CONTENT="offres" ID="tl_53_5" STYLEREFS="FONT0"/>
            <SP HEIGHT="9.070866141732283" WIDTH="4.251968503937008" VPOS="541.4173228346457" HPOS="169.79527559055117"/>
            <String HEIGHT="9.070866141732283" WIDTH="33.44881889763779" VPOS="541.4173228346457" HPOS="157.3228346456693" CONTENT="pour" ID="tl_53_6" STYLEREFS="FONT0"/>
            <SP HEIGHT="9.070866141732283" WIDTH="4.251968503937008" VPOS="541.4173228346457" HPOS="190.77165354330708"/>
            <String HEIGHT="9.070866141732283" WIDTH="46.20472440944882" VPOS="541.4173228346457" HPOS="178.29921259842519" CONTENT="l’achat" ID="tl_53_7" STYLEREFS="FONT0"/>
            <SP HEIGHT="9.070866141732283" WIDTH="4.251968503937008" VPOS="541.4173228346457" HPOS="224.50393700787401"/>
            <String HEIGHT="9.070866141732283" WIDTH="25.228346456692915" VPOS="541.4173228346457" HPOS="211.748031496063" CONTENT="de" ID="tl_53_8" STYLEREFS="FONT0"/>
            <SP HEIGHT="9.070866141732283" WIDTH="4.251968503937008" VPOS="541.4173228346457" HPOS="236.9763779527559"/>
            <String HEIGHT="9.070866141732283" WIDTH="29.19685039370079" VPOS="541.4173228346457" HPOS="224.50393700787401" CONTENT="son" ID="tl_53_9" STYLEREFS="FONT0"/>
            <SP HEIGHT="9.070866141732283" WIDTH="4.251968503937008" VPOS="541.4173228346457" HPOS="253.70078740157481"/>
            <String HEIGHT="9.070866141732283" WIDTH="46.20472440944882" VPOS="541.4173228346457" HPOS="241.22834645669292" CONTENT="tableau" ID="tl_53_10" STYLEREFS="FONT0"/>
            <SP HEIGHT="9.070866141732283" WIDTH="4.251968503937008" VPOS="541.4173228346457" HPOS="287.1496062992126"/>
            <String HEIGHT="9.070866141732283" WIDTH="66.89763779527559" VPOS="541.4173228346457" HPOS="274.6771653543307" CONTENT="représentant" ID="tl_53_11" STYLEREFS="FONT0"/>
            <SP HEIGHT="9.070866141732283" WIDTH="4.251968503937008" VPOS="541.4173228346457" HPOS="341.5748031496063"/>
            <String HEIGHT="9.070866141732283" WIDTH="25.228346456692915" VPOS="541.4173228346457" HPOS="329.1023622047244" CONTENT="le" ID="tl_53_12" STYLEREFS="FONT0"/>
            <SP HEIGHT="9.070866141732283" WIDTH="4.251968503937008" VPOS="541.4173228346457" HPOS="354.3307086614173"/>
            <String HEIGHT="9.070866141732283" WIDTH="29.19685039370079" VPOS="541.4173228346457" HPOS="341.5748031496063" CONTENT="roi" ID="tl_53_13" STYLEREFS="FONT0"/>
            <SP HEIGHT="9.070866141732283" WIDTH="4.251968503937008" VPOS="541.4173228346457" HPOS="371.0551181102362"/>
            <String HEIGHT="9.070866141732283" WIDTH="12.472440944881889" VPOS="541.4173228346457" HPOS="354.3307086614173" CONTENT="à" ID="tl_53_14" STYLEREFS="FONT0"/>
          </TextLine>
          <TextLine ID="tl_54" BASELINE="1967" HEIGHT="7.086614173228346" WIDTH="29.480314960629922" VPOS="550.488188976378" HPOS="56.40944881889764">
            <String HEIGHT="7.086614173228346" WIDTH="37.98425196850393" VPOS="550.488188976378" HPOS="47.90551181102362" CONTENT="cheval." ID="tl_54_1" STYLEREFS="FONT0"/>
          </TextLine>
        </TextBlock>
        <TextBlock ID="r_2_23" HEIGHT="11.05511811023622" WIDTH="331.0866141732283" VPOS="558.7086614173228" HPOS="36.0">
          <TextLine ID="tl_55" BASELINE="2009" HEIGHT="10.488188976377952" WIDTH="330.5196850393701" VPOS="558.992125984252" HPOS="36.28346456692913">
            <String HEIGHT="10.488188976377952" WIDTH="32.031496062992126" VPOS="558.992125984252" HPOS="31.748031496062993" CONTENT="125" ID="tl_55_1" STYLEREFS="FONT0"/>
            <SP HEIGHT="10.488188976377952" WIDTH="4.535433070866142" VPOS="558.992125984252" HPOS="63.77952755905512"/>
            <String HEIGHT="10.488188976377952" WIDTH="82.77165354330708" VPOS="558.992125984252" HPOS="50.173228346456696" CONTENT="Mignard" ID="tl_55_2" STYLEREFS="FONT1"/>
            <SP HEIGHT="10.488188976377952" WIDTH="4.535433070866142" VPOS="558.992125984252" HPOS="132.66141732283464"/>
            <String HEIGHT="10.488188976377952" WIDTH="64.34645669291339" VPOS="558.992125984252" HPOS="118.77165354330708" CONTENT="(Pierre).—" ID="tl_55_3" STYLEREFS="FONT0"/>
            <SP HEIGHT="10.488188976377952" WIDTH="4.535433070866142" VPOS="558.992125984252" HPOS="183.11811023622047"/>
            <String HEIGHT="10.488188976377952" WIDTH="59.811023622047244" VPOS="558.992125984252" HPOS="169.51181102362204" CONTENT="Quittance" ID="tl_55_4" STYLEREFS="FONT0"/>
            <SP HEIGHT="10.488188976377952" WIDTH="4.535433070866142" VPOS="558.992125984252" HPOS="229.03937007874015"/>
            <String HEIGHT="10.488188976377952" WIDTH="36.8503937007874" VPOS="558.992125984252" HPOS="215.43307086614172" CONTENT="sig." ID="tl_55_5" STYLEREFS="FONT0"/>
            <SP HEIGHT="10.488188976377952" WIDTH="4.535433070866142" VPOS="558.992125984252" HPOS="252.0"/>
            <String HEIGHT="10.488188976377952" WIDTH="32.031496062992126" VPOS="558.992125984252" HPOS="238.39370078740157" CONTENT="sur" ID="tl_55_6" STYLEREFS="FONT0"/>
            <SP HEIGHT="10.488188976377952" WIDTH="4.535433070866142" VPOS="558.992125984252" HPOS="270.4251968503937"/>
            <String HEIGHT="10.488188976377952" WIDTH="45.92125984251968" VPOS="558.992125984252" HPOS="256.53543307086613" CONTENT="vélin;" ID="tl_55_7" STYLEREFS="FONT0"/>
            <SP HEIGHT="10.488188976377952" WIDTH="4.535433070866142" VPOS="558.992125984252" HPOS="302.45669291338584"/>
            <String HEIGHT="10.488188976377952" WIDTH="41.38582677165354" VPOS="558.992125984252" HPOS="288.8503937007874" CONTENT="1693," ID="tl_55_8" STYLEREFS="FONT0"/>
            <SP HEIGHT="10.488188976377952" WIDTH="4.535433070866142" VPOS="558.992125984252" HPOS="329.9527559055118"/>
            <String HEIGHT="10.488188976377952" WIDTH="41.38582677165354" VPOS="558.992125984252" HPOS="316.34645669291336" CONTENT="in-8." ID="tl_55_9" STYLEREFS="FONT0"/>
            <SP HEIGHT="10.488188976377952" WIDTH="4.535433070866142" VPOS="558.992125984252" HPOS="357.73228346456693"/>
            <String HEIGHT="10.488188976377952" WIDTH="27.496062992125985" VPOS="558.992125984252" HPOS="343.84251968503935" CONTENT="20" ID="tl_55_10" STYLEREFS="FONT0"/>
            <SP HEIGHT="10.488188976377952" WIDTH="4.535433070866142" VPOS="558.992125984252" HPOS="371.33858267716533"/>
            <String HEIGHT="10.488188976377952" WIDTH="13.88976377952756" VPOS="558.992125984252" HPOS="352.9133858267717" CONTENT="»" ID="tl_55_11" STYLEREFS="FONT0"/>
          </TextLine>
        </TextBlock>
        <TextBlock ID="r_2_24" HEIGHT="21.543307086614174" WIDTH="331.65354330708664" VPOS="570.8976377952756" HPOS="36.0">
          <TextLine ID="tl_56" BASELINE="2053" HEIGHT="10.771653543307087" WIDTH="331.0866141732283" VPOS="571.1811023622047" HPOS="36.28346456692913">
            <String HEIGHT="10.771653543307087" WIDTH="28.062992125984252" VPOS="571.1811023622047" HPOS="32.31496062992126" CONTENT="126" ID="tl_56_1" STYLEREFS="FONT0"/>
            <SP HEIGHT="10.771653543307087" WIDTH="3.968503937007874" VPOS="571.1811023622047" HPOS="60.09448818897638"/>
            <String HEIGHT="10.771653543307087" WIDTH="75.68503937007874" VPOS="571.1811023622047" HPOS="48.188976377952756" CONTENT="Montbrun" ID="tl_56_2" STYLEREFS="FONT1"/>
            <SP HEIGHT="10.771653543307087" WIDTH="3.968503937007874" VPOS="571.1811023622047" HPOS="124.15748031496064"/>
            <String HEIGHT="10.771653543307087" WIDTH="43.93700787401575" VPOS="571.1811023622047" HPOS="111.96850393700787" CONTENT="(Pierre" ID="tl_56_3" STYLEREFS="FONT0"/>
            <SP HEIGHT="10.771653543307087" WIDTH="3.968503937007874" VPOS="571.1811023622047" HPOS="155.90551181102362"/>
            <String HEIGHT="10.771653543307087" WIDTH="23.811023622047244" VPOS="571.1811023622047" HPOS="144.0" CONTENT="de" ID="tl_56_4" STYLEREFS="FONT0"/>
            <SP HEIGHT="10.771653543307087" WIDTH="3.968503937007874" VPOS="571.1811023622047" HPOS="167.81102362204723"/>
            <String HEIGHT="10.771653543307087" WIDTH="67.74803149606299" VPOS="571.1811023622047" HPOS="155.90551181102362" CONTENT="Bellegarde" ID="tl_56_5" STYLEREFS="FONT2"/>
            <SP HEIGHT="10.771653543307087" WIDTH="3.968503937007874" VPOS="571.1811023622047" HPOS="223.6535433070866"/>
            <String HEIGHT="10.771653543307087" WIDTH="23.811023622047244" VPOS="571.1811023622047" HPOS="211.748031496063" CONTENT="de" ID="tl_56_6" STYLEREFS="FONT2"/>
            <SP HEIGHT="10.771653543307087" WIDTH="3.968503937007874" VPOS="571.1811023622047" HPOS="235.84251968503938"/>
            <String HEIGHT="10.771653543307087" WIDTH="83.90551181102362" VPOS="571.1811023622047" HPOS="223.6535433070866" CONTENT="Souscarrière," ID="tl_56_7" STYLEREFS="FONT2"/>
            <SP HEIGHT="10.771653543307087" WIDTH="3.968503937007874" VPOS="571.1811023622047" HPOS="307.5590551181102"/>
            <String HEIGHT="10.771653543307087" WIDTH="43.93700787401575" VPOS="571.1811023622047" HPOS="295.65354330708664" CONTENT="marquis" ID="tl_56_8" STYLEREFS="FONT0"/>
            <SP HEIGHT="10.771653543307087" WIDTH="3.968503937007874" VPOS="571.1811023622047" HPOS="339.3070866141732"/>
            <String HEIGHT="10.771653543307087" WIDTH="32.031496062992126" VPOS="571.1811023622047" HPOS="327.40157480314963" CONTENT="de)," ID="tl_56_9" STYLEREFS="FONT0"/>
            <SP HEIGHT="10.771653543307087" WIDTH="3.968503937007874" VPOS="571.1811023622047" HPOS="359.43307086614175"/>
            <String HEIGHT="10.771653543307087" WIDTH="23.811023622047244" VPOS="571.1811023622047" HPOS="343.5590551181102" CONTENT="fils" ID="tl_56_10" STYLEREFS="FONT0"/>
          </TextLine>
          <TextLine ID="tl_57" BASELINE="2089" HEIGHT="11.05511811023622" WIDTH="310.3937007874016" VPOS="581.1023622047244" HPOS="56.69291338582677">
            <String HEIGHT="11.05511811023622" WIDTH="58.960629921259844" VPOS="581.1023622047244" HPOS="51.30708661417323" CONTENT="naturel" ID="tl_57_1" STYLEREFS="FONT0"/>
            <SP HEIGHT="11.05511811023622" WIDTH="5.3858267716535435" VPOS="581.1023622047244" HPOS="110.26771653543307"/>
            <String HEIGHT="11.05511811023622" WIDTH="32.031496062992126" VPOS="581.1023622047244" HPOS="94.11023622047244" CONTENT="de" ID="tl_57_2" STYLEREFS="FONT0"/>
            <SP HEIGHT="11.05511811023622" WIDTH="5.3858267716535435" VPOS="581.1023622047244" HPOS="126.14173228346456"/>
            <String HEIGHT="11.05511811023622" WIDTH="48.188976377952756" VPOS="581.1023622047244" HPOS="110.26771653543307" CONTENT="Roger" ID="tl_57_3" STYLEREFS="FONT0"/>
            <SP HEIGHT="11.05511811023622" WIDTH="5.3858267716535435" VPOS="581.1023622047244" HPOS="158.45669291338584"/>
            <String HEIGHT="11.05511811023622" WIDTH="32.031496062992126" VPOS="581.1023622047244" HPOS="142.29921259842519" CONTENT="de" ID="tl_57_4" STYLEREFS="FONT0"/>
            <SP HEIGHT="11.05511811023622" WIDTH="5.3858267716535435" VPOS="581.1023622047244" HPOS="174.33070866141733"/>
            <String HEIGHT="11.05511811023622" WIDTH="80.22047244094489" VPOS="581.1023622047244" HPOS="158.45669291338584" CONTENT="Bellegarde," ID="tl_57_5" STYLEREFS="FONT0"/>
            <SP HEIGHT="11.05511811023622" WIDTH="5.3858267716535435" VPOS="581.1023622047244" HPOS="238.6771653543307"/>
            <String HEIGHT="11.05511811023622" WIDTH="74.83464566929133" VPOS="581.1023622047244" HPOS="222.51968503937007" CONTENT="personnage" ID="tl_57_6" STYLEREFS="FONT0"/>
            <SP HEIGHT="11.05511811023622" WIDTH="5.3858267716535435" VPOS="581.1023622047244" HPOS="297.6377952755906"/>
            <String HEIGHT="11.05511811023622" WIDTH="58.960629921259844" VPOS="581.1023622047244" HPOS="281.4803149606299" CONTENT="célèbre" ID="tl_57_7" STYLEREFS="FONT0"/>
            <SP HEIGHT="11.05511811023622" WIDTH="5.3858267716535435" VPOS="581.1023622047244" HPOS="340.4409448818898"/>
            <String HEIGHT="11.05511811023622" WIDTH="37.41732283464567" VPOS="581.1023622047244" HPOS="324.2834645669291" CONTENT="par" ID="tl_57_8" STYLEREFS="FONT0"/>
            <SP HEIGHT="11.05511811023622" WIDTH="5.3858267716535435" VPOS="581.1023622047244" HPOS="361.7007874015748"/>
            <String HEIGHT="11.05511811023622" WIDTH="26.64566929133858" VPOS="581.1023622047244" HPOS="340.4409448818898" CONTENT="son" ID="tl_57_9" STYLEREFS="FONT0"/>
          </TextLine>
        </TextBlock>
      </PrintSpace>
    </Page>
  </Layout>
</alto>
