405.9212598425197 636.3779527559055
173.48031496062993 32.031496062992126 32.31496062992126 7.937007874015748 —
186.51968503937007 32.031496062992126 32.31496062992126 7.937007874015748 8
193.03937007874015 32.031496062992126 19.275590551181104 7.937007874015748 —

29.763779527559056 53.574803149606296 27.496062992125985 10.488188976377952 53
43.37007874015748 53.574803149606296 68.31496062992126 10.488188976377952 Foix
98.07874015748031 53.574803149606296 41.10236220472441 10.488188976377952 (Paul
125.5748031496063 53.574803149606296 36.56692913385827 10.488188976377952 de),
148.251968503937 53.574803149606296 27.496062992125985 10.488188976377952 un
162.14173228346456 53.574803149606296 32.031496062992126 10.488188976377952 des
180.28346456692913 53.574803149606296 36.56692913385827 10.488188976377952 plus
203.24409448818898 53.574803149606296 54.70866141732284 10.488188976377952 célèbres
244.3464566929134 53.574803149606296 63.77952755905512 10.488188976377952 diplomates
294.5196850393701 53.574803149606296 27.496062992125985 10.488188976377952 de
308.12598425196853 53.574803149606296 32.031496062992126 10.488188976377952 son
321.73228346456693 53.574803149606296 36.56692913385827 10.488188976377952 temps,

44.22047244094488 63.496062992125985 80.22047244094489 10.488188976377952 ambassadeur
108.28346456692914 63.496062992125985 53.29133858267716 10.488188976377952 auprès
145.70078740157481 63.496062992125985 32.031496062992126 10.488188976377952 de
161.85826771653544 63.496062992125985 90.70866141732283 10.488188976377952 Marie-Stuart,
236.69291338582678 63.496062992125985 42.803149606299215 10.488188976377952 puis
263.33858267716533 63.496062992125985 85.60629921259843 10.488188976377952 d’Elisabeth,
327.40157480314963 63.496062992125985 32.031496062992126 10.488188976377952 dont

44.503937007874015 73.7007874015748 32.59842519685039 11.338582677165354 il
60.661417322834644 73.7007874015748 54.14173228346457 11.338582677165354 essaya
98.64566929133858 73.7007874015748 32.59842519685039 11.338582677165354 de
114.80314960629921 73.7007874015748 64.91338582677166 11.338582677165354 conclure
163.55905511811022 73.7007874015748 32.59842519685039 11.338582677165354 le
180.0 73.7007874015748 59.52755905511811 11.338582677165354 mariage
223.08661417322836 73.7007874015748 43.37007874015748 11.338582677165354 avec
250.29921259842519 73.7007874015748 64.91338582677166 11.338582677165354 François
293.6692913385827 73.7007874015748 64.91338582677166 11.338582677165354 d’Alençon;

44.22047244094488 83.90551181102362 56.125984251968504 10.771653543307087 arrêté
83.62204724409449 83.90551181102362 44.78740157480315 10.771653543307087 avec
111.68503937007874 83.90551181102362 44.78740157480315 10.771653543307087 Anne
139.748031496063 83.90551181102362 33.732283464566926 10.771653543307087 Du
156.4724409448819 83.90551181102362 56.125984251968504 10.771653543307087 Bourg,
195.8740157480315 83.90551181102362 33.732283464566926 10.771653543307087 il
212.5984251968504 83.90551181102362 39.40157480314961 10.771653543307087 fut
234.99212598425197 83.90551181102362 67.46456692913385 10.771653543307087 condamné
285.73228346456693 83.90551181102362 44.78740157480315 10.771653543307087 puis
308.12598425196853 83.90551181102362 50.45669291338583 10.771653543307087 absous,

45.07086614173228 94.11023622047244 70.86614173228347 10.488188976377952 archevêque
100.91338582677166 94.11023622047244 30.330708661417322 10.488188976377952 de
115.93700787401575 94.11023622047244 65.76377952755905 10.488188976377952 Toulouse,
166.6771653543307 94.11023622047244 30.330708661417322 10.488188976377952 né
181.70078740157481 94.11023622047244 30.330708661417322 10.488188976377952 en
197.00787401574803 94.11023622047244 45.63779527559055 10.488188976377952 1528,
227.33858267716536 94.11023622047244 40.53543307086614 10.488188976377952 mort
252.56692913385828 94.11023622047244 30.330708661417322 10.488188976377952 en
267.87401574803147 94.11023622047244 45.63779527559055 10.488188976377952 1584.
298.20472440944883 94.11023622047244 25.228346456692915 10.488188976377952 —
308.12598425196853 94.11023622047244 40.53543307086614 10.488188976377952 Let.
328.53543307086613 94.11023622047244 30.330708661417322 10.488188976377952 sig.

45.07086614173228 104.31496062992126 41.10236220472441 10.488188976377952 avec
70.86614173228347 104.31496062992126 30.89763779527559 10.488188976377952 la
86.1732283464567 104.31496062992126 72.0 10.488188976377952 souscript.
142.86614173228347 104.31496062992126 41.10236220472441 10.488188976377952 aut.
168.3779527559055 104.31496062992126 30.89763779527559 10.488188976377952 en
183.96850393700788 104.31496062992126 51.59055118110236 10.488188976377952 latin,
219.96850393700788 104.31496062992126 30.89763779527559 10.488188976377952 au
235.2755905511811 104.31496062992126 61.79527559055118 10.488188976377952 cardinal
281.76377952755905 104.31496062992126 56.69291338582677 10.488188976377952 Morone;
317.76377952755905 104.31496062992126 41.10236220472441 10.488188976377952 Paris,

44.22047244094488 114.23622047244095 35.71653543307087 10.488188976377952 13
62.07874015748032 114.23622047244095 41.38582677165354 10.488188976377952 mai
85.88976377952756 114.23622047244095 53.29133858267716 10.488188976377952 1576,
121.32283464566929 114.23622047244095 29.763779527559056 10.488188976377952 1
133.22834645669292 114.23622047244095 35.71653543307087 10.488188976377952 p.
151.08661417322836 114.23622047244095 41.38582677165354 10.488188976377952 1/2
174.61417322834646 114.23622047244095 65.19685039370079 10.488188976377952 in-fol.
222.23622047244095 114.23622047244095 124.44094488188976 10.488188976377952 Très-rare.
328.81889763779526 114.23622047244095 35.71653543307087 10.488188976377952 50
340.7244094488189 114.23622047244095 17.858267716535433 10.488188976377952 »

55.275590551181104 124.7244094488189 55.275590551181104 8.78740157480315 Importante
98.64566929133858 124.7244094488189 39.40157480314961 8.78740157480315 lettre
126.4251968503937 124.7244094488189 59.24409448818898 8.78740157480315 historique.
173.76377952755905 124.7244094488189 23.811023622047244 8.78740157480315 Il
185.66929133858267 124.7244094488189 23.811023622047244 8.78740157480315 le
197.5748031496063 124.7244094488189 47.338582677165356 8.78740157480315 félicite
233.29133858267716 124.7244094488189 43.37007874015748 8.78740157480315 d'avoir
264.755905511811 124.7244094488189 43.37007874015748 8.78740157480315 rétabli
296.503937007874 124.7244094488189 23.811023622047244 8.78740157480315 la
308.40944881889766 124.7244094488189 31.748031496062993 8.78740157480315 paix
327.9685039370079 124.7244094488189 19.84251968503937 8.78740157480315 à
331.93700787401576 124.7244094488189 27.77952755905512 8.78740157480315 Gènes

45.92125984251968 133.51181102362204 24.944881889763778 8.78740157480315 et
58.39370078740158 133.51181102362204 45.92125984251968 8.78740157480315 d’avoir
91.84251968503936 133.51181102362204 37.7007874015748 8.78740157480315 sauvé
117.07086614173228 133.51181102362204 50.173228346456696 8.78740157480315 l’Italie
154.48818897637796 133.51181102362204 45.92125984251968 8.78740157480315 entière
187.93700787401573 133.51181102362204 37.7007874015748 8.78740157480315 d'une
212.88188976377953 133.51181102362204 41.669291338582674 8.78740157480315 guerre
242.36220472440945 133.51181102362204 58.39370078740158 8.78740157480315 imminente.
288.2834645669291 133.51181102362204 24.944881889763778 8.78740157480315 On
300.755905511811 133.51181102362204 41.669291338582674 8.78740157480315 aurait
325.7007874015748 133.51181102362204 33.44881889763779 8.78740157480315 besoin

45.354330708661415 142.58267716535434 36.0 8.78740157480315 d'un
67.74803149606299 142.58267716535434 40.25196850393701 8.78740157480315 homme
94.67716535433071 142.58267716535434 31.46456692913386 8.78740157480315 tel
112.81889763779527 142.58267716535434 31.46456692913386 8.78740157480315 que
130.6771653543307 142.58267716535434 44.78740157480315 8.78740157480315 Morone
162.14173228346456 142.58267716535434 36.0 8.78740157480315 pour
184.53543307086613 142.58267716535434 49.32283464566929 8.78740157480315 apaiser
220.251968503937 142.58267716535434 31.46456692913386 8.78740157480315 les
238.39370078740157 142.58267716535434 53.85826771653543 8.78740157480315 troubles
278.6456692913386 142.58267716535434 26.929133858267715 8.78740157480315 en
292.251968503937 142.58267716535434 49.32283464566929 8.78740157480315 France.
327.9685039370079 142.58267716535434 26.929133858267715 8.78740157480315 Le
337.03937007874015 142.58267716535434 22.393700787401574 8.78740157480315 roi

46.20472440944882 151.37007874015748 36.28346456692913 9.070866141732283 vient
70.2992125984252 151.37007874015748 24.094488188976378 9.070866141732283 de
82.20472440944881 151.37007874015748 40.25196850393701 9.070866141732283 signer
110.55118110236221 151.37007874015748 24.094488188976378 9.070866141732283 la
122.45669291338582 151.37007874015748 32.031496062992126 9.070866141732283 paix
142.58267716535434 151.37007874015748 24.094488188976378 9.070866141732283 de
154.48818897637796 151.37007874015748 52.15748031496063 9.070866141732283 Beaulieu,
194.74015748031496 151.37007874015748 32.031496062992126 9.070866141732283 dite
214.86614173228347 151.37007874015748 36.28346456692913 9.070866141732283 de
238.96062992125985 151.37007874015748 68.31496062992126 9.070866141732283 Monsieur.
295.0866141732283 151.37007874015748 24.094488188976378 9.070866141732283 Il
307.2755905511811 151.37007874015748 40.25196850393701 9.070866141732283 trouve
331.37007874015745 151.37007874015748 28.062992125984252 9.070866141732283 qu’on

46.20472440944882 160.15748031496062 28.913385826771652 9.070866141732283 n’y
62.92913385826772 160.15748031496062 20.69291338582677 9.070866141732283 a
71.14960629921259 160.15748031496062 28.913385826771652 9.070866141732283 pas
87.59055118110236 160.15748031496062 49.60629921259842 9.070866141732283 respecté
124.7244094488189 160.15748031496062 53.574803149606296 9.070866141732283 l’honneur
165.82677165354332 160.15748031496062 24.661417322834644 9.070866141732283 dû
178.29921259842519 160.15748031496062 24.661417322834644 9.070866141732283 au
190.77165354330708 160.15748031496062 32.881889763779526 9.070866141732283 Dieu
211.1811023622047 160.15748031496062 74.26771653543307 9.070866141732283 tout-puissant,
273.25984251968504 160.15748031496062 57.826771653543304 9.070866141732283 l’autorité
318.61417322834643 160.15748031496062 24.661417322834644 9.070866141732283 du
326.8346456692913 160.15748031496062 32.881889763779526 9.070866141732283 Saint-

45.354330708661415 169.22834645669292 40.53543307086614 8.78740157480315 Siège
72.28346456692914 169.22834645669292 26.929133858267715 8.78740157480315 et
85.88976377952756 169.22834645669292 26.929133858267715 8.78740157480315 la
99.21259842519684 169.22834645669292 49.32283464566929 8.78740157480315 majesté
135.21259842519686 169.22834645669292 26.929133858267715 8.78740157480315 du
148.53543307086613 169.22834645669292 36.0 8.78740157480315 Roi;
171.21259842519686 169.22834645669292 36.0 8.78740157480315 elle
193.60629921259843 169.22834645669292 26.929133858267715 8.78740157480315 ne
206.9291338582677 169.22834645669292 44.78740157480315 8.78740157480315 réunit
238.39370078740157 169.22834645669292 31.46456692913386 8.78740157480315 pas
256.53543307086613 169.22834645669292 31.46456692913386 8.78740157480315 les
274.3937007874016 169.22834645669292 58.39370078740158 8.78740157480315 citoyens,
319.18110236220474 169.22834645669292 36.0 8.78740157480315 mais
337.3228346456693 169.22834645669292 22.393700787401574 8.78740157480315 les

45.63779527559055 178.29921259842519 53.00787401574803 8.503937007874017 désunit,
85.60629921259843 178.29921259842519 26.362204724409448 8.503937007874017 en
98.64566929133858 178.29921259842519 30.89763779527559 8.503937007874017 les
116.50393700787401 178.29921259842519 53.00787401574803 8.503937007874017 séparant
156.18897637795277 178.29921259842519 44.22047244094488 8.503937007874017 devant
187.08661417322836 178.29921259842519 30.89763779527559 8.503937007874017 les
204.66141732283464 178.29921259842519 57.25984251968504 8.503937007874017 tribunaux
248.88188976377953 178.29921259842519 39.68503937007874 8.503937007874017 comme
275.244094488189 178.29921259842519 44.22047244094488 8.503937007874017 devant
306.1417322834646 178.29921259842519 30.89763779527559 8.503937007874017 les
319.46456692913387 178.29921259842519 39.68503937007874 8.503937007874017 autels.

29.763779527559056 187.08661417322836 27.77952755905512 10.488188976377952 54
43.653543307086615 187.08661417322836 69.73228346456693 10.488188976377952 François
99.49606299212599 187.08661417322836 55.84251968503937 10.488188976377952 Ier,
141.16535433070865 187.08661417322836 32.59842519685039 10.488188976377952 roi
159.8740157480315 187.08661417322836 27.77952755905512 10.488188976377952 de
173.76377952755905 187.08661417322836 74.26771653543307 10.488188976377952 France.—Let.
234.14173228346456 187.08661417322836 37.13385826771653 10.488188976377952 sig.
257.38582677165357 187.08661417322836 23.244094488188978 10.488188976377952 à
266.74015748031496 187.08661417322836 27.77952755905512 10.488188976377952 M.
280.62992125984255 187.08661417322836 27.77952755905512 10.488188976377952 de
294.5196850393701 187.08661417322836 41.95275590551181 10.488188976377952 Boysy
317.76377952755905 187.08661417322836 41.95275590551181 10.488188976377952 (Arthur

44.503937007874015 197.00787401574803 66.89763779527559 10.488188976377952 Gouffier,
96.09448818897638 197.00787401574803 82.48818897637796 10.488188976377952 grand-maître
162.99212598425197 197.00787401574803 30.89763779527559 10.488188976377952 de
178.58267716535434 197.00787401574803 56.69291338582677 10.488188976377952 France,
219.68503937007873 197.00787401574803 51.59055118110236 10.488188976377952 ancien
255.68503937007873 197.00787401574803 72.28346456692914 10.488188976377952 gouverneur
312.37795275590554 197.00787401574803 30.89763779527559 10.488188976377952 du
322.86614173228344 197.00787401574803 36.0 10.488188976377952 roi);

43.653543307086615 207.21259842519686 74.26771653543307 10.204724409448819 Amboise,
99.21259842519684 207.21259842519686 30.89763779527559 10.204724409448819 3
111.68503937007874 207.21259842519686 49.32283464566929 10.204724409448819 mars
142.58267716535434 207.21259842519686 49.32283464566929 10.204724409448819 1516
173.48031496062993 207.21259842519686 68.03149606299213 10.204724409448819 (1517),
222.8031496062992 207.21259842519686 30.89763779527559 10.204724409448819 1
235.2755905511811 207.21259842519686 37.13385826771653 10.204724409448819 p.
253.70078740157481 207.21259842519686 43.37007874015748 10.204724409448819 1/2
278.6456692913386 207.21259842519686 68.03149606299213 10.204724409448819 in-fol.
327.9685039370079 207.21259842519686 37.13385826771653 10.204724409448819 35
340.4409448818898 207.21259842519686 18.4251968503937 10.204724409448819 »

54.425196850393704 217.41732283464566 40.25196850393701 8.78740157480315 Belle
81.35433070866142 217.41732283464566 26.929133858267715 8.78740157480315 et
94.96062992125984 217.41732283464566 71.71653543307086 8.78740157480315 intéressante
153.0708661417323 217.41732283464566 49.32283464566929 8.78740157480315 lettre.
189.0708661417323 217.41732283464566 26.929133858267715 8.78740157480315 Il
202.39370078740157 217.41732283464566 44.78740157480315 8.78740157480315 désire
233.85826771653544 217.41732283464566 71.71653543307086 8.78740157480315 «depputer...
292.251968503937 217.41732283464566 49.32283464566929 8.78740157480315 lieu...
323.43307086614175 217.41732283464566 36.0 8.78740157480315 conve-

46.20472440944882 226.48818897637796 39.118110236220474 8.78740157480315 nable
72.28346456692914 226.48818897637796 26.078740157480315 8.78740157480315 et
85.32283464566929 226.48818897637796 56.40944881889764 8.78740157480315 permanent
128.69291338582678 226.48818897637796 34.86614173228347 8.78740157480315 pour
150.23622047244095 226.48818897637796 39.118110236220474 8.78740157480315 faire
176.31496062992127 226.48818897637796 26.078740157480315 8.78740157480315 et
189.35433070866142 226.48818897637796 39.118110236220474 8.78740157480315 tenir
215.43307086614172 226.48818897637796 65.19685039370079 8.78740157480315 l'assemblée
267.59055118110234 226.48818897637796 26.078740157480315 8.78740157480315 et
280.62992125984255 226.48818897637796 52.15748031496063 8.78740157480315 chapitre
315.496062992126 226.48818897637796 43.37007874015748 8.78740157480315 général»

45.354330708661415 235.2755905511811 26.64566929133858 9.070866141732283 de
58.67716535433071 235.2755905511811 48.75590551181102 9.070866141732283 l’ordre
94.11023622047244 235.2755905511811 26.64566929133858 9.070866141732283 de
107.43307086614173 235.2755905511811 75.11811023622047 9.070866141732283 Saint-Michel.
169.51181102362204 235.2755905511811 26.64566929133858 9.070866141732283 Il
182.5511811023622 235.2755905511811 26.64566929133858 9.070866141732283 le
195.8740157480315 235.2755905511811 62.07874015748032 9.070866141732283 convoquera
244.62992125984252 235.2755905511811 35.43307086614173 9.070866141732283 donc
266.74015748031496 235.2755905511811 26.64566929133858 9.070866141732283 en
280.06299212598424 235.2755905511811 26.64566929133858 9.070866141732283 la
293.38582677165357 235.2755905511811 39.968503937007874 9.070866141732283 ville
319.748031496063 235.2755905511811 26.64566929133858 9.070866141732283 de
328.81889763779526 235.2755905511811 30.89763779527559 9.070866141732283 Blois

46.20472440944882 244.06299212598427 30.330708661417322 9.070866141732283 «en
63.496062992125985 244.06299212598427 51.874015748031496 9.070866141732283 l’église
102.33070866141732 244.06299212598427 82.20472440944881 9.070866141732283 Sainct-Saulveur
171.7795275590551 244.06299212598427 30.330708661417322 9.070866141732283 qui
189.0708661417323 244.06299212598427 30.330708661417322 9.070866141732283 est
206.36220472440945 244.06299212598427 51.874015748031496 9.070866141732283 joignant
245.48031496062993 244.06299212598427 26.078740157480315 9.070866141732283 le
258.5196850393701 244.06299212598427 47.62204724409449 9.070866141732283 chastel
293.1023622047244 244.06299212598427 26.078740157480315 9.070866141732283 du
306.1417322834646 244.06299212598427 30.330708661417322 9.070866141732283 dit
318.8976377952756 244.06299212598427 39.118110236220474 9.070866141732283 Blois».

45.63779527559055 253.13385826771653 37.7007874015748 9.070866141732283 C'est
70.86614173228347 253.13385826771653 25.228346456692915 9.070866141732283 là
83.33858267716535 253.13385826771653 29.19685039370079 9.070866141732283 que
100.06299212598425 253.13385826771653 33.44881889763779 9.070866141732283 sera
121.03937007874016 253.13385826771653 50.173228346456696 9.070866141732283 célébrée
158.74015748031496 253.13385826771653 25.228346456692915 9.070866141732283 la
171.21259842519686 253.13385826771653 33.44881889763779 9.070866141732283 fête
192.18897637795277 253.13385826771653 25.228346456692915 9.070866141732283 du
204.9448818897638 253.13385826771653 41.95275590551181 9.070866141732283 patron
234.14173228346456 253.13385826771653 25.228346456692915 9.070866141732283 de
246.61417322834646 253.13385826771653 50.173228346456696 9.070866141732283 l’Ordre.
284.31496062992125 253.13385826771653 33.44881889763779 9.070866141732283 S’il
305.29133858267716 253.13385826771653 25.228346456692915 9.070866141732283 en
313.79527559055117 253.13385826771653 45.92125984251968 9.070866141732283 changeait

46.20472440944882 261.9212598425197 24.37795275590551 9.070866141732283 le
58.39370078740158 261.9212598425197 36.56692913385827 9.070866141732283 lieu,
82.77165354330708 261.9212598425197 24.37795275590551 9.070866141732283 il
94.96062992125984 261.9212598425197 65.19685039370079 9.070866141732283 l’avertirait
147.96850393700788 261.9212598425197 32.59842519685039 9.070866141732283 dans
168.3779527559055 261.9212598425197 28.62992125984252 9.070866141732283 les
184.53543307086613 261.9212598425197 36.56692913385827 9.070866141732283 trois
208.91338582677164 261.9212598425197 32.59842519685039 9.070866141732283 mois
229.3228346456693 261.9212598425197 32.59842519685039 9.070866141732283 pour
249.73228346456693 261.9212598425197 36.56692913385827 9.070866141732283 qu'il
274.1102362204724 261.9212598425197 20.409448818897637 9.070866141732283 y
282.3307086614173 261.9212598425197 40.818897637795274 9.070866141732283 puisse
310.96062992125985 261.9212598425197 44.78740157480315 9.070866141732283 envoyer
339.3070866141732 261.9212598425197 20.409448818897637 9.070866141732283 son

46.20472440944882 270.99212598425197 58.67716535433071 9.070866141732283 procureur.
92.40944881889764 270.99212598425197 25.228346456692915 9.070866141732283 Il
104.88188976377953 270.99212598425197 37.7007874015748 9.070866141732283 joint
129.82677165354332 270.99212598425197 20.976377952755904 9.070866141732283 à
138.33070866141733 270.99212598425197 25.228346456692915 9.070866141732283 la
150.8031496062992 270.99212598425197 41.95275590551181 9.070866141732283 lettre
180.0 270.99212598425197 29.19685039370079 9.070866141732283 «un
196.7244094488189 270.99212598425197 41.95275590551181 9.070866141732283 patron
226.20472440944883 270.99212598425197 54.425196850393704 9.070866141732283 contenant
267.87401574803147 270.99212598425197 25.228346456692915 9.070866141732283 la
280.62992125984255 270.99212598425197 37.7007874015748 9.070866141732283 forme
305.5748031496063 270.99212598425197 25.228346456692915 9.070866141732283 et
318.0472440944882 270.99212598425197 37.7007874015748 9.070866141732283 sorte
339.0236220472441 270.99212598425197 20.976377952755904 9.070866141732283 des

46.488188976377955 279.7795275590551 55.84251968503937 9.070866141732283 manteaulx
89.29133858267717 279.7795275590551 25.79527559055118 9.070866141732283 et
102.33070866141732 279.7795275590551 60.09448818897638 9.070866141732283 chaperons»
149.38582677165354 279.7795275590551 30.04724409448819 9.070866141732283 que
166.39370078740157 279.7795275590551 30.04724409448819 9.070866141732283 les
183.68503937007873 279.7795275590551 60.09448818897638 9.070866141732283 chevaliers
230.74015748031496 279.7795275590551 47.05511811023622 9.070866141732283 devront
265.03937007874015 279.7795275590551 47.05511811023622 9.070866141732283 revêtir
299.33858267716533 279.7795275590551 21.543307086614174 9.070866141732283 à
308.12598425196853 279.7795275590551 38.55118110236221 9.070866141732283 cette
329.38582677165357 279.7795275590551 30.04724409448819 9.070866141732283 fête.

45.92125984251968 288.8503937007874 24.944881889763778 7.086614173228346 Il
58.39370078740158 288.8503937007874 50.173228346456696 7.086614173228346 l'invite
96.09448818897638 288.8503937007874 41.669291338582674 7.086614173228346 encore
125.29133858267717 288.8503937007874 20.976377952755904 7.086614173228346 à
133.79527559055117 288.8503937007874 41.669291338582674 7.086614173228346 relire
162.99212598425197 288.8503937007874 33.44881889763779 7.086614173228346 «les
183.96850393700788 288.8503937007874 50.173228346456696 7.086614173228346 articles
221.38582677165354 288.8503937007874 50.173228346456696 7.086614173228346 contenuz
259.0866141732283 288.8503937007874 24.944881889763778 7.086614173228346 au
271.5590551181102 288.8503937007874 37.7007874015748 7.086614173228346 livre
296.78740157480314 288.8503937007874 24.944881889763778 7.086614173228346 du
309.25984251968504 288.8503937007874 29.19685039370079 7.086614173228346 dit
321.73228346456693 288.8503937007874 37.7007874015748 7.086614173228346 Ordre».

30.614173228346456 298.7716535433071 27.77952755905512 10.488188976377952 55
44.503937007874015 298.7716535433071 83.33858267716535 10.488188976377952 Gabaret
113.95275590551181 298.7716535433071 41.669291338582674 10.488188976377952 (Jean
141.73228346456693 298.7716535433071 37.13385826771653 10.488188976377952 de),
164.9763779527559 298.7716535433071 41.669291338582674 10.488188976377952 marin
192.75590551181102 298.7716535433071 51.023622047244096 10.488188976377952 célèbre
229.88976377952756 298.7716535433071 27.77952755905512 10.488188976377952 du
243.7795275590551 298.7716535433071 41.669291338582674 10.488188976377952 XVIIe
271.5590551181102 298.7716535433071 51.023622047244096 10.488188976377952 siècle,
308.6929133858268 298.7716535433071 37.13385826771653 10.488188976377952 chef
327.40157480314963 298.7716535433071 32.59842519685039 10.488188976377952 d’es

44.78740157480315 308.9763779527559 54.425196850393704 10.488188976377952 cadre,
82.77165354330708 308.9763779527559 75.96850393700787 10.488188976377952 gouverneur
142.58267716535434 308.9763779527559 32.59842519685039 10.488188976377952 de
158.74015748031496 308.9763779527559 32.59842519685039 10.488188976377952 la
175.1811023622047 308.9763779527559 81.35433070866142 10.488188976377952 Martinique,
240.3779527559055 308.9763779527559 32.59842519685039 10.488188976377952 né
256.53543307086613 308.9763779527559 27.212598425196852 10.488188976377952 à
267.3070866141732 308.9763779527559 48.75590551181102 10.488188976377952 l’île
299.90551181102364 308.9763779527559 32.59842519685039 10.488188976377952 de
316.34645669291336 308.9763779527559 32.59842519685039 10.488188976377952 Ré
327.11811023622045 308.9763779527559 32.59842519685039 10.488188976377952 vers

45.92125984251968 319.18110236220474 43.37007874015748 10.488188976377952 1623,
74.83464566929133 319.18110236220474 38.55118110236221 10.488188976377952 mort
98.92913385826772 319.18110236220474 28.913385826771652 10.488188976377952 en
113.38582677165354 319.18110236220474 43.37007874015748 10.488188976377952 1697.
142.29921259842519 319.18110236220474 24.094488188976378 10.488188976377952 —
151.93700787401573 319.18110236220474 43.37007874015748 10.488188976377952 Quit.
180.8503937007874 319.18110236220474 38.55118110236221 10.488188976377952 sig.
205.22834645669292 319.18110236220474 38.55118110236221 10.488188976377952 avec
229.3228346456693 319.18110236220474 43.37007874015748 10.488188976377952 trois
258.23622047244095 319.18110236220474 38.55118110236221 10.488188976377952 lig.
282.3307086614173 319.18110236220474 38.55118110236221 10.488188976377952 aut.
306.4251968503937 319.18110236220474 33.732283464566926 10.488188976377952 sur
320.88188976377955 319.18110236220474 38.55118110236221 10.488188976377952 vélin;

40.53543307086614 329.38582677165357 139.1811023622047 9.637795275590552 Rochefort,
149.95275590551182 329.38582677165357 89.5748031496063 9.637795275590552 1684,
209.76377952755905 329.38582677165357 79.65354330708661 9.637795275590552 in-8
259.37007874015745 329.38582677165357 79.65354330708661 9.637795275590552 obl.
309.25984251968504 329.38582677165357 59.811023622047244 9.637795275590552 15
329.1023622047244 329.38582677165357 29.763779527559056 9.637795275590552 »

55.275590551181104 339.59055118110234 36.8503937007874 8.78740157480315 Reçu
78.23622047244095 339.59055118110234 27.77952755905512 8.78740157480315 de
92.1259842519685 339.59055118110234 32.31496062992126 8.78740157480315 ses
110.55118110236221 339.59055118110234 41.669291338582674 8.78740157480315 gages
138.33070866141733 339.59055118110234 41.669291338582674 8.78740157480315 comme
165.82677165354332 339.59055118110234 36.8503937007874 8.78740157480315 chef
184.53543307086613 339.59055118110234 55.275590551181104 8.78740157480315 d’escadre.

31.181102362204726 348.37795275590554 27.212598425196852 10.204724409448819 56
44.78740157480315 348.37795275590554 86.45669291338582 10.204724409448819 Geoffrin
117.63779527559055 348.37795275590554 45.63779527559055 10.204724409448819 (Mme),
149.66929133858267 348.37795275590554 41.10236220472441 10.204724409448819 femme
176.88188976377953 348.37795275590554 50.173228346456696 10.204724409448819 célèbre
213.4488188976378 348.37795275590554 27.212598425196852 10.204724409448819 du
227.0551181102362 348.37795275590554 45.63779527559055 10.204724409448819 XVIIIe
258.8031496062992 348.37795275590554 50.173228346456696 10.204724409448819 siècle,
295.37007874015745 348.37795275590554 36.56692913385827 10.204724409448819 dont
318.0472440944882 348.37795275590554 27.212598425196852 10.204724409448819 le
327.40157480314963 348.37795275590554 31.748031496062993 10.204724409448819 salon

45.92125984251968 358.5826771653543 35.43307086614173 11.622047244094489 fut
66.33070866141732 358.5826771653543 30.330708661417322 11.622047244094489 le
81.35433070866142 358.5826771653543 75.96850393700787 11.622047244094489 rendez-vous
142.01574803149606 358.5826771653543 35.43307086614173 11.622047244094489 des
162.14173228346456 358.5826771653543 75.96850393700787 11.622047244094489 philosophes
222.8031496062992 358.5826771653543 35.43307086614173 11.622047244094489 les
243.21259842519686 358.5826771653543 40.53543307086614 11.622047244094489 plus
263.33858267716533 358.5826771653543 96.09448818897638 11.622047244094489 hardis.—Quittance

43.08661417322835 368.503937007874 81.07086614173228 10.488188976377952 signée
100.06299212598425 368.503937007874 56.69291338582677 10.488188976377952 sur
132.3779527559055 368.503937007874 81.07086614173228 10.488188976377952 vélin;
189.35433070866142 368.503937007874 73.13385826771653 10.488188976377952 1775,
238.11023622047244 368.503937007874 73.13385826771653 10.488188976377952 in-18
286.5826771653543 368.503937007874 64.91338582677166 10.488188976377952 obl.
327.11811023622045 368.503937007874 40.53543307086614 10.488188976377952 8
335.33858267716533 368.503937007874 24.37795275590551 10.488188976377952 »

31.748031496062993 378.99212598425197 27.77952755905512 10.488188976377952 57
45.63779527559055 378.99212598425197 64.62992125984252 10.488188976377952 Georges
96.37795275590551 378.99212598425197 50.74015748031496 10.488188976377952 II,
133.22834645669292 378.99212598425197 32.31496062992126 10.488188976377952 roi
151.6535433070866 378.99212598425197 78.51968503937007 10.488188976377952 d’Angleterre.
216.28346456692913 378.99212598425197 22.96062992125984 10.488188976377952 —
225.35433070866142 378.99212598425197 36.8503937007874 10.488188976377952 Let.
248.31496062992127 378.99212598425197 36.8503937007874 10.488188976377952 sig.
271.5590551181102 378.99212598425197 36.8503937007874 10.488188976377952 avec
294.5196850393701 378.99212598425197 27.77952755905512 10.488188976377952 la
303.87401574803147 378.99212598425197 55.275590551181104 10.488188976377952 souscript.

45.63779527559055 389.1968503937008 53.574803149606296 11.338582677165354 aut.,
81.35433070866142 389.1968503937008 35.71653543307087 11.338582677165354 en
99.21259842519684 389.1968503937008 77.38582677165354 11.338582677165354 allemand,
158.45669291338584 389.1968503937008 29.763779527559056 11.338582677165354 à
170.36220472440945 389.1968503937008 71.43307086614173 11.338582677165354 l’évêque
223.93700787401573 389.1968503937008 35.71653543307087 11.338582677165354 de
241.79527559055117 389.1968503937008 83.05511811023622 11.338582677165354 Wurtzbourg
301.03937007874015 389.1968503937008 59.52755905511811 11.338582677165354 (Anselme

46.77165354330709 399.11811023622045 61.79527559055118 10.771653543307087 Frantz);
92.97637795275591 399.11811023622045 82.20472440944881 10.771653543307087 Saint-James,
159.8740157480315 399.11811023622045 25.79527559055118 10.771653543307087 9
170.07874015748033 399.11811023622045 56.69291338582677 10.771653543307087 janvier
211.46456692913387 399.11811023622045 46.20472440944882 10.771653543307087 1748,
242.36220472440945 399.11811023622045 25.79527559055118 10.771653543307087 1
252.56692913385828 399.11811023622045 30.89763779527559 10.771653543307087 p.
267.87401574803147 399.11811023622045 36.0 10.771653543307087 3/4
288.56692913385825 399.11811023622045 56.69291338582677 10.771653543307087 in-fol.
324.56692913385825 399.11811023622045 36.0 10.771653543307087 Sceau

44.22047244094488 409.6062992125984 100.34645669291339 10.204724409448819 très-bien
121.32283464566929 409.6062992125984 100.34645669291339 10.204724409448819 conservé.
198.4251968503937 409.6062992125984 84.75590551181102 10.204724409448819 Superbe
260.2204724409449 409.6062992125984 84.75590551181102 10.204724409448819 lettre.
322.01574803149606 409.6062992125984 46.20472440944882 10.204724409448819 20
337.3228346456693 409.6062992125984 23.244094488188978 10.204724409448819 »

31.46456692913386 419.81102362204723 30.330708661417322 9.921259842519685 58
46.77165354330709 419.81102362204723 91.2755905511811 9.921259842519685 Gessner
122.74015748031496 419.81102362204723 101.48031496062993 9.921259842519685 (Jean-Matthias),
209.1968503937008 419.81102362204723 60.94488188976378 9.921259842519685 écrivain
254.83464566929135 419.81102362204723 66.04724409448819 9.921259842519685 allemand,
300.4724409448819 419.81102362204723 60.94488188976378 9.921259842519685 conseiller

47.338582677165356 430.01574803149606 62.645669291338585 10.204724409448819 aulique,
94.39370078740157 430.01574803149606 31.46456692913386 10.204724409448819 né
109.98425196850394 430.01574803149606 31.46456692913386 10.204724409448819 en
125.5748031496063 430.01574803149606 47.05511811023622 10.204724409448819 1691,
157.03937007874015 430.01574803149606 41.95275590551181 10.204724409448819 mort
183.11811023622047 430.01574803149606 31.46456692913386 10.204724409448819 en
198.70866141732284 430.01574803149606 47.05511811023622 10.204724409448819 1761.
230.17322834645668 430.01574803149606 26.078740157480315 10.204724409448819 —
240.66141732283464 430.01574803149606 31.46456692913386 10.204724409448819 L.
256.251968503937 430.01574803149606 31.46456692913386 10.204724409448819 a.
272.12598425196853 430.01574803149606 36.56692913385827 10.204724409448819 s.,
292.81889763779526 430.01574803149606 31.46456692913386 10.204724409448819 en
308.6929133858268 430.01574803149606 52.15748031496063 10.204724409448819 latin,
339.87401574803147 430.01574803149606 20.976377952755904 10.204724409448819 au

47.05511811023622 439.93700787401576 47.90551181102362 10.771653543307087 baron
79.08661417322834 439.93700787401576 32.031496062992126 10.771653543307087 de
94.96062992125984 439.93700787401576 53.29133858267716 10.771653543307087 Brand,
132.3779527559055 439.93700787401576 26.64566929133858 10.771653543307087 à
142.86614173228347 439.93700787401576 74.55118110236221 10.771653543307087 Francfort;
201.54330708661416 439.93700787401576 74.55118110236221 10.771653543307087 Gœttingue,
259.93700787401576 439.93700787401576 26.64566929133858 10.771653543307087 5
270.70866141732284 439.93700787401576 47.90551181102362 10.771653543307087 avril
302.45669291338584 439.93700787401576 47.90551181102362 10.771653543307087 1745,
334.48818897637796 439.93700787401576 26.64566929133858 10.771653543307087 3
339.87401574803147 439.93700787401576 21.25984251968504 10.771653543307087 p.

42.51968503937008 450.1417322834646 86.45669291338582 8.220472440944881 in-4.
100.34645669291339 450.1417322834646 105.73228346456693 8.220472440944881 Cachet.
177.16535433070865 450.1417322834646 86.45669291338582 8.220472440944881 Belle
234.99212598425197 450.1417322834646 105.73228346456693 8.220472440944881 lettre.
311.81102362204723 450.1417322834646 57.826771653543304 8.220472440944881 15
331.0866141732283 450.1417322834646 28.913385826771652 8.220472440944881 »

31.748031496062993 460.06299212598424 32.031496062992126 10.488188976377952 59
47.90551181102362 460.06299212598424 63.77952755905512 10.488188976377952 Girardin
95.5275590551181 460.06299212598424 53.29133858267716 10.488188976377952 (Emile
132.9448818897638 460.06299212598424 42.51968503937008 10.488188976377952 de),
159.30708661417322 460.06299212598424 58.39370078740158 10.488188976377952 célèbre
201.82677165354332 460.06299212598424 79.65354330708661 10.488188976377952 publiciste,
265.6062992125984 460.06299212598424 42.51968503937008 10.488188976377952 mort
292.251968503937 460.06299212598424 74.55118110236221 10.488188976377952 récemment.
345.54330708661416 460.06299212598424 15.874015748031496 10.488188976377952 —

46.20472440944882 470.26771653543307 33.16535433070866 10.488188976377952 L.
62.645669291338585 470.26771653543307 33.16535433070866 10.488188976377952 a.
79.37007874015748 470.26771653543307 33.16535433070866 10.488188976377952 s.
95.81102362204724 470.26771653543307 27.77952755905512 10.488188976377952 à
106.86614173228347 470.26771653543307 33.16535433070866 10.488188976377952 un
123.59055118110236 470.26771653543307 88.44094488188976 10.488188976377952 journaliste,
195.30708661417322 470.26771653543307 33.16535433070866 10.488188976377952 25
212.03149606299212 470.26771653543307 44.22047244094488 10.488188976377952 août
239.5275590551181 470.26771653543307 49.889763779527556 10.488188976377952 1860,
272.6929133858268 470.26771653543307 27.77952755905512 10.488188976377952 1
283.748031496063 470.26771653543307 33.16535433070866 10.488188976377952 p.
300.4724409448819 470.26771653543307 49.889763779527556 10.488188976377952 in-8.
333.6377952755906 470.26771653543307 33.16535433070866 10.488188976377952 10
344.6929133858268 470.26771653543307 16.724409448818896 10.488188976377952 »

56.69291338582677 480.4724409448819 26.078740157480315 9.070866141732283 Il
69.73228346456693 480.4724409448819 47.90551181102362 9.070866141732283 déclare
104.5984251968504 480.4724409448819 39.40157480314961 9.070866141732283 qu'il
130.6771653543307 480.4724409448819 30.614173228346456 9.070866141732283 n’y
148.251968503937 480.4724409448819 21.826771653543307 9.070866141732283 a
157.03937007874015 480.4724409448819 30.614173228346456 9.070866141732283 pas
174.61417322834646 480.4724409448819 26.078740157480315 9.070866141732283 un
187.6535433070866 480.4724409448819 30.614173228346456 9.070866141732283 mot
204.9448818897638 480.4724409448819 26.078740157480315 9.070866141732283 de
218.26771653543307 480.4724409448819 34.86614173228347 9.070866141732283 vrai
240.09448818897638 480.4724409448819 34.86614173228347 9.070866141732283 dans
261.9212598425197 480.4724409448819 47.90551181102362 9.070866141732283 l'achat
296.78740157480314 480.4724409448819 39.40157480314961 9.070866141732283 qu'on
322.86614173228344 480.4724409448819 30.614173228346456 9.070866141732283 lui
336.18897637795277 480.4724409448819 26.078740157480315 9.070866141732283 fait

48.47244094488189 489.54330708661416 35.1496062992126 9.070866141732283 faire
72.0 489.54330708661416 31.46456692913386 9.070866141732283 pour
91.55905511811024 489.54330708661416 23.52755905511811 9.070866141732283 la
103.46456692913385 489.54330708661416 47.05511811023622 9.070866141732283 centième
138.61417322834646 489.54330708661416 31.46456692913386 9.070866141732283 fois
158.17322834645668 489.54330708661416 23.52755905511811 9.070866141732283 du
170.07874015748033 489.54330708661416 58.67716535433071 9.070866141732283 Courrier
217.13385826771653 489.54330708661416 23.52755905511811 9.070866141732283 de
228.75590551181102 489.54330708661416 54.99212598425197 9.070866141732283 Paris.
271.84251968503935 489.54330708661416 23.52755905511811 9.070866141732283 Il
283.748031496063 489.54330708661416 27.496062992125985 9.070866141732283 est
299.33858267716533 489.54330708661416 31.46456692913386 9.070866141732283 plus
318.8976377952756 489.54330708661416 27.496062992125985 9.070866141732283 que
330.5196850393701 489.54330708661416 31.46456692913386 9.070866141732283 jamais

47.62204724409449 498.3307086614173 50.173228346456696 9.070866141732283 éloigné
84.18897637795276 498.3307086614173 27.496062992125985 9.070866141732283 de
97.79527559055119 498.3307086614173 41.10236220472441 9.070866141732283 toute
125.00787401574803 498.3307086614173 45.63779527559055 9.070866141732283 pensée
157.03937007874015 498.3307086614173 27.496062992125985 9.070866141732283 de
170.64566929133858 498.3307086614173 50.173228346456696 9.070866141732283 rentrer
207.21259842519686 498.3307086614173 36.56692913385827 9.070866141732283 dans
229.88976377952756 498.3307086614173 27.496062992125985 9.070866141732283 le
243.7795275590551 498.3307086614173 72.85039370078741 9.070866141732283 journalisme.
303.0236220472441 498.3307086614173 32.031496062992126 9.070866141732283 «Il
316.62992125984255 498.3307086614173 45.63779527559055 9.070866141732283 faudrait

47.90551181102362 507.40157480314963 26.64566929133858 8.78740157480315 de
61.22834645669291 507.40157480314963 48.75590551181102 8.78740157480315 grandes
96.66141732283465 507.40157480314963 75.11811023622047 8.78740157480315 circonstances
158.74015748031496 507.40157480314963 35.43307086614173 8.78740157480315 pour
180.8503937007874 507.40157480314963 26.64566929133858 8.78740157480315 me
194.17322834645668 507.40157480314963 39.968503937007874 8.78740157480315 faire
220.53543307086613 507.40157480314963 44.22047244094488 8.78740157480315 sortir
251.71653543307087 507.40157480314963 26.64566929133858 8.78740157480315 du
264.755905511811 507.40157480314963 39.968503937007874 8.78740157480315 cadre
291.40157480314963 507.40157480314963 26.64566929133858 8.78740157480315 de
304.7244094488189 507.40157480314963 48.75590551181102 8.78740157480315 réserve
335.62204724409446 507.40157480314963 26.64566929133858 8.78740157480315 dans

47.62204724409449 516.4724409448819 43.08661417322835 8.78740157480315 lequel
77.66929133858268 516.4724409448819 25.79527559055118 8.78740157480315 je
90.70866141732283 516.4724409448819 34.2992125984252 8.78740157480315 suis
112.25196850393701 516.4724409448819 77.38582677165354 8.78740157480315 volontairement
176.5984251968504 516.4724409448819 43.08661417322835 8.78740157480315 entré,
206.9291338582677 516.4724409448819 38.83464566929134 8.78740157480315 après
232.7244094488189 516.4724409448819 60.37795275590551 8.78740157480315 vingt-cinq
280.06299212598424 516.4724409448819 43.08661417322835 8.78740157480315 années
310.1102362204724 516.4724409448819 25.79527559055118 8.78740157480315 de
318.61417322834643 516.4724409448819 43.08661417322835 8.78740157480315 service,

47.90551181102362 525.2598425196851 34.86614173228347 8.78740157480315 sous
69.44881889763779 525.2598425196851 30.330708661417322 8.78740157480315 les
87.02362204724409 525.2598425196851 52.15748031496063 8.78740157480315 drapeaux
126.14173228346456 525.2598425196851 26.078740157480315 8.78740157480315 de
139.1811023622047 525.2598425196851 26.078740157480315 8.78740157480315 la
147.68503937007873 525.2598425196851 47.90551181102362 8.78740157480315 liberté.»

31.46456692913386 535.1811023622047 30.614173228346456 10.488188976377952 60
46.77165354330709 535.1811023622047 96.66141732283465 10.488188976377952 Godefroy
128.1259842519685 535.1811023622047 50.74015748031496 10.488188976377952 (Denis
163.55905511811022 535.1811023622047 40.818897637795274 10.488188976377952 II),
189.0708661417323 535.1811023622047 55.84251968503937 10.488188976377952 célèbre
229.88976377952756 535.1811023622047 55.84251968503937 10.488188976377952 érudit,
270.4251968503937 535.1811023622047 91.55905511811024 10.488188976377952 historiographe
341.5748031496063 535.1811023622047 20.409448818897637 10.488188976377952 de

46.488188976377955 545.3858267716536 63.21259842519685 9.637795275590552 France,
92.40944881889764 545.3858267716536 34.58267716535433 9.637795275590552 né
109.7007874015748 545.3858267716536 34.58267716535433 9.637795275590552 en
126.70866141732283 545.3858267716536 51.59055118110236 9.637795275590552 1615,
161.29133858267716 545.3858267716536 45.92125984251968 9.637795275590552 mort
189.92125984251967 545.3858267716536 28.62992125984252 9.637795275590552 à
201.54330708661416 545.3858267716536 51.59055118110236 9.637795275590552 Lille
235.84251968503938 545.3858267716536 34.58267716535433 9.637795275590552 en
253.13385826771653 545.3858267716536 51.59055118110236 9.637795275590552 1681.
287.7165354330709 545.3858267716536 28.62992125984252 9.637795275590552 —
299.0551181102362 545.3858267716536 34.58267716535433 9.637795275590552 L.
316.34645669291336 545.3858267716536 34.58267716535433 9.637795275590552 a.
333.6377952755906 545.3858267716536 34.58267716535433 9.637795275590552 s.
344.9763779527559 545.3858267716536 17.291338582677167 9.637795275590552 à

46.77165354330709 555.5905511811023 29.480314960629922 10.488188976377952 M.
61.511811023622045 555.5905511811023 49.32283464566929 10.488188976377952 Schæp,
96.09448818897638 555.5905511811023 24.661417322834644 10.488188976377952 à
105.73228346456693 555.5905511811023 29.480314960629922 10.488188976377952 La
120.75590551181102 555.5905511811023 44.503937007874015 10.488188976377952 Haye;
150.23622047244095 555.5905511811023 49.32283464566929 10.488188976377952 Paris,
184.8188976377953 555.5905511811023 29.480314960629922 10.488188976377952 23
199.55905511811022 555.5905511811023 44.503937007874015 10.488188976377952 avril
229.03937007874015 555.5905511811023 44.503937007874015 10.488188976377952 1650,
258.8031496062992 555.5905511811023 24.661417322834644 10.488188976377952 1
268.4409448818898 555.5905511811023 29.480314960629922 10.488188976377952 p.
283.46456692913387 555.5905511811023 54.14173228346457 10.488188976377952 in-fol.
317.76377952755905 555.5905511811023 44.503937007874015 10.488188976377952 Cachets

42.803149606299215 565.7952755905512 54.70866141732284 10.488188976377952 et
70.01574803149606 565.7952755905512 91.2755905511811 10.488188976377952 soies.
134.07874015748033 565.7952755905512 100.34645669291339 10.488188976377952 Légères
206.9291338582677 565.7952755905512 136.91338582677164 10.488188976377952 déchirures.
316.34645669291336 565.7952755905512 54.70866141732284 10.488188976377952 25
334.48818897637796 565.7952755905512 27.496062992125985 10.488188976377952 »

55.84251968503937 576.0 25.511811023622048 9.070866141732283 Il
68.5984251968504 576.0 29.763779527559056 9.070866141732283 lui
85.60629921259843 576.0 51.023622047244096 9.070866141732283 explique
123.8740157480315 576.0 29.763779527559056 9.070866141732283 que
141.16535433070865 576.0 59.52755905511811 9.070866141732283 Grossus
187.93700787401573 576.0 63.77952755905512 9.070866141732283 Turonus
238.96062992125985 576.0 46.77165354330709 9.070866141732283 désigne
272.9763779527559 576.0 29.763779527559056 9.070866141732283 une
290.26771653543307 576.0 46.77165354330709 9.070866141732283 monnaie
324.2834645669291 576.0 25.511811023622048 9.070866141732283 de
332.78740157480314 576.0 29.763779527559056 9.070866141732283 Tours

46.77165354330709 584.7874015748032 32.881889763779526 8.78740157480315 sur
65.76377952755905 584.7874015748032 28.346456692913385 8.78740157480315 la
79.93700787401575 584.7874015748032 42.51968503937008 8.78740157480315 Loire
108.0 584.7874015748032 28.346456692913385 8.78740157480315 et
122.1732283464567 584.7874015748032 32.881889763779526 8.78740157480315 non
141.16535433070865 584.7874015748032 28.346456692913385 8.78740157480315 de
155.33858267716536 584.7874015748032 47.05511811023622 8.78740157480315 Troyes
188.2204724409449 584.7874015748032 28.346456692913385 8.78740157480315 en
202.39370078740157 584.7874015748032 66.04724409448819 8.78740157480315 Champagne.
254.26771653543307 584.7874015748032 23.52755905511811 8.78740157480315 —
263.62204724409446 584.7874015748032 28.346456692913385 8.78740157480315 On
277.79527559055117 584.7874015748032 23.52755905511811 8.78740157480315 a
287.1496062992126 584.7874015748032 42.51968503937008 8.78740157480315 joint
315.496062992126 584.7874015748032 28.346456692913385 8.78740157480315 la
324.8503937007874 584.7874015748032 37.7007874015748 8.78740157480315 minute

46.77165354330709 594.1417322834645 34.58267716535433 8.503937007874017 aut.
68.31496062992126 594.1417322834645 38.83464566929134 8.503937007874017 sig.,
94.11023622047244 594.1417322834645 25.79527559055118 8.503937007874017 en
107.14960629921259 594.1417322834645 56.125984251968504 8.503937007874017 français,
150.23622047244095 594.1417322834645 25.79527559055118 8.503937007874017 de
162.99212598425197 594.1417322834645 25.79527559055118 8.503937007874017 la
176.03149606299212 594.1417322834645 47.338582677165356 8.503937007874017 réponse
210.33070866141733 594.1417322834645 25.79527559055118 8.503937007874017 de
223.37007874015748 594.1417322834645 25.79527559055118 8.503937007874017 M.
231.8740157480315 594.1417322834645 34.58267716535433 8.503937007874017 Schæp.
