403.65354330708664 641.1968503937007
188.50393700787401 20.976377952755904 33.44881889763779 7.653543307086614 —
201.82677165354332 20.976377952755904 39.968503937007874 7.653543307086614 12
215.1496062992126 20.976377952755904 20.125984251968504 7.653543307086614 —

49.60629921259842 42.51968503937008 30.330708661417322 10.771653543307087 93
64.91338582677166 42.51968503937008 101.48031496062993 10.771653543307087 Kremnitz,
151.08661417322836 42.51968503937008 66.04724409448819 10.771653543307087 diplomate
201.82677165354332 42.51968503937008 30.330708661417322 10.771653543307087 et
217.13385826771653 42.51968503937008 45.63779527559055 10.771653543307087 homme
247.46456692913387 42.51968503937008 50.74015748031496 10.771653543307087 d’Etat
283.18110236220474 42.51968503937008 76.25196850393701 10.771653543307087 autrichien,
344.12598425196853 42.51968503937008 35.43307086614173 10.771653543307087 ami
359.1496062992126 42.51968503937008 20.409448818897637 10.771653543307087 de

64.34645669291339 52.44094488188976 79.93700787401575 11.338582677165354 Metternich.
128.40944881889763 52.44094488188976 26.64566929133858 11.338582677165354 —
139.1811023622047 52.44094488188976 32.031496062992126 11.338582677165354 L.
155.0551181102362 52.44094488188976 32.031496062992126 11.338582677165354 a.
171.21259842519686 52.44094488188976 37.41732283464567 11.338582677165354 s.,
192.4724409448819 52.44094488188976 32.031496062992126 11.338582677165354 en
208.62992125984252 52.44094488188976 69.44881889763779 11.338582677165354 français,
261.9212598425197 52.44094488188976 32.031496062992126 11.338582677165354 au
277.79527559055117 52.44094488188976 64.06299212598425 11.338582677165354 cardinal
320.59842519685037 52.44094488188976 58.67716535433071 11.338582677165354 Consalvi;

61.79527559055118 61.22834645669291 98.36220472440945 12.188976377952756 Florence,
137.48031496062993 61.22834645669291 105.73228346456693 12.188976377952756 10,juillet
220.53543307086613 61.22834645669291 68.03149606299213 12.188976377952756 1819,
265.8897637795276 61.22834645669291 37.7007874015748 12.188976377952756 2
280.9133858267717 61.22834645669291 45.354330708661415 12.188976377952756 p.
303.59055118110234 61.22834645669291 68.03149606299213 12.188976377952756 in-4.
348.9448818897638 61.22834645669291 37.7007874015748 12.188976377952756 8
356.59842519685037 61.22834645669291 22.677165354330707 12.188976377952756 »

50.173228346456696 75.11811023622047 25.228346456692915 10.771653543307087 94
62.92913385826772 75.11811023622047 37.98425196850393 10.771653543307087 La
88.15748031496064 75.11811023622047 63.496062992125985 10.771653543307087 Boderie
138.89763779527559 75.11811023622047 50.74015748031496 10.771653543307087 (Antoine
176.88188976377953 75.11811023622047 75.96850393700787 10.771653543307087 Lefèvre
240.3779527559055 75.11811023622047 33.732283464566926 10.771653543307087 de),
261.6377952755906 75.11811023622047 46.488188976377955 10.771653543307087 célèbre
295.37007874015745 75.11811023622047 59.24409448818898 10.771653543307087 diplomate,
337.6062992125984 75.11811023622047 42.23622047244095 10.771653543307087 ambassa

64.91338582677166 85.60629921259843 41.38582677165354 10.488188976377952 deur
90.70866141732283 85.60629921259843 30.89763779527559 10.488188976377952 en
106.2992125984252 85.60629921259843 77.38582677165354 10.488188976377952 Angleterre,
168.09448818897638 85.60629921259843 41.38582677165354 10.488188976377952 mort
193.88976377952756 85.60629921259843 30.89763779527559 10.488188976377952 en
209.48031496062993 85.60629921259843 46.488188976377955 10.488188976377952 1615.
240.3779527559055 85.60629921259843 51.59055118110236 10.488188976377952 L’abbé
276.66141732283467 85.60629921259843 30.89763779527559 10.488188976377952 de
291.9685039370079 85.60629921259843 62.07874015748032 10.488188976377952 Pomponne
333.3543307086614 85.60629921259843 46.488188976377955 10.488188976377952 publia,

65.76377952755905 95.5275590551181 26.078740157480315 10.488188976377952 en
78.80314960629921 95.5275590551181 39.40157480314961 10.488188976377952 1750,
104.88188976377953 95.5275590551181 30.614173228346456 10.488188976377952 ses
122.45669291338582 95.5275590551181 74.26771653543307 10.488188976377952 Ambassades
183.4015748031496 95.5275590551181 26.078740157480315 10.488188976377952 en
196.44094488188978 95.5275590551181 82.77165354330708 10.488188976377952 Angleterre.
266.45669291338584 95.5275590551181 21.826771653543307 10.488188976377952 —
275.244094488189 95.5275590551181 43.653543307086615 10.488188976377952 Quitt.
305.5748031496063 95.5275590551181 39.40157480314961 10.488188976377952 sig.,
331.93700787401576 95.5275590551181 30.614173228346456 10.488188976377952 sur
344.9763779527559 95.5275590551181 34.86614173228347 10.488188976377952 vélin;

53.85826771653543 106.01574803149606 146.5511811023622 9.354330708661417 1597,
151.37007874015748 106.01574803149606 130.39370078740157 9.354330708661417 in-4
233.00787401574803 106.01574803149606 130.39370078740157 9.354330708661417 obl.
314.3622047244094 106.01574803149606 81.35433070866142 9.354330708661417 7
330.8031496062992 106.01574803149606 48.75590551181102 9.354330708661417 »

50.173228346456696 118.48818897637796 27.212598425196852 10.488188976377952 95
63.77952755905512 118.48818897637796 81.35433070866142 10.488188976377952 Lachaud
131.5275590551181 118.48818897637796 72.28346456692914 10.488188976377952 (Ch.-Alex.),
190.20472440944883 118.48818897637796 27.212598425196852 10.488188976377952 le
203.5275590551181 118.48818897637796 49.60629921259842 10.488188976377952 célèbre
239.81102362204723 118.48818897637796 49.60629921259842 10.488188976377952 avocat.
275.81102362204723 118.48818897637796 22.677165354330707 10.488188976377952 —
284.88188976377955 118.48818897637796 27.212598425196852 10.488188976377952 L.
298.48818897637796 118.48818897637796 27.212598425196852 10.488188976377952 a.
311.81102362204723 118.48818897637796 31.46456692913386 10.488188976377952 s.,
329.9527559055118 118.48818897637796 40.53543307086614 10.488188976377952 1852,
356.88188976377955 118.48818897637796 22.677165354330707 10.488188976377952 1
361.4173228346457 118.48818897637796 18.141732283464567 10.488188976377952 p.

46.20472440944882 128.69291338582678 166.6771653543307 8.220472440944881 1/2
141.4488188976378 128.69291338582678 214.29921259842519 8.220472440944881 in-8.
284.31496062992125 128.69291338582678 119.05511811023622 8.220472440944881 5
308.12598425196853 128.69291338582678 71.43307086614173 8.220472440944881 »

50.173228346456696 141.16535433070865 28.346456692913385 10.488188976377952 96
64.34645669291339 141.16535433070865 42.23622047244095 10.488188976377952 La
92.69291338582677 141.16535433070865 79.93700787401575 10.488188976377952 Condamine
158.45669291338584 141.16535433070865 51.874015748031496 10.488188976377952 (Ch.-M.
196.15748031496062 141.16535433070865 37.7007874015748 10.488188976377952 de),
219.68503937007873 141.16535433070865 56.40944881889764 10.488188976377952 illustre
261.9212598425197 141.16535433070865 65.76377952755905 10.488188976377952 astronome,
308.9763779527559 141.16535433070865 70.58267716535433 10.488188976377952 mathématicien

64.91338582677166 151.08661417322836 31.46456692913386 10.771653543307087 et
80.78740157480316 151.08661417322836 68.31496062992126 10.771653543307087 voyageur,
133.22834645669292 151.08661417322836 31.46456692913386 10.771653543307087 de
149.10236220472441 151.08661417322836 57.826771653543304 10.771653543307087 l’Acad.
191.0551181102362 151.08661417322836 36.8503937007874 10.771653543307087 fr.
212.03149606299212 151.08661417322836 26.362204724409448 10.771653543307087 —
222.51968503937007 151.08661417322836 31.46456692913386 10.771653543307087 L.
238.11023622047244 151.08661417322836 31.46456692913386 10.771653543307087 a.
253.98425196850394 151.08661417322836 31.46456692913386 10.771653543307087 s.
269.5748031496063 151.08661417322836 26.362204724409448 10.771653543307087 à
280.06299212598424 151.08661417322836 57.826771653543304 10.771653543307087 Dortous
322.01574803149606 151.08661417322836 31.46456692913386 10.771653543307087 de
332.503937007874 151.08661417322836 47.338582677165356 10.771653543307087 Mairan;

65.19685039370079 161.5748031496063 68.03149606299213 10.488188976377952 Etouilly,
117.35433070866142 161.5748031496063 41.95275590551181 10.488188976377952 près
143.43307086614172 161.5748031496063 41.95275590551181 10.488188976377952 Ham,
169.79527559055117 161.5748031496063 31.46456692913386 10.488188976377952 en
185.38582677165354 161.5748031496063 68.03149606299213 10.488188976377952 Picardie,
237.82677165354332 161.5748031496063 31.46456692913386 10.488188976377952 le
253.41732283464566 161.5748031496063 31.46456692913386 10.488188976377952 25
269.00787401574803 161.5748031496063 47.05511811023622 10.488188976377952 janv.
300.4724409448819 161.5748031496063 47.05511811023622 10.488188976377952 1759,
331.93700787401576 161.5748031496063 26.078740157480315 10.488188976377952 3
342.4251968503937 161.5748031496063 31.46456692913386 10.488188976377952 p.
352.9133858267717 161.5748031496063 26.078740157480315 10.488188976377952 pl.

39.40157480314961 171.49606299212599 278.3622047244094 7.937007874015748 in-4.
224.78740157480314 171.49606299212599 185.66929133858267 7.937007874015748 30
286.86614173228344 171.49606299212599 92.69291338582677 7.937007874015748 »

75.68503937007874 181.98425196850394 26.929133858267715 8.220472440944881 Il
89.29133858267717 181.98425196850394 26.929133858267715 8.220472440944881 le
102.61417322834646 181.98425196850394 53.574803149606296 8.220472440944881 félicite
142.86614173228347 181.98425196850394 31.181102362204726 8.220472440944881 sur
160.7244094488189 181.98425196850394 26.929133858267715 8.220472440944881 sa
174.04724409448818 181.98425196850394 62.645669291338585 8.220472440944881 nomination
223.37007874015748 181.98425196850394 40.25196850393701 8.220472440944881 comme
250.01574803149606 181.98425196850394 58.110236220472444 8.220472440944881 directeur
294.8031496062992 181.98425196850394 26.929133858267715 8.220472440944881 de
308.40944881889766 181.98425196850394 49.32283464566929 8.220472440944881 l'Acad.
339.59055118110234 181.98425196850394 40.25196850393701 8.220472440944881 franç.,

65.76377952755905 190.77165354330708 34.86614173228347 8.78740157480315 puis
87.59055118110236 190.77165354330708 26.078740157480315 8.78740157480315 il
100.62992125984252 190.77165354330708 47.90551181102362 8.78740157480315 s’étend
135.49606299212599 190.77165354330708 83.05511811023622 8.78740157480315 très-longuement
205.51181102362204 190.77165354330708 30.614173228346456 8.78740157480315 sur
222.8031496062992 190.77165354330708 30.614173228346456 8.78740157480315 une
240.3779527559055 190.77165354330708 74.26771653543307 8.78740157480315 appréciation,
301.6062992125984 190.77165354330708 30.614173228346456 8.78740157480315 peu
314.6456692913386 190.77165354330708 65.48031496062993 8.78740157480315 bienveillante

65.76377952755905 197.5748031496063 34.86614173228347 10.771653543307087 pour
87.59055118110236 197.5748031496063 34.86614173228347 10.771653543307087 lui,
109.41732283464567 197.5748031496063 26.362204724409448 10.771653543307087 du
122.45669291338582 197.5748031496063 43.653543307086615 10.771653543307087 comité
153.0708661417323 197.5748031496063 26.362204724409448 10.771653543307087 de
166.11023622047244 197.5748031496063 65.48031496062993 10.771653543307087 l'Académie,
218.5511811023622 197.5748031496063 70.01574803149606 10.771653543307087 relativement
275.5275590551181 197.5748031496063 21.826771653543307 10.771653543307087 à
284.31496062992125 197.5748031496063 30.614173228346456 10.771653543307087 son
301.6062992125984 197.5748031496063 48.188976377952756 10.771653543307087 dernier
336.755905511811 197.5748031496063 39.40157480314961 10.771653543307087 écrit
358.5826771653543 197.5748031496063 21.826771653543307 10.771653543307087 sur

66.04724409448819 208.62992125984252 78.51968503937007 9.070866141732283 l'inoculation.
131.5275590551181 208.62992125984252 30.614173228346456 9.070866141732283 «Le
148.8188976377953 208.62992125984252 39.40157480314961 9.070866141732283 temps
174.89763779527559 208.62992125984252 26.078740157480315 9.070866141732283 de
188.2204724409449 208.62992125984252 26.078740157480315 9.070866141732283 la
201.25984251968504 208.62992125984252 56.69291338582677 9.070866141732283 réflexion
244.91338582677164 208.62992125984252 30.614173228346456 9.070866141732283 que
262.20472440944883 208.62992125984252 26.078740157480315 9.070866141732283 je
275.5275590551181 208.62992125984252 26.078740157480315 9.070866141732283 me
288.56692913385825 208.62992125984252 34.86614173228347 9.070866141732283 suis
310.3937007874016 208.62992125984252 39.40157480314961 9.070866141732283 donné
336.4724409448819 208.62992125984252 30.614173228346456 9.070866141732283 n’a
349.51181102362204 208.62992125984252 30.614173228346456 9.070866141732283 servi

65.48031496062993 217.41732283464566 36.56692913385827 9.070866141732283 qu'à
88.15748031496064 217.41732283464566 59.24409448818898 9.070866141732283 redoubler
133.79527559055117 217.41732283464566 32.031496062992126 9.070866141732283 mon
151.93700787401573 217.41732283464566 63.77952755905512 9.070866141732283 étonnement
202.11023622047244 217.41732283464566 27.212598425196852 9.070866141732283 et
215.71653543307087 217.41732283464566 27.212598425196852 9.070866141732283 le
229.60629921259843 217.41732283464566 50.173228346456696 9.070866141732283 chagrin
265.8897637795276 217.41732283464566 27.212598425196852 9.070866141732283 de
279.496062992126 217.41732283464566 27.212598425196852 9.070866141732283 me
293.38582677165357 217.41732283464566 36.56692913385827 9.070866141732283 voir
311.5275590551181 217.41732283464566 68.31496062992126 9.070866141732283 très-

65.19685039370079 226.20472440944883 37.7007874015748 9.070866141732283 ment
88.7244094488189 226.20472440944883 37.7007874015748 9.070866141732283 noté
112.25196850393701 226.20472440944883 32.881889763779526 9.070866141732283 sur
131.24409448818898 226.20472440944883 32.881889763779526 9.070866141732283 les
149.95275590551182 226.20472440944883 61.22834645669291 9.070866141732283 registres
197.00787401574803 226.20472440944883 28.346456692913385 9.070866141732283 de
211.1811023622047 226.20472440944883 70.58267716535433 9.070866141732283 l’Académie,
267.59055118110234 226.20472440944883 28.346456692913385 9.070866141732283 je
281.76377952755905 226.20472440944883 32.881889763779526 9.070866141732283 dis
295.65354330708664 226.20472440944883 84.75590551181102 9.070866141732283 très

65.48031496062993 235.2755905511811 60.09448818897638 9.070866141732283 puisqu'en
111.68503937007874 235.2755905511811 60.09448818897638 9.070866141732283 supposant
157.88976377952756 235.2755905511811 32.31496062992126 9.070866141732283 que
176.31496062992127 235.2755905511811 32.31496062992126 9.070866141732283 mon
194.74015748031496 235.2755905511811 50.74015748031496 9.070866141732283 mémoire
231.8740157480315 235.2755905511811 32.31496062992126 9.070866141732283 fùt
250.29921259842519 235.2755905511811 46.20472440944882 9.070866141732283 rempli
282.61417322834643 235.2755905511811 27.77952755905512 9.070866141732283 de
296.503937007874 235.2755905511811 83.33858267716535 9.070866141732283 personnalités,
361.4173228346457 235.2755905511811 18.4251968503937 9.070866141732283 de

65.76377952755905 244.3464566929134 73.98425196850394 8.78740157480315 bouffonneries
126.70866141732283 244.3464566929134 26.078740157480315 8.78740157480315 et
139.748031496063 244.3464566929134 69.73228346456693 8.78740157480315 d'inutilités
196.44094488188978 244.3464566929134 39.118110236220474 8.78740157480315 comme
222.51968503937007 244.3464566929134 26.078740157480315 8.78740157480315 la
235.55905511811022 244.3464566929134 69.73228346456693 8.78740157480315 délibération
292.251968503937 244.3464566929134 43.653543307086615 8.78740157480315 parait
322.86614173228344 244.3464566929134 26.078740157480315 8.78740157480315 le
331.65354330708664 244.3464566929134 47.90551181102362 8.78740157480315 supposer,

65.19685039370079 253.13385826771653 26.362204724409448 9.070866141732283 je
78.23622047244095 253.13385826771653 52.724409448818896 9.070866141732283 n’aurais
117.63779527559055 253.13385826771653 30.614173228346456 9.070866141732283 pas
135.21259842519686 253.13385826771653 43.93700787401575 9.070866141732283 encore
165.82677165354332 253.13385826771653 43.93700787401575 9.070866141732283 mérité
196.44094488188978 253.13385826771653 30.614173228346456 9.070866141732283 que
214.01574803149606 253.13385826771653 30.614173228346456 9.070866141732283 ces
231.59055118110237 253.13385826771653 78.80314960629921 9.070866141732283 qualifications
297.3543307086614 253.13385826771653 48.188976377952756 9.070866141732283 fussent
327.9685039370079 253.13385826771653 52.724409448818896 9.070866141732283 consignées

65.48031496062993 262.20472440944883 29.480314960629922 7.937007874015748 sur
82.20472440944881 262.20472440944883 25.228346456692915 7.937007874015748 le
90.70866141732283 262.20472440944883 50.45669291338583 7.937007874015748 registre.»

50.45669291338583 270.70866141732284 25.79527559055118 11.622047244094489 97
63.21259842519685 270.70866141732284 77.10236220472441 11.622047244094489 Lafarge
127.55905511811024 270.70866141732284 42.803149606299215 11.622047244094489 (Marie
157.60629921259843 270.70866141732284 81.35433070866142 11.622047244094489 Capelle,
225.92125984251967 270.70866141732284 38.55118110236221 11.622047244094489 Mme),
251.71653543307087 270.70866141732284 55.55905511811024 11.622047244094489 condamnée
294.5196850393701 270.70866141732284 34.2992125984252 11.622047244094489 pour
315.7795275590551 270.70866141732284 38.55118110236221 11.622047244094489 crime
337.3228346456693 270.70866141732284 42.803149606299215 11.622047244094489 d’empoi

64.91338582677166 280.9133858267717 67.18110236220473 10.204724409448819 sonnement
116.50393700787401 280.9133858267717 36.28346456692913 10.204724409448819 sur
137.1968503937008 280.9133858267717 31.181102362204726 10.204724409448819 la
152.78740157480314 280.9133858267717 62.07874015748032 10.204724409448819 personne
199.55905511811022 280.9133858267717 31.181102362204726 10.204724409448819 de
214.86614173228347 280.9133858267717 36.28346456692913 10.204724409448819 son
235.84251968503938 280.9133858267717 51.874015748031496 10.204724409448819 mari.—
271.84251968503935 280.9133858267717 31.181102362204726 10.204724409448819 L.
287.43307086614175 280.9133858267717 31.181102362204726 10.204724409448819 a.
303.0236220472441 280.9133858267717 31.181102362204726 10.204724409448819 s.
318.61417322834643 280.9133858267717 31.181102362204726 10.204724409448819 de
334.20472440944883 280.9133858267717 36.28346456692913 10.204724409448819 ses
349.51181102362204 280.9133858267717 31.181102362204726 10.204724409448819 ini-

63.21259842519685 290.8346456692913 79.08661417322834 10.771653543307087 tiales,
120.75590551181102 290.8346456692913 36.0 10.771653543307087 2
135.21259842519686 290.8346456692913 43.08661417322835 10.771653543307087 p.
156.75590551181102 290.8346456692913 72.0 10.771653543307087 in-18.
207.21259842519686 290.8346456692913 108.0 10.771653543307087 Spirituelle
293.38582677165357 290.8346456692913 79.08661417322834 10.771653543307087 épître.
350.92913385826773 290.8346456692913 36.0 10.771653543307087 7
358.2992125984252 290.8346456692913 21.543307086614174 10.771653543307087 »

50.45669291338583 302.45669291338584 27.212598425196852 10.771653543307087 98
64.06299212598425 302.45669291338584 85.88976377952756 10.771653543307087 Lagrange
136.3464566929134 302.45669291338584 72.28346456692914 10.771653543307087 (Ad.-Edouard
195.0236220472441 302.45669291338584 90.4251968503937 10.771653543307087 Lelièvre,
271.84251968503935 302.45669291338584 49.60629921259842 10.771653543307087 marquis
307.84251968503935 302.45669291338584 36.0 10.771653543307087 de),
325.98425196850394 302.45669291338584 54.14173228346457 10.771653543307087 numismate,

64.62992125984252 312.66141732283467 68.31496062992126 9.921259842519685 sénateur,
117.35433070866142 312.66141732283467 52.724409448818896 9.921259842519685 membre
154.20472440944883 312.66141732283467 31.46456692913386 9.921259842519685 de
170.07874015748033 312.66141732283467 78.80314960629921 9.921259842519685 l’Institut.
233.00787401574803 312.66141732283467 26.362204724409448 9.921259842519685 —
243.49606299212599 312.66141732283467 31.46456692913386 9.921259842519685 L.
259.37007874015745 312.66141732283467 31.46456692913386 9.921259842519685 a.
275.244094488189 312.66141732283467 31.46456692913386 9.921259842519685 s.
290.8346456692913 312.66141732283467 26.362204724409448 9.921259842519685 à
301.6062992125984 312.66141732283467 31.46456692913386 9.921259842519685 M.
317.1968503937008 312.66141732283467 41.95275590551181 9.921259842519685 Rad;
338.45669291338584 312.66141732283467 41.95275590551181 9.921259842519685 Paris,

62.92913385826772 322.86614173228344 51.30708661417323 11.622047244094489 17
88.44094488188976 322.86614173228344 94.11023622047244 11.622047244094489 février
157.03937007874015 322.86614173228344 77.10236220472441 11.622047244094489 1849,
208.3464566929134 322.86614173228344 42.803149606299215 11.622047244094489 2
225.63779527559055 322.86614173228344 51.30708661417323 11.622047244094489 p.
251.1496062992126 322.86614173228344 59.811023622047244 11.622047244094489 1/2
285.4488188976378 322.86614173228344 77.10236220472441 11.622047244094489 in-8.
336.755905511811 322.86614173228344 51.30708661417323 11.622047244094489 15
353.76377952755905 322.86614173228344 25.79527559055118 11.622047244094489 »

76.53543307086615 333.07086614173227 49.32283464566929 8.78740157480315 Curieuse
113.38582677165354 333.07086614173227 41.10236220472441 8.78740157480315 épitre
142.01574803149606 333.07086614173227 57.54330708661417 8.78740157480315 politique.
187.37007874015748 333.07086614173227 53.29133858267716 8.78740157480315 «L’Italie
228.4724409448819 333.07086614173227 28.62992125984252 8.78740157480315 est
244.91338582677164 333.07086614173227 24.661417322834644 8.78740157480315 en
257.1023622047244 333.07086614173227 36.8503937007874 8.78740157480315 proie
281.76377952755905 333.07086614173227 28.62992125984252 8.78740157480315 aux
298.20472440944883 333.07086614173227 53.29133858267716 8.78740157480315 barbares,
339.3070866141732 333.07086614173227 24.661417322834644 8.78740157480315 la
347.5275590551181 333.07086614173227 32.881889763779526 8.78740157480315 France

66.04724409448819 342.1417322834646 28.062992125984252 9.070866141732283 est
82.20472440944881 342.1417322834646 52.15748031496063 9.070866141732283 paralysée
122.1732283464567 342.1417322834646 28.062992125984252 9.070866141732283 par
138.33070866141733 342.1417322834646 24.094488188976378 9.070866141732283 le
150.23622047244095 342.1417322834646 28.062992125984252 9.070866141732283 mot
166.39370078740157 342.1417322834646 60.37795275590551 9.070866141732283 sacramentel
214.58267716535434 342.1417322834646 24.094488188976378 9.070866141732283 de
226.77165354330708 342.1417322834646 88.44094488188976 9.070866141732283 République,
303.0236220472441 342.1417322834646 32.031496062992126 9.070866141732283 elle
323.1496062992126 342.1417322834646 24.094488188976378 9.070866141732283 ne
335.0551181102362 342.1417322834646 32.031496062992126 9.070866141732283 peut
351.21259842519686 342.1417322834646 28.062992125984252 9.070866141732283 agir.

65.76377952755905 350.92913385826773 27.77952755905512 8.78740157480315 Le
79.65354330708661 350.92913385826773 60.37795275590551 8.78740157480315 Président
125.85826771653544 350.92913385826773 60.37795275590551 8.78740157480315 (Napoléon
172.3464566929134 350.92913385826773 37.13385826771653 8.78740157480315 III)
195.59055118110237 350.92913385826773 55.55905511811024 8.78740157480315 continue
237.25984251968504 350.92913385826773 23.244094488188978 8.78740157480315 à
246.61417322834646 350.92913385826773 27.77952755905512 8.78740157480315 se
260.503937007874 350.92913385826773 37.13385826771653 8.78740157480315 bien
283.46456692913387 350.92913385826773 60.37795275590551 8.78740157480315 conduire;
329.9527559055118 350.92913385826773 27.77952755905512 8.78740157480315 il
339.3070866141732 350.92913385826773 41.669291338582674 8.78740157480315 devrait

65.76377952755905 359.7165354330709 56.69291338582677 9.070866141732283 seulement
109.41732283464567 359.7165354330709 26.362204724409448 9.070866141732283 ne
122.45669291338582 359.7165354330709 30.614173228346456 9.070866141732283 pas
140.03149606299212 359.7165354330709 56.69291338582677 9.070866141732283 découcher
183.68503937007873 359.7165354330709 43.653543307086615 9.070866141732283 toutes
214.29921259842519 359.7165354330709 30.614173228346456 9.070866141732283 les
231.8740157480315 359.7165354330709 43.653543307086615 9.070866141732283 nuits;
262.48818897637796 359.7165354330709 26.362204724409448 9.070866141732283 il
275.5275590551181 359.7165354330709 52.44094488188976 9.070866141732283 vaudrait
314.92913385826773 359.7165354330709 39.40157480314961 9.070866141732283 mieux
336.755905511811 359.7165354330709 43.653543307086615 9.070866141732283 recevoir

65.76377952755905 368.78740157480314 29.763779527559056 8.78740157480315 ses
82.77165354330708 368.78740157480314 42.51968503937008 8.78740157480315 houris
112.53543307086615 368.78740157480314 21.25984251968504 8.78740157480315 à
121.03937007874016 368.78740157480314 55.275590551181104 8.78740157480315 l'Elysée;
163.2755905511811 368.78740157480314 25.511811023622048 8.78740157480315 ce
176.03149606299212 368.78740157480314 42.51968503937008 8.78740157480315 serait
205.79527559055117 368.78740157480314 34.01574803149607 8.78740157480315 plus
222.8031496062992 368.78740157480314 29.763779527559056 8.78740157480315 sûr.»

49.889763779527556 379.84251968503935 28.62992125984252 11.05511811023622 99
64.34645669291339 379.84251968503935 71.71653543307086 11.05511811023622 Lagrange
121.60629921259843 379.84251968503935 81.35433070866142 11.05511811023622 d’Arquien
188.78740157480314 379.84251968503935 47.90551181102362 11.05511811023622 (Henri
222.23622047244095 379.84251968503935 38.267716535433074 11.05511811023622 de),
246.04724409448818 379.84251968503935 62.07874015748032 11.05511811023622 cardinal,
293.9527559055118 379.84251968503935 52.724409448818896 11.05511811023622 d’abord
327.40157480314963 379.84251968503935 52.724409448818896 11.05511811023622 capitaine

64.62992125984252 390.61417322834643 35.71653543307087 11.338582677165354 des
85.03937007874016 390.61417322834643 50.74015748031496 11.338582677165354 gardes
120.4724409448819 390.61417322834643 55.84251968503937 11.338582677165354 suisses
161.29133858267716 390.61417322834643 30.614173228346456 11.338582677165354 de
176.5984251968504 390.61417322834643 60.94488188976378 11.338582677165354 Philippe
222.23622047244095 390.61417322834643 71.14960629921259 11.338582677165354 d’Orléans,
278.0787401574803 390.61417322834643 45.63779527559055 11.338582677165354 frère
308.6929133858268 390.61417322834643 30.614173228346456 11.338582677165354 de
324.0 390.61417322834643 45.63779527559055 11.338582677165354 Louis
349.2283464566929 390.61417322834643 30.614173228346456 11.338582677165354 XIV,

64.62992125984252 400.81889763779526 45.07086614173228 10.204724409448819 père
92.69291338582677 400.81889763779526 33.732283464566926 10.204724409448819 de
109.7007874015748 400.81889763779526 107.14960629921259 10.204724409448819 Marie-Casimire,
199.84251968503938 400.81889763779526 50.74015748031496 10.204724409448819 reine
233.5748031496063 400.81889763779526 33.732283464566926 10.204724409448819 de
250.58267716535434 400.81889763779526 67.46456692913385 10.204724409448819 Pologne,
301.3228346456693 400.81889763779526 50.74015748031496 10.204724409448819 femme
335.0551181102362 400.81889763779526 33.732283464566926 10.204724409448819 de
346.3937007874016 400.81889763779526 33.732283464566926 10.204724409448819 Jean

64.91338582677166 408.755905511811 68.31496062992126 12.472440944881889 Sobieski,
117.63779527559055 408.755905511811 31.46456692913386 12.472440944881889 né
133.51181102362204 408.755905511811 26.362204724409448 12.472440944881889 à
144.0 408.755905511811 52.44094488188976 12.472440944881889 Calais
180.56692913385828 408.755905511811 31.46456692913386 12.472440944881889 en
196.44094488188978 408.755905511811 47.338582677165356 12.472440944881889 1613,
227.90551181102362 408.755905511811 41.95275590551181 12.472440944881889 mort
254.26771653543307 408.755905511811 31.46456692913386 12.472440944881889 en
270.1417322834646 408.755905511811 47.338582677165356 12.472440944881889 1707.
301.6062992125984 408.755905511811 26.362204724409448 12.472440944881889 —
312.09448818897636 408.755905511811 52.44094488188976 12.472440944881889 Quitt.
343.5590551181102 408.755905511811 36.8503937007874 12.472440944881889 sig.,

64.91338582677166 420.9448818897638 39.968503937007874 10.204724409448819 avec
90.14173228346456 420.9448818897638 24.944881889763778 10.204724409448819 3
100.06299212598425 420.9448818897638 49.889763779527556 10.204724409448819 lignes
134.9291338582677 420.9448818897638 39.968503937007874 10.204724409448819 aut.
160.15748031496062 420.9448818897638 35.1496062992126 10.204724409448819 sur
180.0 420.9448818897638 49.889763779527556 10.204724409448819 vélin;
215.1496062992126 420.9448818897638 45.07086614173228 10.204724409448819 1672,
245.1968503937008 420.9448818897638 39.968503937007874 10.204724409448819 in-8
270.1417322834646 420.9448818897638 39.968503937007874 10.204724409448819 obl.
295.0866141732283 420.9448818897638 79.93700787401575 10.204724409448819 Rare.
360.0 420.9448818897638 24.944881889763778 10.204724409448819 5
365.1023622047244 420.9448818897638 15.023622047244094 10.204724409448819 »

45.354330708661415 432.2834645669291 34.58267716535433 10.771653543307087 100
64.91338582677166 432.2834645669291 44.22047244094488 10.771653543307087 La
94.39370078740157 432.2834645669291 59.24409448818898 10.771653543307087 Haye
138.89763779527559 432.2834645669291 59.24409448818898 10.771653543307087 (Charles
183.11811023622047 432.2834645669291 39.40157480314961 10.771653543307087 de),
207.7795275590551 432.2834645669291 54.14173228346457 10.771653543307087 écuyer,
247.46456692913387 432.2834645669291 49.32283464566929 10.771653543307087 prévôt
281.76377952755905 432.2834645669291 29.480314960629922 10.771653543307087 de
291.68503937007875 432.2834645669291 88.7244094488189 10.771653543307087 Château

65.19685039370079 442.48818897637796 35.71653543307087 10.488188976377952 ami
85.60629921259843 442.48818897637796 30.614173228346456 10.488188976377952 de
100.91338582677166 442.48818897637796 30.614173228346456 10.488188976377952 La
116.22047244094489 442.48818897637796 66.04724409448819 10.488188976377952 Fontaine.
166.96062992125985 442.48818897637796 25.511811023622048 10.488188976377952 —
177.16535433070865 442.48818897637796 45.92125984251968 10.488188976377952 Pièce
207.7795275590551 442.48818897637796 40.818897637795274 10.488188976377952 sig.
233.00787401574803 442.48818897637796 40.818897637795274 10.488188976377952 avec
258.5196850393701 442.48818897637796 25.511811023622048 10.488188976377952 4
268.7244094488189 442.48818897637796 40.818897637795274 10.488188976377952 lig.
294.23622047244095 442.48818897637796 45.92125984251968 10.488188976377952 aut.;
324.8503937007874 442.48818897637796 30.614173228346456 10.488188976377952 17
334.7716535433071 442.48818897637796 45.92125984251968 10.488188976377952 juillet

54.70866141732284 450.99212598425197 139.1811023622047 11.905511811023622 1691,
147.68503937007873 450.99212598425197 77.38582677165354 11.905511811023622 1
178.58267716535434 450.99212598425197 92.97637795275591 11.905511811023622 p.
225.0708661417323 450.99212598425197 139.1811023622047 11.905511811023622 in-f.
318.0472440944882 450.99212598425197 77.38582677165354 11.905511811023622 5
333.3543307086614 450.99212598425197 46.488188976377955 11.905511811023622 »

46.20472440944882 464.0314960629921 32.881889763779526 10.771653543307087 101
65.19685039370079 464.0314960629921 94.11023622047244 10.771653543307087 Lamartine
145.13385826771653 464.0314960629921 61.22834645669291 10.771653543307087 (Alphonse
192.18897637795277 464.0314960629921 37.7007874015748 10.771653543307087 de),
215.71653543307087 464.0314960629921 28.346456692913385 10.771653543307087 le
229.88976377952756 464.0314960629921 42.23622047244095 10.771653543307087 grand
257.9527559055118 464.0314960629921 47.05511811023622 10.771653543307087 poète.
291.11811023622045 464.0314960629921 23.52755905511811 10.771653543307087 —
300.4724409448819 464.0314960629921 28.346456692913385 10.771653543307087 L.
314.6456692913386 464.0314960629921 28.346456692913385 10.771653543307087 a.
328.53543307086613 464.0314960629921 32.881889763779526 10.771653543307087 s.,
342.70866141732284 464.0314960629921 37.7007874015748 10.771653543307087 Paris,

60.09448818897638 474.23622047244095 58.110236220472444 10.488188976377952 22
89.00787401574803 474.23622047244095 116.22047244094489 10.488188976377952 décembre
176.31496062992127 474.23622047244095 87.30708661417323 10.488188976377952 1863,
234.4251968503937 474.23622047244095 48.47244094488189 10.488188976377952 1
253.98425196850394 474.23622047244095 58.110236220472444 10.488188976377952 p.
282.8976377952756 474.23622047244095 87.30708661417323 10.488188976377952 in-8.
341.00787401574803 474.23622047244095 48.47244094488189 10.488188976377952 6
350.6456692913386 474.23622047244095 29.19685039370079 10.488188976377952 »

45.07086614173228 486.1417322834646 33.44881889763779 11.622047244094489 210
64.34645669291339 486.1417322834646 81.63779527559055 11.622047244094489 Lambin
131.5275590551181 486.1417322834646 57.54330708661417 11.622047244094489 (Denis),
174.61417322834646 486.1417322834646 52.724409448818896 11.622047244094489 célèbre
212.88188976377953 486.1417322834646 57.54330708661417 11.622047244094489 écrivain
255.96850393700788 486.1417322834646 62.36220472440945 11.622047244094489 français,
303.87401574803147 486.1417322834646 28.62992125984252 11.622047244094489 un
318.3307086614173 486.1417322834646 33.44881889763779 11.622047244094489 des
332.78740157480314 486.1417322834646 47.90551181102362 11.622047244094489 premiers

64.62992125984252 496.34645669291336 79.08661417322834 10.488188976377952 philologues
127.84251968503936 496.34645669291336 31.46456692913386 10.488188976377952 du
143.71653543307087 496.34645669291336 42.23622047244095 10.488188976377952 XVIe
170.07874015748033 496.34645669291336 57.826771653543304 10.488188976377952 siècle,
212.31496062992127 496.34645669291336 31.46456692913386 10.488188976377952 né
227.90551181102362 496.34645669291336 26.362204724409448 10.488188976377952 à
238.39370078740157 496.34645669291336 110.55118110236221 10.488188976377952 Montreuil-sur-Mer
333.3543307086614 496.34645669291336 31.46456692913386 10.488188976377952 en
343.84251968503935 496.34645669291336 36.8503937007874 10.488188976377952 1516,

65.19685039370079 506.5511811023622 40.818897637795274 11.05511811023622 mort
90.70866141732283 506.5511811023622 30.614173228346456 11.05511811023622 en
106.01574803149606 506.5511811023622 45.92125984251968 11.05511811023622 1572.
136.62992125984252 506.5511811023622 25.511811023622048 11.05511811023622 —
146.83464566929135 506.5511811023622 30.614173228346456 11.05511811023622 L.
161.85826771653544 506.5511811023622 30.614173228346456 11.05511811023622 a.
177.16535433070865 506.5511811023622 35.71653543307087 11.05511811023622 s.,
197.5748031496063 506.5511811023622 30.614173228346456 11.05511811023622 en
212.88188976377953 506.5511811023622 51.023622047244096 11.05511811023622 latin,
248.5984251968504 506.5511811023622 25.511811023622048 11.05511811023622 à
258.8031496062992 506.5511811023622 61.22834645669291 11.05511811023622 François
304.4409448818898 506.5511811023622 66.33070866141732 11.05511811023622 Fabricius
350.3622047244094 506.5511811023622 30.614173228346456 11.05511811023622 (cé-

65.48031496062993 516.4724409448819 46.20472440944882 11.05511811023622 lèbre
96.37795275590551 516.4724409448819 51.59055118110236 11.05511811023622 érudit
132.3779527559055 516.4724409448819 77.10236220472441 11.05511811023622 hollandais,
194.17322834645668 516.4724409448819 46.20472440944882 11.05511811023622 élève
225.0708661417323 516.4724409448819 30.89763779527559 11.05511811023622 de
240.3779527559055 516.4724409448819 56.69291338582677 11.05511811023622 Ramus);
281.4803149606299 516.4724409448819 30.89763779527559 11.05511811023622 22
297.07086614173227 516.4724409448819 41.10236220472441 11.05511811023622 mars
322.5826771653543 516.4724409448819 46.20472440944882 11.05511811023622 1563,
353.4803149606299 516.4724409448819 25.79527559055118 11.05511811023622 3
358.5826771653543 516.4724409448819 20.69291338582677 11.05511811023622 p.

62.36220472440945 526.6771653543307 85.32283464566929 8.503937007874017 in-fol.
124.15748031496064 526.6771653543307 162.70866141732284 8.503937007874017 Très-rare.
263.90551181102364 526.6771653543307 100.91338582677166 8.503937007874017 Curieuse.
341.29133858267716 526.6771653543307 46.488188976377955 8.503937007874017 45
356.88188976377955 526.6771653543307 23.244094488188978 8.503937007874017 »

46.20472440944882 538.2992125984252 32.881889763779526 10.488188976377952 103
65.19685039370079 538.2992125984252 80.22047244094489 10.488188976377952 Landon
131.24409448818898 538.2992125984252 56.69291338582677 10.488188976377952 (C.-P.),
173.48031496062993 538.2992125984252 51.874015748031496 10.488188976377952 peintre
211.1811023622047 538.2992125984252 28.346456692913385 10.488188976377952 et
225.35433070866142 538.2992125984252 56.69291338582677 10.488188976377952 écrivain
267.87401574803147 538.2992125984252 32.881889763779526 10.488188976377952 sur
286.5826771653543 538.2992125984252 28.346456692913385 10.488188976377952 la
300.755905511811 538.2992125984252 61.22834645669291 10.488188976377952 peinture,
343.2755905511811 538.2992125984252 37.7007874015748 10.488188976377952 auteur

66.33070866141732 548.7874015748032 30.04724409448819 10.488188976377952 des
83.62204724409449 548.7874015748032 60.37795275590551 10.488188976377952 Annales
130.96062992125985 548.7874015748032 25.79527559055118 10.488188976377952 du
143.71653543307087 548.7874015748032 64.62992125984252 10.488188976377952 Musée.—
195.59055118110237 548.7874015748032 25.79527559055118 10.488188976377952 L.
208.3464566929134 548.7874015748032 25.79527559055118 10.488188976377952 a.
221.38582677165354 548.7874015748032 25.79527559055118 10.488188976377952 s.
234.14173228346456 548.7874015748032 21.543307086614174 10.488188976377952 à
242.9291338582677 548.7874015748032 25.79527559055118 10.488188976377952 M.
255.68503937007873 548.7874015748032 47.338582677165356 10.488188976377952 Arnaud,
290.26771653543307 548.7874015748032 38.83464566929134 10.488188976377952 1810,
316.06299212598424 548.7874015748032 21.543307086614174 10.488188976377952 1
324.56692913385825 548.7874015748032 25.79527559055118 10.488188976377952 p.
337.6062992125984 548.7874015748032 38.83464566929134 10.488188976377952 in-4.
363.40157480314963 548.7874015748032 21.543307086614174 10.488188976377952 5
367.65354330708664 548.7874015748032 13.039370078740157 10.488188976377952 »

47.338582677165356 561.2598425196851 30.04724409448819 10.771653543307087 104
64.34645669291339 561.2598425196851 38.55118110236221 10.771653543307087 La
90.14173228346456 561.2598425196851 51.30708661417323 10.771653543307087 Suze
128.40944881889763 561.2598425196851 59.811023622047244 10.771653543307087 (Henriette
175.46456692913387 561.2598425196851 25.511811023622048 10.771653543307087 de
188.2204724409449 561.2598425196851 81.07086614173228 10.771653543307087 Coligny,
256.81889763779526 561.2598425196851 51.30708661417323 10.771653543307087 comtesse
295.0866141732283 561.2598425196851 34.2992125984252 10.771653543307087 de),
316.62992125984255 561.2598425196851 38.55118110236221 10.771653543307087 femme
342.1417322834646 561.2598425196851 38.55118110236221 10.771653543307087 poète
363.68503937007875 561.2598425196851 17.007874015748033 10.771653543307087 du

64.62992125984252 571.1811023622047 49.32283464566929 11.05511811023622 XVIIIe
99.21259842519684 571.1811023622047 54.425196850393704 11.05511811023622 siècle,
138.61417322834646 571.1811023622047 54.425196850393704 11.05511811023622 célèbre
178.29921259842519 571.1811023622047 34.58267716535433 11.05511811023622 par
198.14173228346456 571.1811023622047 34.58267716535433 11.05511811023622 ses
217.70078740157481 571.1811023622047 79.08661417322834 11.05511811023622 galanteries,
282.0472440944882 571.1811023622047 49.32283464566929 11.05511811023622 mariée
316.62992125984255 571.1811023622047 29.763779527559056 11.05511811023622 en
326.5511811023622 571.1811023622047 54.425196850393704 11.05511811023622 premières

64.34645669291339 581.6692913385826 52.724409448818896 10.771653543307087 noces
99.49606299212599 581.6692913385826 29.19685039370079 10.771653543307087 à
111.4015748031496 581.6692913385826 58.67716535433071 10.771653543307087 Thomas
152.2204724409449 581.6692913385826 76.25196850393701 10.771653543307087 Hamilton,
210.89763779527559 581.6692913385826 46.77165354330709 10.771653543307087 puis
240.09448818897638 581.6692913385826 29.19685039370079 10.771653543307087 à
251.71653543307087 581.6692913385826 64.34645669291339 10.771653543307087 Gaspard
298.7716535433071 581.6692913385826 35.1496062992126 10.771653543307087 de
310.3937007874016 581.6692913385826 70.2992125984252 10.771653543307087 Champagne,
