405.9212598425197 641.1968503937007
167.5275590551181 10.771653543307087 35.71653543307087 16.440944881889763 —
181.70078740157481 10.771653543307087 35.71653543307087 16.440944881889763 6
188.78740157480314 10.771653543307087 21.543307086614174 16.440944881889763 —

27.212598425196852 39.118110236220474 24.944881889763778 11.05511811023622 34
39.68503937007874 39.118110236220474 74.83464566929133 11.05511811023622 Coligny
102.33070866141732 39.118110236220474 54.14173228346457 11.05511811023622 (François
144.0 39.118110236220474 24.944881889763778 11.05511811023622 de
156.4724409448819 39.118110236220474 87.59055118110236 11.05511811023622 Châtillon,
231.30708661417322 39.118110236220474 37.41732283464567 11.05511811023622 comte
256.251968503937 39.118110236220474 33.44881889763779 11.05511811023622 de),
277.2283464566929 39.118110236220474 41.669291338582674 11.05511811023622 amiral
306.4251968503937 39.118110236220474 24.944881889763778 11.05511811023622 de
314.6456692913386 39.118110236220474 41.669291338582674 11.05511811023622 Guyenne,

41.95275590551181 49.32283464566929 54.14173228346457 10.488188976377952 célèbre
81.07086614173228 49.32283464566929 54.14173228346457 10.488188976377952 général
120.4724409448819 49.32283464566929 34.2992125984252 10.488188976377952 qui
140.31496062992127 49.32283464566929 29.480314960629922 10.488188976377952 se
155.0551181102362 49.32283464566929 54.14173228346457 10.488188976377952 joignit
194.17322834645668 49.32283464566929 29.480314960629922 10.488188976377952 au
209.1968503937008 49.32283464566929 44.22047244094488 10.488188976377952 parti
238.6771653543307 49.32283464566929 34.2992125984252 10.488188976377952 des
258.23622047244095 49.32283464566929 68.88188976377953 10.488188976377952 mécontents
312.37795275590554 49.32283464566929 29.480314960629922 10.488188976377952 en
322.2992125984252 49.32283464566929 34.2992125984252 10.488188976377952 1575,

41.95275590551181 59.52755905511811 72.28346456692914 10.488188976377952 gouverneur
98.64566929133858 59.52755905511811 30.89763779527559 10.488188976377952 de
114.23622047244095 59.52755905511811 62.07874015748032 10.488188976377952 Rouergue
160.7244094488189 59.52755905511811 30.89763779527559 10.488188976377952 et
176.03149606299212 59.52755905511811 30.89763779527559 10.488188976377952 de
191.6220472440945 59.52755905511811 82.48818897637796 10.488188976377952 Montpellier,
258.8031496062992 59.52755905511811 41.38582677165354 10.488188976377952 fils
284.59842519685037 59.52755905511811 30.89763779527559 10.488188976377952 de
294.8031496062992 59.52755905511811 62.07874015748032 10.488188976377952 l'illustre

42.23622047244095 69.73228346456693 54.14173228346457 11.905511811023622 amiral,
81.35433070866142 69.73228346456693 29.480314960629922 11.905511811023622 né
96.09448818897638 69.73228346456693 29.480314960629922 11.905511811023622 en
111.11811023622047 69.73228346456693 44.22047244094488 11.905511811023622 1557,
140.5984251968504 69.73228346456693 39.40157480314961 11.905511811023622 mort
164.9763779527559 69.73228346456693 29.480314960629922 11.905511811023622 en
179.71653543307087 69.73228346456693 44.22047244094488 11.905511811023622 1591.
209.48031496062993 69.73228346456693 24.661417322834644 11.905511811023622 —
219.11811023622047 69.73228346456693 39.40157480314961 11.905511811023622 Let.
243.7795275590551 69.73228346456693 39.40157480314961 11.905511811023622 sig.
268.4409448818898 69.73228346456693 39.40157480314961 11.905511811023622 avec
292.81889763779526 69.73228346456693 29.480314960629922 11.905511811023622 la
302.74015748031496 69.73228346456693 54.14173228346457 11.905511811023622 souscrip.

42.23622047244095 79.93700787401575 44.22047244094488 10.204724409448819 aut.;
71.71653543307086 79.93700787401575 78.80314960629921 10.204724409448819 Montpellier,
135.7795275590551 79.93700787401575 29.480314960629922 10.204724409448819 13
150.51968503937007 79.93700787401575 54.14173228346457 10.204724409448819 octobre
189.92125984251967 79.93700787401575 44.22047244094488 10.204724409448819 1589,
219.4015748031496 79.93700787401575 24.661417322834644 10.204724409448819 1
229.3228346456693 79.93700787401575 29.480314960629922 10.204724409448819 p.
244.06299212598427 79.93700787401575 54.14173228346457 10.204724409448819 in-fol.
283.46456692913387 79.93700787401575 49.32283464566929 10.204724409448819 Légers
312.9448818897638 79.93700787401575 44.22047244094488 10.204724409448819 raccom-

36.0 90.14173228346456 137.76377952755905 10.204724409448819 modages.
139.1811023622047 90.14173228346456 195.0236220472441 10.204724409448819 Intéressante.
299.90551181102364 90.14173228346456 68.88188976377953 10.204724409448819 35
322.86614173228344 90.14173228346456 34.2992125984252 10.204724409448819 »

27.77952755905512 101.19685039370079 24.944881889763778 10.204724409448819 35
40.25196850393701 101.19685039370079 83.62204724409449 10.204724409448819 Condorcet
111.4015748031496 101.19685039370079 41.669291338582674 10.204724409448819 (J.-M.
140.5984251968504 101.19685039370079 24.944881889763778 10.204724409448819 de
153.0708661417323 101.19685039370079 75.11811023622047 10.204724409448819 Caritat
215.71653543307087 101.19685039370079 33.44881889763779 10.204724409448819 de),
236.69291338582678 101.19685039370079 50.173228346456696 10.204724409448819 illustre
274.1102362204724 101.19685039370079 75.11811023622047 10.204724409448819 mathématicien,
332.78740157480314 101.19685039370079 24.944881889763778 10.204724409448819 phi-

42.51968503937008 111.4015748031496 54.14173228346457 10.488188976377952 losophe
81.92125984251969 111.4015748031496 29.480314960629922 10.488188976377952 et
96.66141732283465 111.4015748031496 78.80314960629921 10.488188976377952 littérateur,
160.7244094488189 111.4015748031496 88.7244094488189 10.488188976377952 conventionnel,
234.70866141732284 111.4015748031496 29.480314960629922 10.488188976377952 de
249.4488188976378 111.4015748031496 69.16535433070867 10.488188976377952 l’Académie
298.7716535433071 111.4015748031496 59.24409448818898 10.488188976377952 française,

42.803149606299215 121.60629921259843 28.62992125984252 10.488188976377952 né
57.25984251968504 121.60629921259843 38.267716535433074 10.488188976377952 dans
81.07086614173228 121.60629921259843 52.44094488188976 10.488188976377952 l’Aisne
119.05511811023622 121.60629921259843 28.62992125984252 10.488188976377952 en
133.51181102362204 121.60629921259843 42.803149606299215 10.488188976377952 1743,
162.14173228346456 121.60629921259843 47.62204724409449 10.488188976377952 morten
195.59055118110237 121.60629921259843 42.803149606299215 10.488188976377952 1794.
224.2204724409449 121.60629921259843 33.44881889763779 10.488188976377952 —L.
243.21259842519686 121.60629921259843 28.62992125984252 10.488188976377952 a.
257.6692913385827 121.60629921259843 33.44881889763779 10.488188976377952 s.,
276.66141732283467 121.60629921259843 23.811023622047244 10.488188976377952 1
286.2992125984252 121.60629921259843 28.62992125984252 10.488188976377952 p.
300.4724409448819 121.60629921259843 47.62204724409449 10.488188976377952 in-18.
333.9212598425197 121.60629921259843 28.62992125984252 10.488188976377952 10
343.5590551181102 121.60629921259843 14.173228346456693 10.488188976377952 »

28.062992125984252 132.9448818897638 28.62992125984252 11.05511811023622 36
42.51968503937008 132.9448818897638 81.35433070866142 11.05511811023622 Créquy
109.41732283464567 132.9448818897638 62.07874015748032 11.05511811023622 (François
157.3228346456693 132.9448818897638 38.267716535433074 11.05511811023622 de),
181.13385826771653 132.9448818897638 52.724409448818896 11.05511811023622 célèbre
219.4015748031496 132.9448818897638 57.25984251968504 11.05511811023622 maréchal
262.48818897637796 132.9448818897638 28.62992125984252 11.05511811023622 de
276.66141732283467 132.9448818897638 52.724409448818896 11.05511811023622 France,
314.92913385826773 132.9448818897638 43.08661417322835 11.05511811023622 rival
339.0236220472441 132.9448818897638 18.992125984251967 11.05511811023622 de

42.803149606299215 143.1496062992126 62.07874015748032 9.354330708661417 Turenne,
89.29133858267717 143.1496062992126 31.181102362204726 9.354330708661417 né
104.88188976377953 143.1496062992126 41.38582677165354 9.354330708661417 vers
130.6771653543307 143.1496062992126 46.488188976377955 9.354330708661417 1624,
161.85826771653544 143.1496062992126 41.38582677165354 9.354330708661417 mort
187.6535433070866 143.1496062992126 31.181102362204726 9.354330708661417 en
203.24409448818898 143.1496062992126 46.488188976377955 9.354330708661417 1687.
234.14173228346456 143.1496062992126 25.79527559055118 9.354330708661417 —
244.62992125984252 143.1496062992126 31.181102362204726 9.354330708661417 L.
259.93700787401576 143.1496062992126 31.181102362204726 9.354330708661417 a.
275.5275590551181 143.1496062992126 31.181102362204726 9.354330708661417 s.
291.11811023622045 143.1496062992126 31.181102362204726 9.354330708661417 de
306.70866141732284 143.1496062992126 36.28346456692913 9.354330708661417 son
322.01574803149606 143.1496062992126 36.28346456692913 9.354330708661417 mono-

43.08661417322835 153.35433070866142 52.44094488188976 10.488188976377952 gramme
79.93700787401575 153.35433070866142 26.362204724409448 10.488188976377952 à
90.4251968503937 153.35433070866142 73.41732283464567 10.488188976377952 Pellisson;
148.251968503937 153.35433070866142 52.44094488188976 10.488188976377952 Nancy,
185.10236220472441 153.35433070866142 26.362204724409448 10.488188976377952 6
195.59055118110237 153.35433070866142 62.92913385826772 10.488188976377952 décembre
242.64566929133858 153.35433070866142 47.338582677165356 10.488188976377952 1670,
274.3937007874016 153.35433070866142 26.362204724409448 10.488188976377952 1
284.88188976377955 153.35433070866142 31.46456692913386 10.488188976377952 p.
300.4724409448819 153.35433070866142 47.338582677165356 10.488188976377952 in-4.
331.93700787401576 153.35433070866142 31.46456692913386 10.488188976377952 40
342.4251968503937 153.35433070866142 15.874015748031496 10.488188976377952 »

54.99212598425197 163.55905511811022 73.7007874015748 9.070866141732283 Intéressante
114.80314960629921 163.55905511811022 45.92125984251968 9.070866141732283 pièce.
147.11811023622047 163.55905511811022 45.92125984251968 9.070866141732283 Malgré
179.1496062992126 163.55905511811022 32.31496062992126 9.070866141732283 ses
197.5748031496063 163.55905511811022 64.34645669291339 9.070866141732283 nombreuses
248.31496062992127 163.55905511811022 73.7007874015748 9.070866141732283 occupations,
308.12598425196853 163.55905511811022 27.496062992125985 9.070866141732283 il
322.01574803149606 163.55905511811022 32.31496062992126 9.070866141732283 lit
335.90551181102364 163.55905511811022 22.96062992125984 9.070866141732283 ses

43.93700787401575 172.3464566929134 51.023622047244096 9.070866141732283 lettres
81.07086614173228 172.3464566929134 37.13385826771653 9.070866141732283 avec
104.03149606299213 172.3464566929134 55.55905511811024 9.070866141732283 beaucoup
145.98425196850394 172.3464566929134 69.44881889763779 9.070866141732283 d’agrément:
201.54330708661416 172.3464566929134 46.488188976377955 9.070866141732283 «Saves
233.85826771653544 172.3464566929134 37.13385826771653 9.070866141732283 vous
257.1023622047244 172.3464566929134 37.13385826771653 9.070866141732283 bien
280.34645669291336 172.3464566929134 41.669291338582674 9.070866141732283 qu’il
308.12598425196853 172.3464566929134 23.244094488188978 9.070866141732283 i
317.4803149606299 172.3464566929134 23.244094488188978 9.070866141732283 a
326.5511811023622 172.3464566929134 32.59842519685039 9.070866141732283 une
340.7244094488189 172.3464566929134 18.4251968503937 9.070866141732283 de

44.78740157480315 181.41732283464566 31.748031496062993 9.070866141732283 vos
62.92913385826772 181.41732283464566 41.10236220472441 9.070866141732283 amies
90.4251968503937 181.41732283464566 41.10236220472441 9.070866141732283 (Mlle
117.63779527559055 181.41732283464566 27.212598425196852 9.070866141732283 de
131.24409448818898 181.41732283464566 59.24409448818898 9.070866141732283 Scudéry),
176.88188976377953 181.41732283464566 22.677165354330707 9.070866141732283 à
185.95275590551182 181.41732283464566 31.748031496062993 9.070866141732283 qui
204.09448818897638 181.41732283464566 27.212598425196852 9.070866141732283 je
217.70078740157481 181.41732283464566 36.28346456692913 9.070866141732283 suis
240.3779527559055 181.41732283464566 36.28346456692913 9.070866141732283 ravi
263.33858267716533 181.41732283464566 31.748031496062993 9.070866141732283 que
281.4803149606299 181.41732283464566 36.28346456692913 9.070866141732283 l'on
304.15748031496065 181.41732283464566 36.28346456692913 9.070866141732283 dise
327.11811023622045 181.41732283464566 27.212598425196852 9.070866141732283 ce
336.18897637795277 181.41732283464566 22.677165354330707 9.070866141732283 qui

44.22047244094488 190.20472440944883 54.14173228346457 9.070866141732283 m'arrive
84.75590551181102 190.20472440944883 26.929133858267715 9.070866141732283 et
98.36220472440945 190.20472440944883 26.929133858267715 9.070866141732283 ce
111.68503937007874 190.20472440944883 31.46456692913386 9.070866141732283 qui
129.82677165354332 190.20472440944883 26.929133858267715 9.070866141732283 se
143.43307086614172 190.20472440944883 40.53543307086614 9.070866141732283 passe
170.36220472440945 190.20472440944883 31.46456692913386 9.070866141732283 sur
188.2204724409449 190.20472440944883 31.46456692913386 9.070866141732283 mon
206.36220472440945 190.20472440944883 49.60629921259842 9.070866141732283 sujet».
242.36220472440945 190.20472440944883 54.14173228346457 9.070866141732283 Allusion
282.8976377952756 190.20472440944883 22.393700787401574 9.070866141732283 à
291.9685039370079 190.20472440944883 26.929133858267715 9.070866141732283 la
305.29133858267716 190.20472440944883 54.14173228346457 9.070866141732283 conquête
341.29133858267716 190.20472440944883 18.141732283464567 9.070866141732283 de

45.07086614173228 199.2755905511811 27.212598425196852 8.78740157480315 la
58.67716535433071 199.2755905511811 59.24409448818898 8.78740157480315 Lorraine:
104.31496062992126 199.2755905511811 45.63779527559055 8.78740157480315 «Comme
136.06299212598427 199.2755905511811 36.56692913385827 8.78740157480315 j'ay
159.0236220472441 199.2755905511811 41.10236220472441 8.78740157480315 assez
186.23622047244095 199.2755905511811 27.212598425196852 8.78740157480315 de
199.84251968503938 199.2755905511811 50.173228346456696 8.78740157480315 courses
236.40944881889763 199.2755905511811 22.677165354330707 8.78740157480315 à
245.48031496062993 199.2755905511811 41.10236220472441 8.78740157480315 faire
272.9763779527559 199.2755905511811 27.212598425196852 8.78740157480315 en
286.5826771653543 199.2755905511811 59.24409448818898 8.78740157480315 Lorraine,
332.2204724409449 199.2755905511811 27.212598425196852 8.78740157480315 je
341.29133858267716 199.2755905511811 18.141732283464567 8.78740157480315 ne

44.78740157480315 207.7795275590551 35.43307086614173 9.070866141732283 suis
67.18110236220473 207.7795275590551 30.89763779527559 9.070866141732283 pas
84.75590551181102 207.7795275590551 53.29133858267716 9.070866141732283 toujours
124.7244094488189 207.7795275590551 62.07874015748032 9.070866141732283 sédentaire
173.48031496062993 207.7795275590551 22.11023622047244 9.070866141732283 à
177.73228346456693 207.7795275590551 39.968503937007874 9.070866141732283 Nanci».

28.913385826771652 217.98425196850394 28.062992125984252 10.488188976377952 37
42.803149606299215 217.98425196850394 79.37007874015748 10.488188976377952 Daudet
108.0 217.98425196850394 60.661417322834644 10.488188976377952 (Ernest),
154.77165354330708 217.98425196850394 70.01574803149606 10.488188976377952 littérateur
210.61417322834646 217.98425196850394 28.062992125984252 10.488188976377952 et
224.78740157480314 217.98425196850394 60.661417322834644 10.488188976377952 romancier
271.2755905511811 217.98425196850394 79.37007874015748 10.488188976377952 contemporain,
336.755905511811 217.98425196850394 28.062992125984252 10.488188976377952 né
346.1102362204724 217.98425196850394 13.88976377952756 10.488188976377952 à

41.38582677165354 228.18897637795277 68.03149606299213 10.771653543307087 Nîmes
86.74015748031496 228.18897637795277 45.354330708661415 10.771653543307087 en
109.41732283464567 228.18897637795277 68.03149606299213 10.771653543307087 1837.
155.0551181102362 228.18897637795277 37.7007874015748 10.771653543307087 —
170.07874015748033 228.18897637795277 45.354330708661415 10.771653543307087 L.
192.75590551181102 228.18897637795277 45.354330708661415 10.771653543307087 a.
215.43307086614172 228.18897637795277 53.00787401574803 10.771653543307087 s.,
245.76377952755905 228.18897637795277 37.7007874015748 10.771653543307087 1
260.78740157480314 228.18897637795277 45.354330708661415 10.771653543307087 p.
283.46456692913387 228.18897637795277 68.03149606299213 10.771653543307087 in-8.
328.81889763779526 228.18897637795277 37.7007874015748 10.771653543307087 4
336.4724409448819 228.18897637795277 22.677165354330707 10.771653543307087 »

29.480314960629922 239.81102362204723 27.496062992125985 10.204724409448819 38
43.08661417322835 239.81102362204723 82.48818897637796 10.204724409448819 Decazes
111.96850393700787 239.81102362204723 32.031496062992126 10.204724409448819 (le
130.39370078740157 239.81102362204723 32.031496062992126 10.204724409448819 duc
148.8188976377953 239.81102362204723 45.92125984251968 10.204724409448819 Elie),
180.8503937007874 239.81102362204723 50.45669291338583 10.204724409448819 célèbre
217.41732283464566 239.81102362204723 41.38582677165354 10.204724409448819 homme
244.91338582677164 239.81102362204723 50.45669291338583 10.204724409448819 d’Etat,
281.76377952755905 239.81102362204723 50.45669291338583 10.204724409448819 premier
313.79527559055117 239.81102362204723 45.92125984251968 10.204724409448819 ministre

43.93700787401575 249.73228346456693 33.732283464566926 10.204724409448819 de
60.94488188976378 249.73228346456693 50.74015748031496 10.204724409448819 Louis
94.67716535433071 249.73228346456693 56.40944881889764 10.204724409448819 XVIII.
134.36220472440945 249.73228346456693 28.346456692913385 10.204724409448819 —
145.41732283464566 249.73228346456693 33.732283464566926 10.204724409448819 L.
162.4251968503937 249.73228346456693 33.732283464566926 10.204724409448819 a.
179.43307086614172 249.73228346456693 33.732283464566926 10.204724409448819 s.
196.44094488188978 249.73228346456693 33.732283464566926 10.204724409448819 au
213.16535433070865 249.73228346456693 67.74803149606299 10.204724409448819 cardinal
264.18897637795277 249.73228346456693 73.41732283464567 10.204724409448819 Consalvi;
314.92913385826773 249.73228346456693 45.07086614173228 10.204724409448819 Paris.

40.53543307086614 260.2204724409449 61.79527559055118 10.204724409448819 17
71.43307086614173 260.2204724409449 92.69291338582677 10.204724409448819 sept.
132.9448818897638 260.2204724409449 92.69291338582677 10.204724409448819 1819,
194.74015748031496 260.2204724409449 51.59055118110236 10.204724409448819 4
215.43307086614172 260.2204724409449 61.79527559055118 10.204724409448819 p.
246.33070866141733 260.2204724409449 92.69291338582677 10.204724409448819 in-4.
308.12598425196853 260.2204724409449 61.79527559055118 10.204724409448819 15
328.53543307086613 260.2204724409449 30.89763779527559 10.204724409448819 »

56.125984251968504 270.1417322834646 64.62992125984252 8.78740157480315 Très-belle
106.86614173228347 270.1417322834646 46.20472440944882 8.78740157480315 lettre
139.1811023622047 270.1417322834646 60.09448818897638 8.78740157480315 politique
185.10236220472441 270.1417322834646 36.8503937007874 8.78740157480315 dans
208.3464566929134 270.1417322834646 55.275590551181104 8.78740157480315 laquelle
249.73228346456693 270.1417322834646 27.77952755905512 8.78740157480315 il
263.62204724409446 270.1417322834646 32.31496062992126 8.78740157480315 est
282.0472440944882 270.1417322834646 55.275590551181104 8.78740157480315 question
323.7165354330709 270.1417322834646 27.77952755905512 8.78740157480315 du
332.78740157480314 270.1417322834646 27.77952755905512 8.78740157480315 pape

46.488188976377955 279.21259842519686 29.480314960629922 7.086614173228346 Pie
59.24409448818898 279.21259842519686 25.228346456692915 7.086614173228346 VII.

30.614173228346456 287.7165354330709 27.496062992125985 10.488188976377952 39
44.22047244094488 287.7165354330709 91.55905511811024 10.488188976377952 Delacroix
122.1732283464567 287.7165354330709 50.45669291338583 10.488188976377952 (Eug.),
159.0236220472441 287.7165354330709 50.45669291338583 10.488188976377952 célèbre
195.59055118110237 287.7165354330709 50.45669291338583 10.488188976377952 peintre
232.15748031496062 287.7165354330709 68.88188976377953 10.488188976377952 d’histoire,
287.1496062992126 287.7165354330709 36.56692913385827 10.488188976377952 chef
310.1102362204724 287.7165354330709 27.496062992125985 10.488188976377952 de
319.18110236220474 287.7165354330709 41.38582677165354 10.488188976377952 l’école

43.08661417322835 297.9212598425197 108.28346456692914 10.488188976377952 romantique.
129.54330708661416 297.9212598425197 36.0 10.488188976377952 —
144.0 297.9212598425197 43.37007874015748 10.488188976377952 L.
165.54330708661416 297.9212598425197 43.37007874015748 10.488188976377952 a.
187.08661417322836 297.9212598425197 50.45669291338583 10.488188976377952 s.,
216.0 297.9212598425197 50.45669291338583 10.488188976377952 3/4
244.91338582677164 297.9212598425197 43.37007874015748 10.488188976377952 de
266.45669291338584 297.9212598425197 43.37007874015748 10.488188976377952 p.
288.2834645669291 297.9212598425197 64.91338582677166 10.488188976377952 in-8.
331.37007874015745 297.9212598425197 36.0 10.488188976377952 5
338.74015748031496 297.9212598425197 21.543307086614174 10.488188976377952 »

30.614173228346456 310.6771653543307 28.62992125984252 10.488188976377952 40
45.07086614173228 310.6771653543307 95.81102362204724 10.488188976377952 Delaroche
126.4251968503937 310.6771653543307 52.724409448818896 10.488188976377952 (Paul),
164.69291338582678 310.6771653543307 28.62992125984252 10.488188976377952 un
178.86614173228347 310.6771653543307 33.44881889763779 10.488188976377952 des
198.14173228346456 310.6771653543307 38.267716535433074 10.488188976377952 plus
221.95275590551182 310.6771653543307 57.54330708661417 10.488188976377952 célèbres
265.03937007874015 310.6771653543307 57.54330708661417 10.488188976377952 peintres
308.12598425196853 310.6771653543307 28.62992125984252 10.488188976377952 de
317.76377952755905 310.6771653543307 43.08661417322835 10.488188976377952 l’école

45.07086614173228 320.88188976377955 76.25196850393701 11.338582677165354 française.
104.88188976377953 320.88188976377955 27.212598425196852 11.338582677165354 —
115.93700787401575 320.88188976377955 32.59842519685039 11.338582677165354 L.
132.09448818897638 320.88188976377955 32.59842519685039 11.338582677165354 a.
148.53543307086613 320.88188976377955 32.59842519685039 11.338582677165354 s.
164.9763779527559 320.88188976377955 27.212598425196852 11.338582677165354 à
175.748031496063 320.88188976377955 54.425196850393704 11.338582677165354 Edmond
214.01574803149606 320.88188976377955 54.425196850393704 11.338582677165354 Blanc;
252.0 320.88188976377955 49.039370078740156 11.338582677165354 Rome,
284.88188976377955 320.88188976377955 32.59842519685039 11.338582677165354 21
301.03937007874015 320.88188976377955 43.653543307086615 11.338582677165354 nov.
322.86614173228344 320.88188976377955 38.267716535433074 11.338582677165354 1831,

34.58267716535433 331.37007874015745 77.66929133858268 10.204724409448819 3
65.76377952755905 331.37007874015745 93.25984251968504 10.204724409448819 p.
112.25196850393701 331.37007874015745 124.15748031496064 10.204724409448819 pet.
189.92125984251967 331.37007874015745 139.748031496063 10.204724409448819 in-4.
283.18110236220474 331.37007874015745 93.25984251968504 10.204724409448819 20
314.3622047244094 331.37007874015745 46.488188976377955 10.204724409448819 »

56.976377952755904 341.00787401574803 48.47244094488189 9.354330708661417 Superbe
92.40944881889764 341.00787401574803 44.22047244094488 9.354330708661417 lettre
123.30708661417323 341.00787401574803 26.362204724409448 9.354330708661417 de
136.62992125984252 341.00787401574803 26.362204724409448 9.354330708661417 sa
149.66929133858267 341.00787401574803 57.25984251968504 9.354330708661417 jeunesse,
193.88976377952756 341.00787401574803 35.1496062992126 9.354330708661417 dans
216.0 341.00787401574803 53.00787401574803 9.354330708661417 laquelle
255.68503937007873 341.00787401574803 26.362204724409448 9.354330708661417 il
268.7244094488189 341.00787401574803 39.68503937007874 9.354330708661417 parle
295.37007874015745 341.00787401574803 26.362204724409448 9.354330708661417 de
308.40944881889766 341.00787401574803 30.89763779527559 9.354330708661417 ses
321.73228346456693 341.00787401574803 39.68503937007874 9.354330708661417 travaux

47.338582677165356 350.3622047244094 32.31496062992126 9.070866141732283 qui
65.76377952755905 350.3622047244094 55.55905511811024 9.070866141732283 avancent
107.43307086614173 350.3622047244094 64.62992125984252 9.070866141732283 rapidement
158.17322834645668 350.3622047244094 27.77952755905512 9.070866141732283 et
172.06299212598427 350.3622047244094 36.8503937007874 9.070866141732283 dont
195.0236220472441 350.3622047244094 27.77952755905512 9.070866141732283 on
208.91338582677164 350.3622047244094 36.8503937007874 9.070866141732283 doit
232.15748031496062 350.3622047244094 64.62992125984252 9.070866141732283 entretenir
282.8976377952756 350.3622047244094 27.77952755905512 9.070866141732283 M.
296.78740157480314 350.3622047244094 50.74015748031496 9.070866141732283 Thiers.
333.6377952755906 350.3622047244094 27.77952755905512 9.070866141732283 Il
342.99212598425197 350.3622047244094 18.4251968503937 9.070866141732283 le

47.05511811023622 359.1496062992126 55.55905511811024 7.3700787401574805 félicite
88.7244094488189 359.1496062992126 64.62992125984252 7.3700787401574805 chaudement
139.46456692913387 359.1496062992126 50.74015748031496 7.3700787401574805 d’avoir
176.31496062992127 359.1496062992126 41.669291338582674 7.3700787401574805 donné
204.09448818897638 359.1496062992126 27.77952755905512 7.3700787401574805 sa
217.98425196850394 359.1496062992126 64.62992125984252 7.3700787401574805 démission.
269.00787401574803 359.1496062992126 32.31496062992126 7.3700787401574805 «Au
287.43307086614175 359.1496062992126 41.669291338582674 7.3700787401574805 moins
315.21259842519686 359.1496062992126 37.13385826771653 7.3700787401574805 vous
333.6377952755906 359.1496062992126 27.77952755905512 7.3700787401574805 dor-

47.62204724409449 368.2204724409449 39.40157480314961 8.78740157480315 mirez
73.7007874015748 368.2204724409449 65.48031496062993 8.78740157480315 tranquille,
126.14173228346456 368.2204724409449 26.078740157480315 8.78740157480315 et
139.1811023622047 368.2204724409449 34.86614173228347 8.78740157480315 vous
161.00787401574803 368.2204724409449 26.078740157480315 8.78740157480315 ne
174.04724409448818 368.2204724409449 39.40157480314961 8.78740157480315 serez
200.1259842519685 368.2204724409449 34.86614173228347 8.78740157480315 plus
221.95275590551182 368.2204724409449 39.40157480314961 8.78740157480315 forcé
248.31496062992127 368.2204724409449 26.078740157480315 8.78740157480315 de
261.3543307086614 368.2204724409449 47.90551181102362 8.78740157480315 sourire
296.2204724409449 368.2204724409449 21.826771653543307 8.78740157480315 à
300.4724409448819 368.2204724409449 39.40157480314961 8.78740157480315 Judas.»

31.181102362204726 379.2755905511811 30.614173228346456 10.771653543307087 41
46.488188976377955 379.2755905511811 45.63779527559055 10.771653543307087 Du
76.81889763779527 379.2755905511811 71.14960629921259 10.771653543307087 Chesne
132.9448818897638 379.2755905511811 60.94488188976378 10.771653543307087 (André),
178.58267716535434 379.2755905511811 50.74015748031496 10.771653543307087 savant
214.01574803149606 379.2755905511811 66.04724409448819 10.771653543307087 historien
264.755905511811 379.2755905511811 30.614173228346456 10.771653543307087 et
280.06299212598424 379.2755905511811 81.35433070866142 10.771653543307087 généalogiste
341.00787401574803 379.2755905511811 20.409448818897637 10.771653543307087 du

45.92125984251968 389.4803149606299 44.503937007874015 10.204724409448819 XVIIe
75.4015748031496 389.4803149606299 54.425196850393704 10.204724409448819 siècle,
115.08661417322834 389.4803149606299 29.763779527559056 10.204724409448819 né
129.82677165354332 389.4803149606299 29.763779527559056 10.204724409448819 en
144.56692913385828 389.4803149606299 59.24409448818898 10.204724409448819 Touraine
189.0708661417323 389.4803149606299 29.763779527559056 10.204724409448819 en
203.81102362204723 389.4803149606299 44.503937007874015 10.204724409448819 1584,
233.5748031496063 389.4803149606299 39.40157480314961 10.204724409448819 mort
258.23622047244095 389.4803149606299 29.763779527559056 10.204724409448819 en
272.9763779527559 389.4803149606299 44.503937007874015 10.204724409448819 1640.
302.74015748031496 389.4803149606299 24.661417322834644 10.204724409448819 —
312.66141732283467 389.4803149606299 29.763779527559056 10.204724409448819 L.
327.40157480314963 389.4803149606299 29.763779527559056 10.204724409448819 a.
337.3228346456693 389.4803149606299 24.661417322834644 10.204724409448819 s.;

45.92125984251968 399.68503937007875 55.275590551181104 10.204724409448819 Paris,
84.75590551181102 399.68503937007875 38.83464566929134 10.204724409448819 1er
106.86614173228347 399.68503937007875 66.33070866141732 10.204724409448819 décembre
156.75590551181102 399.68503937007875 49.889763779527556 10.204724409448819 1633,
189.92125984251967 399.68503937007875 27.77952755905512 10.204724409448819 1
200.9763779527559 399.68503937007875 33.16535433070866 10.204724409448819 p.
217.70078740157481 399.68503937007875 60.94488188976378 10.204724409448819 in-fol.
261.9212598425197 399.68503937007875 88.7244094488189 10.204724409448819 Rare.
333.9212598425197 399.68503937007875 33.16535433070866 10.204724409448819 40
344.9763779527559 399.68503937007875 16.724409448818896 10.204724409448819 »

58.110236220472444 409.8897637795276 59.24409448818898 9.070866141732283 Très-belle
104.5984251968504 409.8897637795276 46.488188976377955 9.070866141732283 lettre.
138.33070866141733 409.8897637795276 25.228346456692915 9.070866141732283 Il
151.08661417322836 409.8897637795276 33.732283464566926 9.070866141732283 peut
172.06299212598427 409.8897637795276 42.23622047244095 9.070866141732283 garder
201.82677165354332 409.8897637795276 29.480314960629922 9.070866141732283 «le
218.5511811023622 409.8897637795276 37.98425196850393 9.070866141732283 Livre
244.06299212598427 409.8897637795276 29.480314960629922 9.070866141732283 des
260.78740157480314 409.8897637795276 46.488188976377955 9.070866141732283 lettres
294.8031496062992 409.8897637795276 50.74015748031496 9.070866141732283 escrites
332.78740157480314 409.8897637795276 25.228346456692915 9.070866141732283 au
341.00787401574803 409.8897637795276 21.25984251968504 9.070866141732283 roy

47.90551181102362 418.96062992125985 37.13385826771653 9.354330708661417 Louis
72.85039370078741 418.96062992125985 24.944881889763778 9.354330708661417 le
85.32283464566929 418.96062992125985 45.63779527559055 9.354330708661417 Jeune,»
118.48818897637796 418.96062992125985 28.913385826771652 9.354330708661417 qui
134.9291338582677 418.96062992125985 62.07874015748032 9.354330708661417 n'entreront
184.53543307086613 418.96062992125985 28.913385826771652 9.354330708661417 que
201.25984251968504 418.96062992125985 33.16535433070866 9.354330708661417 dans
221.95275590551182 418.96062992125985 24.944881889763778 9.354330708661417 le
234.14173228346456 418.96062992125985 24.944881889763778 9.354330708661417 3e
246.61417322834646 418.96062992125985 41.38582677165354 9.354330708661417 volume
275.5275590551181 418.96062992125985 24.944881889763778 9.354330708661417 de
288.0 418.96062992125985 28.913385826771652 9.354330708661417 ses
300.4724409448819 418.96062992125985 62.07874015748032 9.354330708661417 Scrip

47.05511811023622 427.748031496063 64.91338582677166 9.070866141732283 Historiœ
98.92913385826772 427.748031496063 77.95275590551181 9.070866141732283 Francorum.
163.84251968503938 427.748031496063 38.83464566929134 9.070866141732283 «Vous
189.63779527559055 427.748031496063 43.37007874015748 9.070866141732283 m’avez
219.96850393700788 427.748031496063 43.37007874015748 9.070866141732283 escrit
250.29921259842519 427.748031496063 30.330708661417322 9.070866141732283 que
267.59055118110234 427.748031496063 34.58267716535433 9.070866141732283 vous
289.13385826771656 427.748031496063 38.83464566929134 9.070866141732283 aviez
314.92913385826773 427.748031496063 26.078740157480315 9.070866141732283 la
327.9685039370079 427.748031496063 30.330708661417322 9.070866141732283 mer
341.00787401574803 427.748031496063 21.543307086614174 9.070866141732283 des

47.62204724409449 436.53543307086613 60.94488188976378 9.070866141732283 Histoires
94.67716535433071 436.53543307086613 28.062992125984252 9.070866141732283 en
108.85039370078741 436.53543307086613 42.23622047244095 9.070866141732283 latin
136.91338582677164 436.53543307086613 37.7007874015748 9.070866141732283 mais
160.44094488188978 436.53543307086613 32.881889763779526 9.070866141732283 que
179.43307086614172 436.53543307086613 28.062992125984252 9.070866141732283 M.
193.3228346456693 436.53543307086613 42.23622047244095 9.070866141732283 Labbé
221.66929133858267 436.53543307086613 47.05511811023622 9.070866141732283 auquel
254.5511811023622 436.53543307086613 37.7007874015748 9.070866141732283 vous
278.0787401574803 436.53543307086613 47.05511811023622 9.070866141732283 l’avez
310.96062992125985 436.53543307086613 51.59055118110236 9.070866141732283 prestée
343.84251968503935 436.53543307086613 18.708661417322833 9.070866141732283 en

47.338582677165356 445.6062992125984 23.52755905511811 9.070866141732283 a
56.976377952755904 445.6062992125984 51.59055118110236 9.070866141732283 arraché
94.39370078740157 445.6062992125984 28.062992125984252 9.070866141732283 ou
108.56692913385827 445.6062992125984 47.05511811023622 9.070866141732283 retenu
141.4488188976378 445.6062992125984 56.40944881889764 9.070866141732283 quelques
183.68503937007873 445.6062992125984 56.40944881889764 9.070866141732283 cahiers.
225.92125984251967 445.6062992125984 37.7007874015748 9.070866141732283 Vous
249.4488188976378 445.6062992125984 70.58267716535433 9.070866141732283 m’obligerez
305.8582677165354 445.6062992125984 56.40944881889764 9.070866141732283 beaucoup
343.5590551181102 445.6062992125984 18.708661417322833 9.070866141732283 de

47.338582677165356 454.3937007874016 28.62992125984252 9.070866141732283 me
61.79527559055118 454.3937007874016 47.62204724409449 9.070866141732283 donner
94.96062992125984 454.3937007874016 42.803149606299215 9.070866141732283 advis
123.59055118110236 454.3937007874016 52.44094488188976 9.070866141732283 jusques
161.85826771653544 454.3937007874016 23.811023622047244 9.070866141732283 à
171.49606299212599 454.3937007874016 38.267716535433074 9.070866141732283 quel
195.30708661417322 454.3937007874016 42.803149606299215 9.070866141732283 temps
223.93700787401573 454.3937007874016 42.803149606299215 9.070866141732283 vient
252.56692913385828 454.3937007874016 28.62992125984252 9.070866141732283 ce
266.74015748031496 454.3937007874016 33.44881889763779 9.070866141732283 qui
286.01574803149606 454.3937007874016 38.267716535433074 9.070866141732283 vous
309.8267716535433 454.3937007874016 28.62992125984252 9.070866141732283 en
319.46456692913387 454.3937007874016 42.803149606299215 9.070866141732283 reste.»

48.188976377952756 463.46456692913387 30.614173228346456 9.070866141732283 Par
65.48031496062993 463.46456692913387 26.078740157480315 9.070866141732283 là
78.51968503937007 463.46456692913387 26.078740157480315 9.070866141732283 il
91.55905511811024 463.46456692913387 52.44094488188976 9.070866141732283 pourrait
130.96062992125985 463.46456692913387 47.90551181102362 9.070866141732283 combler
165.82677165354332 463.46456692913387 52.44094488188976 9.070866141732283 quelques
200.69291338582678 463.46456692913387 43.653543307086615 9.070866141732283 lacunes.

31.748031496062993 474.8031496062992 28.346456692913385 10.771653543307087 42
45.92125984251968 474.8031496062992 89.85826771653544 10.771653543307087 Dumoulin
121.60629921259843 474.8031496062992 61.511811023622045 10.771653543307087 (Pierre),
168.9448818897638 474.8031496062992 51.874015748031496 10.771653543307087 célèbre
206.64566929133858 474.8031496062992 66.04724409448819 10.771653543307087 théologien
258.5196850393701 474.8031496062992 70.86614173228347 10.771653543307087 calviniste,
315.21259842519686 474.8031496062992 47.338582677165356 10.771653543307087 appelé
343.5590551181102 474.8031496062992 18.992125984251967 10.771653543307087 en

46.77165354330709 485.00787401574803 69.16535433070867 10.488188976377952 Angleterre
100.91338582677166 485.00787401574803 34.58267716535433 10.488188976377952 par
120.75590551181102 485.00787401574803 54.425196850393704 10.488188976377952 Jacques
160.15748031496062 485.00787401574803 34.58267716535433 10.488188976377952 1er
180.0 485.00787401574803 39.40157480314961 10.488188976377952 pour
204.66141732283464 485.00787401574803 49.32283464566929 10.488188976377952 lequel
239.24409448818898 485.00787401574803 29.763779527559056 10.488188976377952 il
254.26771653543307 485.00787401574803 54.425196850393704 10.488188976377952 composa
293.6692913385827 485.00787401574803 49.32283464566929 10.488188976377952 divers
323.43307086614175 485.00787401574803 39.40157480314961 10.488188976377952 écrits

46.488188976377955 495.21259842519686 94.67716535433071 11.05511811023622 apologétiques,
125.5748031496063 495.21259842519686 31.46456692913386 11.05511811023622 né
141.4488188976378 495.21259842519686 31.46456692913386 11.05511811023622 en
157.3228346456693 495.21259842519686 47.338582677165356 11.05511811023622 1568,
188.78740157480314 495.21259842519686 42.23622047244095 11.05511811023622 mort
215.1496062992126 495.21259842519686 31.46456692913386 11.05511811023622 en
231.0236220472441 495.21259842519686 47.338582677165356 11.05511811023622 1658.
262.48818897637796 495.21259842519686 26.362204724409448 11.05511811023622 —
272.9763779527559 495.21259842519686 47.338582677165356 11.05511811023622 Quit.
304.7244094488189 495.21259842519686 42.23622047244095 11.05511811023622 aut.
325.7007874015748 495.21259842519686 36.8503937007874 11.05511811023622 sig.;

45.07086614173228 505.4173228346457 70.58267716535433 10.488188976377952 Sedan,
94.39370078740157 505.4173228346457 42.23622047244095 10.488188976377952 25
115.65354330708661 505.4173228346457 56.40944881889764 10.488188976377952 mars
150.8031496062992 505.4173228346457 63.496062992125985 10.488188976377952 1637,
193.03937007874015 505.4173228346457 35.1496062992126 10.488188976377952 1
207.21259842519686 505.4173228346457 42.23622047244095 10.488188976377952 /2
228.4724409448819 505.4173228346457 42.23622047244095 10.488188976377952 p.
249.4488188976378 505.4173228346457 63.496062992125985 10.488188976377952 in-18
291.68503937007875 505.4173228346457 56.40944881889764 10.488188976377952 obl.
327.11811023622045 505.4173228346457 42.23622047244095 10.488188976377952 20
341.00787401574803 505.4173228346457 21.25984251968504 10.488188976377952 »

32.031496062992126 518.4566929133858 29.763779527559056 10.204724409448819 43
46.77165354330709 518.4566929133858 98.64566929133858 10.204724409448819 Dupanloup
130.6771653543307 518.4566929133858 44.503937007874015 10.204724409448819 (F.),
160.44094488188978 518.4566929133858 29.763779527559056 10.204724409448819 le
175.1811023622047 518.4566929133858 54.425196850393704 10.204724409448819 célèbre
214.58267716535434 518.4566929133858 49.32283464566929 10.204724409448819 évêque
249.16535433070865 518.4566929133858 69.16535433070867 10.204724409448819 d’Orléans.
303.59055118110234 518.4566929133858 24.661417322834644 10.204724409448819 —
313.51181102362204 518.4566929133858 29.763779527559056 10.204724409448819 L.
328.251968503937 518.4566929133858 29.763779527559056 10.204724409448819 a.
338.1732283464567 518.4566929133858 24.661417322834644 10.204724409448819 s.;

43.08661417322835 528.3779527559055 58.110236220472444 10.488188976377952 17
72.0 528.3779527559055 87.02362204724409 10.488188976377952 avril
130.11023622047244 528.3779527559055 87.02362204724409 10.488188976377952 1849,
188.2204724409449 528.3779527559055 67.74803149606299 10.488188976377952 1/2
227.0551181102362 528.3779527559055 58.110236220472444 10.488188976377952 p.
255.96850393700788 528.3779527559055 96.94488188976378 10.488188976377952 in-18.
323.7165354330709 528.3779527559055 48.47244094488189 10.488188976377952 8
333.6377952755906 528.3779527559055 28.913385826771652 10.488188976377952 »

58.67716535433071 538.5826771653543 52.15748031496063 7.3700787401574805 Curieuse
97.79527559055119 538.5826771653543 43.37007874015748 7.3700787401574805 lettre
128.1259842519685 538.5826771653543 52.15748031496063 7.3700787401574805 relative
167.24409448818898 538.5826771653543 21.826771653543307 7.3700787401574805 à
176.03149606299212 538.5826771653543 26.078740157480315 7.3700787401574805 sa
189.0708661417323 538.5826771653543 60.94488188976378 7.3700787401574805 nomination
236.9763779527559 538.5826771653543 21.826771653543307 7.3700787401574805 à
245.76377952755905 538.5826771653543 52.15748031496063 7.3700787401574805 l’évêché
284.88188976377955 538.5826771653543 60.94488188976378 7.3700787401574805 d’Orléans.
332.78740157480314 538.5826771653543 30.330708661417322 7.3700787401574805 «Ne
345.8267716535433 538.5826771653543 17.291338582677167 7.3700787401574805 me

48.188976377952756 547.6535433070866 55.55905511811024 8.78740157480315 félicitez
90.70866141732283 547.6535433070866 42.51968503937008 8.78740157480315 point:
120.75590551181102 547.6535433070866 25.511811023622048 8.78740157480315 on
133.51181102362204 547.6535433070866 29.763779527559056 8.78740157480315 m’a
150.51968503937007 547.6535433070866 34.01574803149607 8.78740157480315 fait
171.7795275590551 547.6535433070866 29.763779527559056 8.78740157480315 une
188.78740157480314 547.6535433070866 51.023622047244096 8.78740157480315 affreuse
227.33858267716536 547.6535433070866 55.55905511811024 8.78740157480315 violence.
269.8582677165354 547.6535433070866 38.267716535433074 8.78740157480315 Priez
295.37007874015745 547.6535433070866 34.01574803149607 8.78740157480315 pour
316.9133858267717 547.6535433070866 34.01574803149607 8.78740157480315 moi:
333.9212598425197 547.6535433070866 29.763779527559056 8.78740157480315 c’est

47.90551181102362 556.7244094488188 34.01574803149607 8.78740157480315 tout
69.16535433070867 556.7244094488188 25.511811023622048 8.78740157480315 ce
81.92125984251969 556.7244094488188 29.763779527559056 8.78740157480315 que
98.64566929133858 556.7244094488188 34.01574803149607 8.78740157480315 j’ai
119.90551181102362 556.7244094488188 25.511811023622048 8.78740157480315 la
132.66141732283464 556.7244094488188 38.267716535433074 8.78740157480315 force
158.17322834645668 556.7244094488188 25.511811023622048 8.78740157480315 de
170.9291338582677 556.7244094488188 34.01574803149607 8.78740157480315 vous
187.6535433070866 556.7244094488188 34.01574803149607 8.78740157480315 dire.»

32.31496062992126 567.2125984251968 29.19685039370079 10.771653543307087 44
46.77165354330709 567.2125984251968 92.40944881889764 10.771653543307087 Duperron
124.7244094488189 567.2125984251968 58.39370078740158 10.771653543307087 (Jacques
168.66141732283464 567.2125984251968 48.75590551181102 10.771653543307087 Davy),
202.6771653543307 567.2125984251968 63.21259842519685 10.771653543307087 cardinal,
251.43307086614172 567.2125984251968 58.39370078740158 10.771653543307087 illustre
295.0866141732283 567.2125984251968 68.31496062992126 10.771653543307087 théologien
343.84251968503935 567.2125984251968 19.559055118110237 10.771653543307087 et

46.77165354330709 577.4173228346457 72.56692913385827 10.771653543307087 diplomate,
103.74803149606299 577.4173228346457 31.181102362204726 10.771653543307087 né
119.33858267716535 577.4173228346457 41.38582677165354 10.771653543307087 dans
145.13385826771653 577.4173228346457 36.28346456692913 10.771653543307087 les
166.11023622047244 577.4173228346457 62.36220472440945 10.771653543307087 environs
212.5984251968504 577.4173228346457 31.181102362204726 10.771653543307087 de
228.18897637795277 577.4173228346457 72.56692913385827 10.771653543307087 Coutances,
285.4488188976378 577.4173228346457 31.181102362204726 10.771653543307087 le
300.755905511811 577.4173228346457 31.181102362204726 10.771653543307087 19
311.244094488189 577.4173228346457 51.874015748031496 10.771653543307087 novembre
