403.65354330708664 651.6850393700787
172.91338582677164 18.992125984251967 35.1496062992126 16.724409448818896 —
187.08661417322836 18.992125984251967 35.1496062992126 16.724409448818896 5
194.17322834645668 18.992125984251967 20.976377952755904 16.724409448818896 —

31.748031496062993 46.488188976377955 26.64566929133858 11.05511811023622 25
45.07086614173228 46.488188976377955 89.00787401574803 11.05511811023622 Callières
120.75590551181102 46.488188976377955 57.826771653543304 11.05511811023622 (François
165.25984251968504 46.488188976377955 35.43307086614173 11.05511811023622 de),
187.37007874015748 46.488188976377955 49.039370078740156 11.05511811023622 célèbre
223.08661417322836 46.488188976377955 53.29133858267716 11.05511811023622 écrivain
263.0551181102362 46.488188976377955 26.64566929133858 11.05511811023622 et
276.37795275590554 46.488188976377955 57.826771653543304 11.05511811023622 diplomate
316.34645669291336 46.488188976377955 44.503937007874015 11.05511811023622 français

46.488188976377955 56.69291338582677 32.59842519685039 11.05511811023622 du
62.645669291338585 56.69291338582677 48.75590551181102 11.05511811023622 règne
95.24409448818898 56.69291338582677 32.59842519685039 11.05511811023622 de
111.68503937007874 56.69291338582677 48.75590551181102 11.05511811023622 Louis
144.0 56.69291338582677 43.37007874015748 11.05511811023622 XIV,
171.21259842519686 56.69291338582677 54.14173228346457 11.05511811023622 membre
209.1968503937008 56.69291338582677 32.59842519685039 11.05511811023622 de
225.35433070866142 56.69291338582677 75.96850393700787 11.05511811023622 l’Académie
285.1653543307087 56.69291338582677 75.96850393700787 11.05511811023622 française,
339.3070866141732 56.69291338582677 21.826771653543307 11.05511811023622 né

46.77165354330709 65.48031496062993 24.944881889763778 11.622047244094489 à
56.976377952755904 65.48031496062993 60.09448818897638 11.622047244094489 Thorigny
101.76377952755905 65.48031496062993 30.04724409448819 11.622047244094489 en
116.78740157480316 65.48031496062993 64.91338582677166 11.622047244094489 Normandie
166.6771653543307 65.48031496062993 30.04724409448819 11.622047244094489 en
181.70078740157481 65.48031496062993 45.07086614173228 11.622047244094489 1645,
211.748031496063 65.48031496062993 39.968503937007874 11.622047244094489 mort
236.69291338582678 65.48031496062993 30.04724409448819 11.622047244094489 en
251.71653543307087 65.48031496062993 45.07086614173228 11.622047244094489 1717.
281.76377952755905 65.48031496062993 24.944881889763778 11.622047244094489 —
291.68503937007875 65.48031496062993 30.04724409448819 11.622047244094489 L.
306.70866141732284 65.48031496062993 30.04724409448819 11.622047244094489 a.
321.73228346456693 65.48031496062993 30.04724409448819 11.622047244094489 s.
336.755905511811 65.48031496062993 24.944881889763778 11.622047244094489 à
341.5748031496063 65.48031496062993 20.125984251968504 11.622047244094489 la

47.338582677165356 76.81889763779527 57.826771653543304 10.488188976377952 marquise
90.70866141732283 76.81889763779527 72.28346456692914 10.488188976377952 d’Huxelles;
148.8188976377953 76.81889763779527 87.02362204724409 10.488188976377952 Fontainebleau,
221.10236220472441 76.81889763779527 28.913385826771652 10.488188976377952 18
235.55905511811022 76.81889763779527 38.55118110236221 10.488188976377952 oct.
259.65354330708664 76.81889763779527 43.37007874015748 10.488188976377952 1695,
288.8503937007874 76.81889763779527 24.094488188976378 10.488188976377952 7
298.48818897637796 76.81889763779527 28.913385826771652 10.488188976377952 p.
312.9448818897638 76.81889763779527 33.732283464566926 10.488188976377952 1/4
327.40157480314963 76.81889763779527 33.732283464566926 10.488188976377952 in

47.338582677165356 87.02362204724409 56.69291338582677 10.771653543307087 Légères
88.44094488188976 87.02362204724409 51.59055118110236 10.771653543307087 taches
124.7244094488189 87.02362204724409 77.38582677165354 10.771653543307087 d’humidité.
186.51968503937007 87.02362204724409 61.79527559055118 10.771653543307087 Quelques
232.7244094488189 87.02362204724409 61.79527559055118 10.771653543307087 passages
279.21259842519686 87.02362204724409 36.0 10.771653543307087 ont
299.90551181102364 87.02362204724409 36.0 10.771653543307087 été
315.21259842519686 87.02362204724409 46.488188976377955 10.771653543307087 légère-

44.22047244094488 97.22834645669292 66.61417322834646 8.220472440944881 ment
85.88976377952756 97.22834645669292 108.56692913385827 8.220472440944881 bâtonnés.
169.22834645669292 97.22834645669292 175.1811023622047 8.220472440944881 Très-rare.
319.46456692913387 97.22834645669292 50.173228346456696 8.220472440944881 75
336.18897637795277 97.22834645669292 24.944881889763778 8.220472440944881 »

57.826771653543304 107.43307086614173 43.37007874015748 9.070866141732283 Lettre
88.15748031496064 107.43307086614173 60.661417322834644 9.070866141732283 importante
135.7795275590551 107.43307086614173 56.40944881889764 9.070866141732283 contenant
179.43307086614172 107.43307086614173 30.330708661417322 9.070866141732283 des
196.7244094488189 107.43307086614173 47.90551181102362 9.070866141732283 détails
231.30708661417322 107.43307086614173 30.330708661417322 9.070866141732283 sur
248.88188976377953 107.43307086614173 26.078740157480315 9.070866141732283 la
261.9212598425197 107.43307086614173 56.40944881889764 9.070866141732283 politique
305.29133858267716 107.43307086614173 56.40944881889764 9.070866141732283 française
344.40944881889766 107.43307086614173 17.291338582677167 9.070866141732283 et

47.338582677165356 116.22047244094489 64.62992125984252 8.78740157480315 étrangère.
98.07874015748031 116.22047244094489 60.09448818897638 8.78740157480315 Nouvelles
144.28346456692913 116.22047244094489 27.77952755905512 8.78740157480315 de
158.17322834645668 116.22047244094489 27.77952755905512 8.78740157480315 la
171.7795275590551 116.22047244094489 46.20472440944882 8.78740157480315 guerre
204.09448818897638 116.22047244094489 27.77952755905512 8.78740157480315 en
217.98425196850394 116.22047244094489 55.275590551181104 8.78740157480315 Hongrie,
259.65354330708664 116.22047244094489 27.77952755905512 8.78740157480315 en
273.54330708661416 116.22047244094489 73.98425196850394 8.78740157480315 Transylvanie
333.3543307086614 116.22047244094489 27.77952755905512 8.78740157480315 et
342.70866141732284 116.22047244094489 18.4251968503937 8.78740157480315 en

47.338582677165356 125.29133858267717 53.00787401574803 8.78740157480315 Turquie.
87.30708661417323 125.29133858267717 39.68503937007874 8.78740157480315 Prise
113.66929133858268 125.29133858267717 30.89763779527559 8.78740157480315 par
131.5275590551181 125.29133858267717 30.89763779527559 8.78740157480315 des
149.10236220472441 125.29133858267717 57.54330708661417 8.78740157480315 armateurs
193.3228346456693 125.29133858267717 53.00787401574803 8.78740157480315 français
233.29133858267716 125.29133858267717 26.64566929133858 8.78740157480315 de
246.33070866141733 125.29133858267717 61.79527559055118 8.78740157480315 Saint-Malo
295.0866141732283 125.29133858267717 26.64566929133858 8.78740157480315 de
308.40944881889766 125.29133858267717 39.68503937007874 8.78740157480315 trois
330.5196850393701 125.29133858267717 30.89763779527559 8.78740157480315 vais-

46.77165354330709 134.07874015748033 43.653543307086615 8.78740157480315 seaux
75.68503937007874 134.07874015748033 53.29133858267716 8.78740157480315 anglais
114.51968503937007 134.07874015748033 72.56692913385827 8.78740157480315 appartenant
172.62992125984252 134.07874015748033 24.094488188976378 8.78740157480315 à
182.5511811023622 134.07874015748033 29.19685039370079 8.78740157480315 la
197.00787401574803 134.07874015748033 62.92913385826772 8.78740157480315 Compagnie
245.48031496062993 134.07874015748033 34.01574803149607 8.78740157480315 des
264.755905511811 134.07874015748033 48.47244094488189 8.78740157480315 Indes.
298.7716535433071 134.07874015748033 62.92913385826772 8.78740157480315 Situation
342.4251968503937 134.07874015748033 19.275590551181104 8.78740157480315 de

47.90551181102362 142.86614173228347 73.7007874015748 9.070866141732283 l’Angleterre;
108.56692913385827 142.86614173228347 43.37007874015748 9.070866141732283 retour
138.89763779527559 142.86614173228347 26.078740157480315 9.070866141732283 du
151.93700787401573 142.86614173228347 43.37007874015748 9.070866141732283 prince
182.26771653543307 142.86614173228347 56.40944881889764 9.070866141732283 d'Orange;
225.63779527559055 142.86614173228347 65.19685039370079 9.070866141732283 dissolution
277.79527559055117 142.86614173228347 26.078740157480315 9.070866141732283 du
290.8346456692913 142.86614173228347 60.661417322834644 9.070866141732283 Parlement,
334.20472440944883 142.86614173228347 26.078740157480315 9.070866141732283 etc.

31.748031496062993 151.93700787401573 28.62992125984252 9.921259842519685 26
46.20472440944882 151.93700787401573 90.99212598425197 9.921259842519685 Carteret
122.74015748031496 151.93700787401573 52.724409448818896 9.921259842519685 (lord),
161.00787401574803 151.93700787401573 43.08661417322835 9.921259842519685 comte
189.63779527559055 151.93700787401573 28.62992125984252 9.921259842519685 de
204.09448818897638 151.93700787401573 71.71653543307086 9.921259842519685 Grandville,
261.3543307086614 151.93700787401573 52.724409448818896 9.921259842519685 célèbre
299.90551181102364 151.93700787401573 43.08661417322835 9.921259842519685 homme
323.7165354330709 151.93700787401573 38.267716535433074 9.921259842519685 d’Etat

47.05511811023622 161.85826771653544 58.960629921259844 10.488188976377952 anglais,
91.2755905511811 161.85826771653544 58.960629921259844 10.488188976377952 ministre
135.49606299212599 161.85826771653544 29.480314960629922 10.488188976377952 de
150.23622047244095 161.85826771653544 54.14173228346457 10.488188976377952 Georges
189.63779527559055 161.85826771653544 34.58267716535433 10.488188976377952 II,
209.48031496062993 161.85826771653544 58.960629921259844 10.488188976377952 vice-roi
253.70078740157481 161.85826771653544 68.88188976377953 10.488188976377952 d’Irlande,
303.0236220472441 161.85826771653544 58.960629921259844 10.488188976377952 protecteur

47.05511811023622 172.06299212598427 34.01574803149607 10.204724409448819 des
66.33070866141732 172.06299212598427 38.83464566929134 10.204724409448819 arts
90.70866141732283 172.06299212598427 28.913385826771652 10.204724409448819 et
105.16535433070867 172.06299212598427 34.01574803149607 10.204724409448819 des
124.44094488188976 172.06299212598427 58.110236220472444 10.204724409448819 lettres,
168.09448818897638 172.06299212598427 38.83464566929134 10.204724409448819 mort
192.18897637795277 172.06299212598427 28.913385826771652 10.204724409448819 en
206.9291338582677 172.06299212598427 43.653543307086615 10.204724409448819 1763.
235.84251968503938 172.06299212598427 24.094488188976378 10.204724409448819 —
245.48031496062993 172.06299212598427 38.83464566929134 10.204724409448819 Let.
269.8582677165354 172.06299212598427 38.83464566929134 10.204724409448819 sig.
293.9527559055118 172.06299212598427 38.83464566929134 10.204724409448819 avec
318.0472440944882 172.06299212598427 28.913385826771652 10.204724409448819 la
327.68503937007875 172.06299212598427 34.01574803149607 10.204724409448819 sous-

47.338582677165356 182.26771653543307 49.039370078740156 10.771653543307087 cript.
81.63779527559055 182.26771653543307 43.93700787401575 10.771653543307087 aut.,
110.83464566929133 182.26771653543307 29.480314960629922 10.771653543307087 en
125.5748031496063 182.26771653543307 63.77952755905512 10.771653543307087 français,
174.61417322834646 182.26771653543307 24.37795275590551 10.771653543307087 à
184.251968503937 182.26771653543307 53.85826771653543 10.771653543307087 Haller;
223.37007874015748 182.26771653543307 58.67716535433071 10.771653543307087 Hanovre,
267.59055118110234 182.26771653543307 29.480314960629922 10.771653543307087 14
282.3307086614173 182.26771653543307 39.118110236220474 10.771653543307087 juin
306.70866141732284 182.26771653543307 43.93700787401575 10.771653543307087 1743,
336.18897637795277 182.26771653543307 24.37795275590551 10.771653543307087 1
341.00787401574803 182.26771653543307 19.559055118110237 10.771653543307087 p.

32.31496062992126 190.77165354330708 153.63779527559055 11.338582677165354 1/2
119.90551181102362 190.77165354330708 197.5748031496063 11.338582677165354 in-4.
251.71653543307087 190.77165354330708 131.81102362204723 11.338582677165354 22
295.65354330708664 190.77165354330708 65.76377952755905 11.338582677165354 »

57.54330708661417 202.6771653543307 24.944881889763778 9.070866141732283 Il
70.01574803149606 202.6771653543307 24.944881889763778 9.070866141732283 le
82.77165354330708 202.6771653543307 49.889763779527556 9.070866141732283 remercie
120.18897637795276 202.6771653543307 24.944881889763778 9.070866141732283 de
132.66141732283464 202.6771653543307 45.92125984251968 9.070866141732283 l'envoi
166.11023622047244 202.6771653543307 24.944881889763778 9.070866141732283 de
178.58267716535434 202.6771653543307 29.19685039370079 9.070866141732283 ses
191.0551181102362 202.6771653543307 41.669291338582674 9.070866141732283 poésies.

31.46456692913386 212.5984251968504 28.62992125984252 10.488188976377952 27
45.92125984251968 212.5984251968504 72.0 10.488188976377952 Cats
103.46456692913385 212.5984251968504 43.08661417322835 10.488188976377952 (J.),
132.09448818897638 212.5984251968504 52.724409448818896 10.488188976377952 célèbre
170.64566929133858 212.5984251968504 43.08661417322835 10.488188976377952 poète
199.2755905511811 212.5984251968504 72.0 10.488188976377952 hollandais,
256.81889763779526 212.5984251968504 72.0 10.488188976377952 ambassadeur
314.3622047244094 212.5984251968504 28.62992125984252 10.488188976377952 en
324.0 212.5984251968504 38.267716535433074 10.488188976377952 Angle-

46.77165354330709 223.08661417322836 54.425196850393704 9.070866141732283 terre,
84.75590551181102 223.08661417322836 32.59842519685039 9.070866141732283 né
101.19685039370079 223.08661417322836 32.59842519685039 9.070866141732283 en
117.35433070866142 223.08661417322836 49.039370078740156 9.070866141732283 1577,
149.95275590551182 223.08661417322836 43.653543307086615 9.070866141732283 mort
177.16535433070865 223.08661417322836 32.59842519685039 9.070866141732283 en
193.60629921259843 223.08661417322836 49.039370078740156 9.070866141732283 1660.
226.20472440944883 223.08661417322836 27.212598425196852 9.070866141732283 —
237.25984251968504 223.08661417322836 32.59842519685039 9.070866141732283 L.
253.41732283464566 223.08661417322836 32.59842519685039 9.070866141732283 a.
269.8582677165354 223.08661417322836 32.59842519685039 9.070866141732283 s.
286.01574803149606 223.08661417322836 32.59842519685039 9.070866141732283 au
297.07086614173227 223.08661417322836 65.19685039370079 9.070866141732283 stathouder

47.62204724409449 233.00787401574803 87.59055118110236 10.488188976377952 Frédéric-Henri;
121.32283464566929 233.00787401574803 27.77952755905512 10.488188976377952 La
135.21259842519686 233.00787401574803 41.669291338582674 10.488188976377952 Haye,
162.99212598425197 233.00787401574803 27.77952755905512 10.488188976377952 15
176.88188976377953 233.00787401574803 36.8503937007874 10.488188976377952 juin
199.84251968503938 233.00787401574803 41.669291338582674 10.488188976377952 1646,
227.6220472440945 233.00787401574803 22.96062992125984 10.488188976377952 1
236.69291338582678 233.00787401574803 27.77952755905512 10.488188976377952 p.
250.58267716535434 233.00787401574803 41.669291338582674 10.488188976377952 in-f.
278.3622047244094 233.00787401574803 73.98425196850394 10.488188976377952 Rare.
338.45669291338584 233.00787401574803 27.77952755905512 10.488188976377952 25
347.5275590551181 233.00787401574803 13.88976377952756 10.488188976377952 »

31.46456692913386 244.3464566929134 28.62992125984252 10.488188976377952 28
45.92125984251968 244.3464566929134 114.80314960629921 10.488188976377952 Cécile-Renée,
146.26771653543307 244.3464566929134 43.08661417322835 10.488188976377952 reine
175.1811023622047 244.3464566929134 28.62992125984252 10.488188976377952 de
189.35433070866142 244.3464566929134 57.54330708661417 10.488188976377952 Pologne,
232.44094488188978 244.3464566929134 43.08661417322835 10.488188976377952 fille
261.07086614173227 244.3464566929134 28.62992125984252 10.488188976377952 de
275.5275590551181 244.3464566929134 66.89763779527559 10.488188976377952 l’empereur
323.43307086614175 244.3464566929134 38.267716535433074 10.488188976377952 Ferdi

47.05511811023622 254.26771653543307 41.38582677165354 9.921259842519685 nand
72.85039370078741 254.26771653543307 36.0 9.921259842519685 II,
93.54330708661418 254.26771653543307 46.488188976377955 9.921259842519685 femme
124.44094488188976 254.26771653543307 30.89763779527559 9.921259842519685 du
139.748031496063 254.26771653543307 36.0 9.921259842519685 roi
160.44094488188978 254.26771653543307 67.18110236220473 9.921259842519685 Ladislas,
212.03149606299212 254.26771653543307 36.0 9.921259842519685 née
232.7244094488189 254.26771653543307 30.89763779527559 9.921259842519685 en
248.31496062992127 254.26771653543307 46.488188976377955 9.921259842519685 1611,
279.21259842519686 254.26771653543307 46.488188976377955 9.921259842519685 morte
310.1102362204724 254.26771653543307 30.89763779527559 9.921259842519685 en
320.31496062992125 254.26771653543307 41.38582677165354 9.921259842519685 1644.—

47.05511811023622 264.755905511811 43.37007874015748 10.204724409448819 Let.
74.26771653543307 264.755905511811 43.37007874015748 10.204724409448819 sig.
101.48031496062993 264.755905511811 43.37007874015748 10.204724409448819 avec
128.40944881889763 264.755905511811 32.59842519685039 10.204724409448819 la
144.8503937007874 264.755905511811 75.96850393700787 10.204724409448819 souscript.
204.66141732283464 264.755905511811 49.039370078740156 10.204724409448819 aut.,
237.25984251968504 264.755905511811 32.59842519685039 10.204724409448819 en
253.41732283464566 264.755905511811 70.58267716535433 10.204724409448819 allemand,
307.84251968503935 264.755905511811 27.212598425196852 10.204724409448819 à
318.8976377952756 264.755905511811 32.59842519685039 10.204724409448819 sa
329.6692913385827 264.755905511811 32.59842519685039 10.204724409448819 sœur

45.63779527559055 274.6771653543307 87.8740157480315 9.637795275590552 Marie-Anne,
115.93700787401575 274.6771653543307 52.724409448818896 9.637795275590552 femme
151.08661417322836 274.6771653543307 35.1496062992126 9.637795275590552 de
168.66141732283464 274.6771653543307 81.92125984251969 9.637795275590552 l’Electeur
233.00787401574803 274.6771653543307 87.8740157480315 9.637795275590552 Maximilien;
297.3543307086614 274.6771653543307 64.34645669291339 9.637795275590552 Varsovie,

41.10236220472441 284.59842519685037 64.06299212598425 10.771653543307087 29
73.13385826771653 284.59842519685037 85.60629921259843 10.771653543307087 juin
126.70866141732283 284.59842519685037 96.09448818897638 10.771653543307087 1642,
190.77165354330708 284.59842519685037 53.29133858267716 10.771653543307087 1
212.03149606299212 284.59842519685037 64.06299212598425 10.771653543307087 p.
244.06299212598427 284.59842519685037 96.09448818897638 10.771653543307087 in-f.
308.40944881889766 284.59842519685037 64.06299212598425 10.771653543307087 20
329.6692913385827 284.59842519685037 32.031496062992126 10.771653543307087 »

31.748031496062993 295.0866141732283 27.496062992125985 10.204724409448819 29
45.354330708661415 295.0866141732283 82.77165354330708 10.204724409448819 Charlet
114.23622047244095 295.0866141732283 54.99212598425197 10.204724409448819 (N.-T.),
155.6220472440945 295.0866141732283 50.45669291338583 10.204724409448819 célèbre
192.4724409448819 295.0866141732283 50.45669291338583 10.204724409448819 peintre
229.03937007874015 295.0866141732283 27.496062992125985 10.204724409448819 et
242.9291338582677 295.0866141732283 73.41732283464567 10.204724409448819 dessinateur.
302.45669291338584 295.0866141732283 22.96062992125984 10.204724409448819 —
311.81102362204723 295.0866141732283 27.496062992125985 10.204724409448819 L.
325.4173228346457 295.0866141732283 27.496062992125985 10.204724409448819 a.
339.3070866141732 295.0866141732283 27.496062992125985 10.204724409448819 s.
348.37795275590554 295.0866141732283 13.88976377952756 10.204724409448819 à

46.20472440944882 305.00787401574803 57.25984251968504 10.488188976377952 Alfred
86.1732283464567 305.00787401574803 34.2992125984252 10.488188976377952 de
103.46456692913385 305.00787401574803 62.92913385826772 10.488188976377952 Musset;
149.38582677165354 305.00787401574803 34.2992125984252 10.488188976377952 12
166.39370078740157 305.00787401574803 62.92913385826772 10.488188976377952 janvier
212.31496062992127 305.00787401574803 51.59055118110236 10.488188976377952 1840,
246.89763779527559 305.00787401574803 40.25196850393701 10.488188976377952 3/4
269.5748031496063 305.00787401574803 34.2992125984252 10.488188976377952 de
286.86614173228344 305.00787401574803 34.2992125984252 10.488188976377952 p.
304.15748031496065 305.00787401574803 51.59055118110236 10.488188976377952 in-4.
338.45669291338584 305.00787401574803 28.62992125984252 10.488188976377952 5
344.12598425196853 305.00787401574803 17.291338582677167 10.488188976377952 »

57.25984251968504 315.496062992126 27.212598425196852 8.78740157480315 Il
70.86614173228347 315.496062992126 27.212598425196852 8.78740157480315 le
84.4724409448819 315.496062992126 36.28346456692913 8.78740157480315 prie
107.43307086614173 315.496062992126 59.24409448818898 8.78740157480315 d’obtenir
152.78740157480314 315.496062992126 72.85039370078741 8.78740157480315 l’inhumation
212.03149606299212 315.496062992126 54.70866141732284 8.78740157480315 gratuite
253.13385826771653 315.496062992126 36.28346456692913 8.78740157480315 d’un
275.81102362204723 315.496062992126 41.10236220472441 8.78740157480315 nommé
303.0236220472441 315.496062992126 45.63779527559055 8.78740157480315 Grumet
330.5196850393701 315.496062992126 31.748031496062993 8.78740157480315 lais-

47.338582677165356 324.2834645669291 35.1496062992126 9.070866141732283 sant
69.16535433070867 324.2834645669291 30.614173228346456 9.070866141732283 une
86.74015748031496 324.2834645669291 43.93700787401575 9.070866141732283 pauvre
117.35433070866142 324.2834645669291 39.40157480314961 9.070866141732283 veuve
143.71653543307087 324.2834645669291 35.1496062992126 9.070866141732283 avec
165.54330708661416 324.2834645669291 56.976377952755904 9.070866141732283 plusieurs
209.48031496062993 324.2834645669291 48.188976377952756 9.070866141732283 enfants
244.62992125984252 324.2834645669291 35.1496062992126 9.070866141732283 dans
266.45669291338584 324.2834645669291 26.362204724409448 9.070866141732283 la
275.244094488189 324.2834645669291 39.40157480314961 9.070866141732283 misère.

31.748031496062993 334.48818897637796 27.212598425196852 11.338582677165354 30
45.354330708661415 334.48818897637796 113.10236220472441 11.338582677165354 Châteaurenault
144.8503937007874 334.48818897637796 85.88976377952756 11.338582677165354 (François-Louis
217.13385826771653 334.48818897637796 27.212598425196852 11.338582677165354 de
230.74015748031496 334.48818897637796 94.96062992125984 11.338582677165354 Rousselet,
312.09448818897636 334.48818897637796 40.818897637795274 11.338582677165354 comte
334.48818897637796 334.48818897637796 27.212598425196852 11.338582677165354 de),

46.488188976377955 344.40944881889766 62.07874015748032 9.921259842519685 illustre
92.97637795275591 344.40944881889766 46.488188976377955 9.921259842519685 marin
123.8740157480315 344.40944881889766 30.89763779527559 9.921259842519685 du
139.46456692913387 344.40944881889766 51.59055118110236 9.921259842519685 siècle
175.748031496063 344.40944881889766 30.89763779527559 9.921259842519685 de
191.0551181102362 344.40944881889766 46.488188976377955 9.921259842519685 Louis
222.23622047244095 344.40944881889766 41.38582677165354 9.921259842519685 XIV,
248.03149606299212 344.40944881889766 82.77165354330708 9.921259842519685 vice-amiral,
310.1102362204724 344.40944881889766 51.59055118110236 9.921259842519685 maréchal

46.488188976377955 354.8976377952756 30.89763779527559 10.488188976377952 de
61.79527559055118 354.8976377952756 56.976377952755904 10.488188976377952 France,
103.18110236220473 354.8976377952756 72.28346456692914 10.488188976377952 gouverneur
160.15748031496062 354.8976377952756 30.89763779527559 10.488188976377952 de
175.748031496063 354.8976377952756 67.18110236220473 10.488188976377952 Bretagne,
227.33858267716536 354.8976377952756 30.89763779527559 10.488188976377952 né
242.9291338582677 354.8976377952756 30.89763779527559 10.488188976377952 en
258.23622047244095 354.8976377952756 46.488188976377955 10.488188976377952 1634,
289.4173228346457 354.8976377952756 41.38582677165354 10.488188976377952 mort
315.21259842519686 354.8976377952756 30.89763779527559 10.488188976377952 en
325.4173228346457 354.8976377952756 36.28346456692913 10.488188976377952 1716.

45.92125984251968 365.1023622047244 27.77952755905512 10.204724409448819 —
57.25984251968504 365.1023622047244 49.889763779527556 10.204724409448819 Pièce
90.4251968503937 365.1023622047244 44.22047244094488 10.204724409448819 sig.
117.92125984251969 365.1023622047244 38.83464566929134 10.204724409448819 sur
140.03149606299212 365.1023622047244 77.38582677165354 10.204724409448819 parchemin;
200.9763779527559 365.1023622047244 55.275590551181104 10.204724409448819 Brest,
239.81102362204723 365.1023622047244 49.889763779527556 10.204724409448819 1678,
272.9763779527559 365.1023622047244 27.77952755905512 10.204724409448819 1
284.0314960629921 365.1023622047244 33.16535433070866 10.204724409448819 p.
300.4724409448819 365.1023622047244 49.889763779527556 10.204724409448819 in-8.
333.6377952755906 365.1023622047244 33.16535433070866 10.204724409448819 12
344.6929133858268 365.1023622047244 16.724409448818896 10.204724409448819 »

57.826771653543304 375.3070866141732 35.1496062992126 9.070866141732283 Reçu
79.93700787401575 375.3070866141732 26.362204724409448 9.070866141732283 de
93.25984251968504 375.3070866141732 26.362204724409448 9.070866141732283 la
106.2992125984252 375.3070866141732 39.68503937007874 9.070866141732283 somme
132.9448818897638 375.3070866141732 26.362204724409448 9.070866141732283 de
145.98425196850394 375.3070866141732 35.1496062992126 9.070866141732283 neuf
168.09448818897638 375.3070866141732 39.68503937007874 9.070866141732283 cents
194.45669291338584 375.3070866141732 43.93700787401575 9.070866141732283 livres
225.35433070866142 375.3070866141732 35.1496062992126 9.070866141732283 pour
247.46456692913387 375.3070866141732 39.68503937007874 9.070866141732283 trois
273.8267716535433 375.3070866141732 35.1496062992126 9.070866141732283 mois
295.93700787401576 375.3070866141732 26.362204724409448 9.070866141732283 de
308.9763779527559 375.3070866141732 30.89763779527559 9.070866141732283 ses
322.2992125984252 375.3070866141732 39.68503937007874 9.070866141732283 appoin-

47.90551181102362 384.37795275590554 50.74015748031496 8.78740157480315 tements
84.75590551181102 384.37795275590554 41.669291338582674 8.78740157480315 comme
112.53543307086615 384.37795275590554 60.09448818897638 8.78740157480315 capitaine
158.74015748031496 384.37795275590554 27.77952755905512 8.78740157480315 de
168.09448818897638 384.37795275590554 50.74015748031496 8.78740157480315 vaisseau.

31.748031496062993 394.2992125984252 28.346456692913385 10.488188976377952 31
45.92125984251968 394.2992125984252 89.5748031496063 10.488188976377952 Chifflet
121.32283464566929 394.2992125984252 89.5748031496063 10.488188976377952 (Jean-Jacques),
197.00787401574803 394.2992125984252 47.05511811023622 10.488188976377952 savant
229.88976377952756 394.2992125984252 51.874015748031496 10.488188976377952 médecin
267.59055118110234 394.2992125984252 28.346456692913385 10.488188976377952 et
281.76377952755905 394.2992125984252 61.22834645669291 10.488188976377952 historien
324.2834645669291 394.2992125984252 37.7007874015748 10.488188976377952 franc

46.488188976377955 404.503937007874 62.07874015748032 10.771653543307087 comtois,
92.97637795275591 404.503937007874 30.89763779527559 10.771653543307087 né
108.56692913385827 404.503937007874 25.79527559055118 10.771653543307087 à
118.77165354330708 404.503937007874 67.18110236220473 10.771653543307087 Besançon,
170.36220472440945 404.503937007874 41.38582677165354 10.771653543307087 mort
196.44094488188978 404.503937007874 30.89763779527559 10.771653543307087 en
211.748031496063 404.503937007874 46.488188976377955 10.771653543307087 1660.
242.9291338582677 404.503937007874 25.79527559055118 10.771653543307087 —
253.13385826771653 404.503937007874 30.89763779527559 10.771653543307087 L.
268.7244094488189 404.503937007874 30.89763779527559 10.771653543307087 a.
284.0314960629921 404.503937007874 36.28346456692913 10.771653543307087 s.;
299.62204724409446 404.503937007874 62.07874015748032 10.771653543307087 Bruxelles,

45.354330708661415 413.00787401574803 39.40157480314961 11.905511811023622 12
64.91338582677166 413.00787401574803 72.56692913385827 11.905511811023622 février
117.63779527559055 413.00787401574803 59.24409448818898 11.905511811023622 1632,
157.3228346456693 413.00787401574803 32.881889763779526 11.905511811023622 1
170.36220472440945 413.00787401574803 39.40157480314961 11.905511811023622 p.
190.20472440944883 413.00787401574803 72.56692913385827 11.905511811023622 in-fol.
242.9291338582677 413.00787401574803 105.44881889763779 11.905511811023622 Rare.
328.53543307086613 413.00787401574803 39.40157480314961 11.905511811023622 30
341.5748031496063 413.00787401574803 19.84251968503937 11.905511811023622 »

58.110236220472444 424.9133858267717 37.98425196850393 9.070866141732283 Belle
83.33858267716535 424.9133858267717 42.23622047244095 9.070866141732283 lettre
112.81889763779527 424.9133858267717 46.20472440944882 9.070866141732283 d’envoi
146.5511811023622 424.9133858267717 25.228346456692915 9.070866141732283 de
159.30708661417322 424.9133858267717 29.480314960629922 9.070866141732283 son
176.03149606299212 424.9133858267717 46.20472440944882 9.070866141732283 ouvrage
209.76377952755905 424.9133858267717 67.46456692913385 9.070866141732283 «Insignia
264.4724409448819 424.9133858267717 58.960629921259844 9.070866141732283 gentilitia
306.70866141732284 424.9133858267717 54.70866141732284 9.070866141732283 equitum

49.039370078740156 433.98425196850394 49.60629921259842 7.086614173228346 ordinis
88.15748031496064 433.98425196850394 42.51968503937008 7.086614173228346 Velleris
116.50393700787401 433.98425196850394 46.20472440944882 7.086614173228346 aurei».

31.46456692913386 443.90551181102364 26.64566929133858 10.488188976377952 32
44.78740157480315 443.90551181102364 80.22047244094489 10.488188976377952 Coitier
111.68503937007874 443.90551181102364 53.574803149606296 10.488188976377952 (Jacq.),
151.93700787401573 443.90551181102364 26.64566929133858 10.488188976377952 le
165.25984251968504 443.90551181102364 49.039370078740156 10.488188976377952 célèbre
200.9763779527559 443.90551181102364 49.039370078740156 10.488188976377952 médecin
236.69291338582678 443.90551181102364 26.64566929133858 10.488188976377952 de
250.01574803149606 443.90551181102364 40.25196850393701 10.488188976377952 Louis
276.66141732283467 443.90551181102364 31.181102362204726 10.488188976377952 XI,
294.5196850393701 443.90551181102364 26.64566929133858 10.488188976377952 né
307.84251968503935 443.90551181102364 26.64566929133858 10.488188976377952 en
316.9133858267717 443.90551181102364 44.503937007874015 10.488188976377952 Franche-

46.77165354330709 454.1102362204724 48.47244094488189 10.204724409448819 Comté,
80.78740157480316 454.1102362204724 38.83464566929134 10.204724409448819 mort
104.88188976377953 454.1102362204724 38.83464566929134 10.204724409448819 vers
129.25984251968504 454.1102362204724 43.653543307086615 10.204724409448819 1505.
158.17322834645668 454.1102362204724 24.094488188976378 10.204724409448819 —
167.81102362204723 454.1102362204724 38.83464566929134 10.204724409448819 Let.
192.18897637795277 454.1102362204724 38.83464566929134 10.204724409448819 sig.
216.28346456692913 454.1102362204724 38.83464566929134 10.204724409448819 avec
240.66141732283464 454.1102362204724 29.19685039370079 10.204724409448819 la
255.11811023622047 454.1102362204724 48.47244094488189 10.204724409448819 sousc.
289.13385826771656 454.1102362204724 43.653543307086615 10.204724409448819 aut.;
318.0472440944882 454.1102362204724 29.19685039370079 10.204724409448819 La
327.68503937007875 454.1102362204724 34.01574803149607 10.204724409448819 Motte

47.62204724409449 464.31496062992125 40.818897637795274 10.204724409448819 d’Egry
75.96850393700787 464.31496062992125 53.00787401574803 10.204724409448819 (Loiret),
116.78740157480316 464.31496062992125 24.37795275590551 10.204724409448819 14
128.9763779527559 464.31496062992125 36.56692913385827 10.204724409448819 juil.
153.35433070866142 464.31496062992125 44.78740157480315 10.204724409448819 (1480),
185.95275590551182 464.31496062992125 20.409448818897637 10.204724409448819 1
193.88976377952756 464.31496062992125 24.37795275590551 10.204724409448819 p.
206.36220472440945 464.31496062992125 36.56692913385827 10.204724409448819 in-4.
230.74015748031496 464.31496062992125 44.78740157480315 10.204724409448819 Montée.
263.0551181102362 464.31496062992125 85.32283464566929 10.204724409448819 Très-rare.
336.4724409448819 464.31496062992125 28.346456692913385 10.204724409448819 110
348.66141732283467 464.31496062992125 12.188976377952756 10.204724409448819 »

57.826771653543304 474.5196850393701 26.078740157480315 9.070866141732283 Il
70.86614173228347 474.5196850393701 47.90551181102362 9.070866141732283 annonce
105.44881889763779 474.5196850393701 30.330708661417322 9.070866141732283 que
122.74015748031496 474.5196850393701 26.078740157480315 9.070866141732283 le
135.7795275590551 474.5196850393701 30.330708661417322 9.070866141732283 roi
153.35433070866142 474.5196850393701 30.330708661417322 9.070866141732283 lui
170.64566929133858 474.5196850393701 21.826771653543307 9.070866141732283 a
179.43307086614172 474.5196850393701 39.118110236220474 9.070866141732283 donné
205.51181102362204 474.5196850393701 26.078740157480315 9.070866141732283 en
218.26771653543307 474.5196850393701 60.661417322834644 9.070866141732283 récompense
266.1732283464567 474.5196850393701 30.330708661417322 9.070866141732283 des
283.46456692913387 474.5196850393701 34.86614173228347 9.070866141732283 cinq
305.29133858267716 474.5196850393701 39.118110236220474 9.070866141732283 cents
326.8346456692913 474.5196850393701 34.86614173228347 9.070866141732283 livres

47.90551181102362 483.3070866141732 53.85826771653543 9.070866141732283 tournois
88.15748031496064 483.3070866141732 35.71653543307087 9.070866141732283 «que
110.55118110236221 483.3070866141732 26.929133858267715 9.070866141732283 je
124.15748031496064 483.3070866141732 44.78740157480315 9.070866141732283 dévoyé
155.33858267716536 483.3070866141732 40.25196850393701 9.070866141732283 avoir
182.26771653543307 483.3070866141732 26.929133858267715 9.070866141732283 et
195.8740157480315 483.3070866141732 49.32283464566929 9.070866141732283 prandre
231.59055118110237 483.3070866141732 31.46456692913386 9.070866141732283 sur
249.4488188976378 483.3070866141732 49.32283464566929 9.070866141732283 Arnault
285.1653543307087 483.3070866141732 58.110236220472444 9.070866141732283 Luillier,
325.7007874015748 483.3070866141732 35.71653543307087 9.070866141732283 tréso-

47.338582677165356 492.37795275590554 37.98425196850393 8.78740157480315 rier
71.14960629921259 492.37795275590554 28.62992125984252 8.78740157480315 de
85.32283464566929 492.37795275590554 76.25196850393701 8.78740157480315 Carcassonne,
147.4015748031496 492.37795275590554 28.62992125984252 8.78740157480315 la
161.5748031496063 492.37795275590554 47.62204724409449 8.78740157480315 moitié
195.0236220472441 492.37795275590554 28.62992125984252 8.78740157480315 de
209.1968503937008 492.37795275590554 28.62992125984252 8.78740157480315 la
223.37007874015748 492.37795275590554 42.803149606299215 8.78740157480315 somme
252.0 492.37795275590554 28.62992125984252 8.78740157480315 de
266.1732283464567 492.37795275590554 52.44094488188976 8.78740157480315 deniers
304.4409448818898 492.37795275590554 33.16535433070866 8.78740157480315 que
323.43307086614175 492.37795275590554 37.98425196850393 8.78740157480315 peut
342.4251968503937 492.37795275590554 18.992125984251967 8.78740157480315 ou

46.77165354330709 501.1653543307087 49.889763779527556 8.78740157480315 pourra
81.92125984251969 501.1653543307087 49.889763779527556 8.78740157480315 devoir
116.78740157480316 501.1653543307087 59.811023622047244 8.78740157480315 Anthoine
161.5748031496063 501.1653543307087 64.91338582677166 8.78740157480315 Riboteau,
211.46456692913387 501.1653543307087 64.91338582677166 8.78740157480315 demeurant
261.3543307086614 501.1653543307087 24.944881889763778 8.78740157480315 à
271.2755905511811 501.1653543307087 59.811023622047244 8.78740157480315 Langres,
316.34645669291336 501.1653543307087 49.889763779527556 8.78740157480315 commis
346.1102362204724 501.1653543307087 15.023622047244094 8.78740157480315 à

47.05511811023622 510.23622047244095 79.65354330708661 8.78740157480315 recevoir.....
112.81889763779527 510.23622047244095 28.062992125984252 8.78740157480315 le
126.99212598425197 510.23622047244095 56.40944881889764 8.78740157480315 payement
169.22834645669292 510.23622047244095 32.881889763779526 8.78740157480315 des
187.93700787401573 510.23622047244095 42.23622047244095 8.78740157480315 frans
216.0 510.23622047244095 56.40944881889764 8.78740157480315 archiers
258.23622047244095 510.23622047244095 28.062992125984252 8.78740157480315 de
272.40944881889766 510.23622047244095 65.76377952755905 8.78740157480315 Champaigne
324.0 510.23622047244095 28.062992125984252 8.78740157480315 et
333.3543307086614 510.23622047244095 28.062992125984252 8.78740157480315 pays

47.05511811023622 519.0236220472441 60.09448818897638 8.503937007874017 d’environ
93.25984251968504 519.0236220472441 46.20472440944882 8.503937007874017 estans
125.5748031496063 519.0236220472441 41.669291338582674 8.503937007874017 soulz
153.35433070866142 519.0236220472441 27.77952755905512 8.503937007874017 la
167.24409448818898 519.0236220472441 46.20472440944882 8.503937007874017 charge
199.55905511811022 519.0236220472441 27.77952755905512 8.503937007874017 de
213.4488188976378 519.0236220472441 27.77952755905512 8.503937007874017 M.
227.33858267716536 519.0236220472441 27.77952755905512 8.503937007874017 de
241.22834645669292 519.0236220472441 78.51968503937007 8.503937007874017 Baudricourt.»
305.8582677165354 519.0236220472441 27.77952755905512 8.503937007874017 Le
319.748031496063 519.0236220472441 32.31496062992126 8.503937007874017 roi
333.6377952755906 519.0236220472441 27.77952755905512 8.503937007874017 leur

47.05511811023622 527.8110236220473 37.98425196850393 9.070866141732283 écrit
72.56692913385827 527.8110236220473 33.732283464566926 9.070866141732283 pour
93.54330708661418 527.8110236220473 37.98425196850393 9.070866141732283 viser
119.05511811023622 527.8110236220473 29.480314960629922 9.070866141732283 les
135.7795275590551 527.8110236220473 46.488188976377955 9.070866141732283 comptes
169.51181102362204 527.8110236220473 25.228346456692915 9.070866141732283 du
182.26771653543307 527.8110236220473 29.480314960629922 9.070866141732283 dit
199.2755905511811 527.8110236220473 50.74015748031496 9.070866141732283 Riboteau
237.25984251968504 527.8110236220473 25.228346456692915 9.070866141732283 et
250.01574803149606 527.8110236220473 59.24409448818898 9.070866141732283 satisfaire
292.251968503937 527.8110236220473 42.23622047244095 9.070866141732283 Coitier.

31.181102362204726 538.0157480314961 27.77952755905512 10.204724409448819 33
45.07086614173228 538.0157480314961 64.91338582677166 10.204724409448819 Colbert
96.09448818897638 538.0157480314961 27.77952755905512 10.204724409448819 de
109.98425196850394 538.0157480314961 79.08661417322834 10.204724409448819 Seignelay
175.1811023622047 538.0157480314961 55.84251968503937 10.204724409448819 (J.-B.),
216.8503937007874 538.0157480314961 51.023622047244096 10.204724409448819 célèbre
253.98425196850394 538.0157480314961 55.84251968503937 10.204724409448819 ministre
295.93700787401576 538.0157480314961 27.77952755905512 10.204724409448819 de
309.8267716535433 538.0157480314961 27.77952755905512 10.204724409448819 la
319.18110236220474 538.0157480314961 41.669291338582674 10.204724409448819 marine,

45.63779527559055 547.9370078740158 40.818897637795274 10.204724409448819 fils
71.14960629921259 547.9370078740158 30.614173228346456 10.204724409448819 du
86.45669291338582 547.9370078740158 45.92125984251968 10.204724409448819 grand
116.78740157480316 547.9370078740158 60.94488188976378 10.204724409448819 Colbert,
162.70866141732284 547.9370078740158 30.614173228346456 10.204724409448819 né
178.01574803149606 547.9370078740158 30.614173228346456 10.204724409448819 en
193.3228346456693 547.9370078740158 45.92125984251968 10.204724409448819 1651,
223.6535433070866 547.9370078740158 40.818897637795274 10.204724409448819 mort
249.16535433070865 547.9370078740158 30.614173228346456 10.204724409448819 en
264.4724409448819 547.9370078740158 45.92125984251968 10.204724409448819 1690.
295.0866141732283 547.9370078740158 25.511811023622048 10.204724409448819 —
305.29133858267716 547.9370078740158 30.614173228346456 10.204724409448819 L.
320.31496062992125 547.9370078740158 30.614173228346456 10.204724409448819 a.
335.62204724409446 547.9370078740158 30.614173228346456 10.204724409448819 s.
345.8267716535433 547.9370078740158 15.307086614173228 10.204724409448819 à

45.354330708661415 558.1417322834645 36.8503937007874 10.488188976377952 Mme
66.61417322834646 558.1417322834645 31.46456692913386 10.488188976377952 de
82.20472440944881 558.1417322834645 63.21259842519685 10.488188976377952 Barillon
129.54330708661416 558.1417322834645 52.724409448818896 10.488188976377952 (femme
166.39370078740157 558.1417322834645 31.46456692913386 10.488188976377952 de
182.26771653543307 558.1417322834645 89.5748031496063 10.488188976377952 l’ambassadeur
255.96850393700788 558.1417322834645 31.46456692913386 10.488188976377952 de
271.5590551181102 558.1417322834645 52.724409448818896 10.488188976377952 France
308.40944881889766 558.1417322834645 31.46456692913386 10.488188976377952 en
319.18110236220474 558.1417322834645 41.95275590551181 10.488188976377952 Angle-

43.08661417322835 568.3464566929134 87.30708661417323 10.488188976377952 terre);
106.58267716535433 568.3464566929134 39.68503937007874 10.488188976377952 8
122.45669291338582 568.3464566929134 55.55905511811024 10.488188976377952 mai
154.20472440944883 568.3464566929134 71.43307086614173 10.488188976377952 1688,
201.82677165354332 568.3464566929134 39.68503937007874 10.488188976377952 1
217.41732283464566 568.3464566929134 47.62204724409449 10.488188976377952 p.
241.22834645669292 568.3464566929134 55.55905511811024 10.488188976377952 1/2
272.9763779527559 568.3464566929134 71.43307086614173 10.488188976377952 in-8.
320.59842519685037 568.3464566929134 47.62204724409449 10.488188976377952 22
336.4724409448819 568.3464566929134 23.811023622047244 10.488188976377952 »

57.54330708661417 578.8346456692914 28.346456692913385 8.503937007874017 Le
71.71653543307086 578.8346456692914 33.16535433070866 8.503937007874017 roi
90.70866141732283 578.8346456692914 56.976377952755904 8.503937007874017 approuve
133.51181102362204 578.8346456692914 28.346456692913385 8.503937007874017 le
147.68503937007873 578.8346456692914 47.338582677165356 8.503937007874017 voyage
180.8503937007874 578.8346456692914 28.346456692913385 8.503937007874017 de
195.0236220472441 578.8346456692914 33.16535433070866 8.503937007874017 Mme
214.01574803149606 578.8346456692914 28.346456692913385 8.503937007874017 de
228.18897637795277 578.8346456692914 56.976377952755904 8.503937007874017 Barillon
270.70866141732284 578.8346456692914 28.346456692913385 8.503937007874017 en
285.1653543307087 578.8346456692914 71.14960629921259 8.503937007874017 Angleterre.
337.03937007874015 578.8346456692914 23.811023622047244 8.503937007874017 «Je

47.62204724409449 587.6220472440945 52.724409448818896 8.78740157480315 voudrais
87.30708661417323 587.6220472440945 35.1496062992126 8.78740157480315 bien
109.41732283464567 587.6220472440945 39.68503937007874 8.78740157480315 qu’il
135.7795275590551 587.6220472440945 61.511811023622045 8.78740157480315 approuvast
183.96850393700788 587.6220472440945 39.68503937007874 8.78740157480315 aussy
210.33070866141733 587.6220472440945 35.1496062992126 8.78740157480315 bien
232.44094488188978 587.6220472440945 43.93700787401575 8.78740157480315 vostre
263.0551181102362 587.6220472440945 43.93700787401575 8.78740157480315 retour
289.4173228346457 587.6220472440945 30.89763779527559 8.78740157480315 icy».
