403.65354330708664 636.3779527559055
183.68503937007873 17.858267716535433 32.881889763779526 7.653543307086614 —
196.7244094488189 17.858267716535433 32.881889763779526 7.653543307086614 2
203.24409448818898 17.858267716535433 19.84251968503937 7.653543307086614 —

57.54330708661417 39.118110236220474 46.20472440944882 10.204724409448819 Grimod
89.85826771653544 39.118110236220474 27.77952755905512 10.204724409448819 de
103.74803149606299 39.118110236220474 27.77952755905512 10.204724409448819 la
117.63779527559055 39.118110236220474 55.55905511811024 10.204724409448819 Reynière
159.30708661417322 39.118110236220474 41.669291338582674 10.204724409448819 dédia
187.08661417322836 39.118110236220474 32.31496062992126 10.204724409448819 son
205.51181102362204 39.118110236220474 69.44881889763779 10.204724409448819 Almanach
261.07086614173227 39.118110236220474 32.31496062992126 10.204724409448819 des
279.496062992126 39.118110236220474 83.33858267716535 10.204724409448819 Gourmands,
348.9448818897638 39.118110236220474 27.77952755905512 10.204724409448819 né
358.2992125984252 39.118110236220474 13.88976377952756 10.204724409448819 à

57.25984251968504 49.32283464566929 79.93700787401575 10.488188976377952 Montpellier.
122.1732283464567 49.32283464566929 24.944881889763778 10.488188976377952 —
132.09448818897638 49.32283464566929 30.04724409448819 10.488188976377952 L.
147.11811023622047 49.32283464566929 30.04724409448819 10.488188976377952 a.
162.14173228346456 49.32283464566929 30.04724409448819 10.488188976377952 s.
177.16535433070865 49.32283464566929 30.04724409448819 10.488188976377952 au
192.18897637795277 49.32283464566929 44.78740157480315 10.488188976377952 comte
221.95275590551182 49.32283464566929 59.811023622047244 10.488188976377952 Frochot;
266.74015748031496 49.32283464566929 49.889763779527556 10.488188976377952 Paris,
301.8897637795276 49.32283464566929 30.04724409448819 10.488188976377952 10
316.62992125984255 49.32283464566929 39.968503937007874 10.488188976377952 oct.
336.755905511811 49.32283464566929 34.86614173228347 10.488188976377952 1812,

46.77165354330709 59.52755905511811 81.07086614173228 10.204724409448819 1
79.08661417322834 59.52755905511811 97.51181102362204 10.204724409448819 p.
127.84251968503936 59.52755905511811 129.82677165354332 10.204724409448819 pet.
208.91338582677164 59.52755905511811 145.98425196850394 10.204724409448819 in-4.
306.4251968503937 59.52755905511811 81.07086614173228 10.204724409448819 6
322.5826771653543 59.52755905511811 48.75590551181102 10.204724409448819 »

47.338582677165356 69.44881889763779 23.244094488188978 10.204724409448819 4
56.40944881889764 69.44881889763779 92.69291338582677 10.204724409448819 Aiguillon
135.21259842519686 69.44881889763779 32.31496062992126 10.204724409448819 (le
153.63779527559055 69.44881889763779 32.31496062992126 10.204724409448819 duc
172.3464566929134 69.44881889763779 37.13385826771653 10.204724409448819 d'),
195.30708661417322 69.44881889763779 46.20472440944882 10.204724409448819 fameux
227.90551181102362 69.44881889763779 55.55905511811024 10.204724409448819 ministre
269.5748031496063 69.44881889763779 27.77952755905512 10.204724409448819 de
283.46456692913387 69.44881889763779 41.669291338582674 10.204724409448819 Louis
311.244094488189 69.44881889763779 32.31496062992126 10.204724409448819 XV,
325.13385826771656 69.44881889763779 46.20472440944882 10.204724409448819 créature

56.69291338582677 79.93700787401575 30.614173228346456 10.488188976377952 de
72.0 79.93700787401575 30.614173228346456 10.488188976377952 la
87.30708661417323 79.93700787401575 30.614173228346456 10.488188976377952 Du
102.33070866141732 79.93700787401575 50.74015748031496 10.488188976377952 Barry.
138.04724409448818 79.93700787401575 25.511811023622048 10.488188976377952 —
148.251968503937 79.93700787401575 30.614173228346456 10.488188976377952 L.
163.2755905511811 79.93700787401575 30.614173228346456 10.488188976377952 a.
178.58267716535434 79.93700787401575 35.43307086614173 10.488188976377952 s.;
198.99212598425197 79.93700787401575 55.84251968503937 10.488188976377952 Rennes,
239.5275590551181 79.93700787401575 25.511811023622048 10.488188976377952 8
249.73228346456693 79.93700787401575 60.94488188976378 10.488188976377952 décembre
295.37007874015745 79.93700787401575 45.63779527559055 10.488188976377952 1756,
325.98425196850394 79.93700787401575 25.511811023622048 10.488188976377952 2
336.18897637795277 79.93700787401575 30.614173228346456 10.488188976377952 p.
346.1102362204724 79.93700787401575 25.511811023622048 10.488188976377952 1/2

31.46456692913386 90.14173228346456 277.79527559055117 7.937007874015748 in-4.
216.8503937007874 90.14173228346456 185.10236220472441 7.937007874015748 20
278.3622047244094 90.14173228346456 92.69291338582677 7.937007874015748 »

67.46456692913385 100.06299212598425 45.354330708661415 8.78740157480315 Lettre
99.21259842519684 100.06299212598425 63.496062992125985 8.78740157480315 historique
149.10236220472441 100.06299212598425 45.354330708661415 8.78740157480315 écrite
180.8503937007874 100.06299212598425 40.818897637795274 8.78740157480315 comme
208.06299212598427 100.06299212598425 63.496062992125985 8.78740157480315 gouverneur
257.6692913385827 100.06299212598425 27.212598425196852 8.78740157480315 de
271.2755905511811 100.06299212598425 58.960629921259844 8.78740157480315 Bretagne.
316.62992125984255 100.06299212598425 27.212598425196852 8.78740157480315 Il
330.23622047244095 100.06299212598425 40.818897637795274 8.78740157480315 vient
352.9133858267717 100.06299212598425 18.141732283464567 8.78740157480315 de

56.976377952755904 109.13385826771653 47.62204724409449 9.070866141732283 mettre
90.4251968503937 109.13385826771653 33.16535433070866 9.070866141732283 les
109.41732283464567 109.13385826771653 42.803149606299215 9.070866141732283 côtes
138.04724409448818 109.13385826771653 28.62992125984252 9.070866141732283 en
152.2204724409449 109.13385826771653 37.98425196850393 9.070866141732283 état
176.03149606299212 109.13385826771653 28.62992125984252 9.070866141732283 de
190.20472440944883 109.13385826771653 56.976377952755904 9.070866141732283 défense,
233.00787401574803 109.13385826771653 28.62992125984252 9.070866141732283 au
247.46456692913387 109.13385826771653 33.16535433070866 9.070866141732283 cas
266.45669291338584 109.13385826771653 37.98425196850393 9.070866141732283 d’un
290.26771653543307 109.13385826771653 76.25196850393701 9.070866141732283 débarquement
347.244094488189 109.13385826771653 23.811023622047244 9.070866141732283 des

56.976377952755904 117.92125984251969 54.70866141732284 9.070866141732283 Anglais;
97.79527559055119 117.92125984251969 27.212598425196852 9.070866141732283 on
111.68503937007874 117.92125984251969 41.10236220472441 9.070866141732283 croit
138.89763779527559 117.92125984251969 31.748031496062993 9.070866141732283 que
157.03937007874015 117.92125984251969 27.212598425196852 9.070866141732283 M.
170.64566929133858 117.92125984251969 27.212598425196852 9.070866141732283 de
184.53543307086613 117.92125984251969 27.212598425196852 9.070866141732283 la
198.14173228346456 117.92125984251969 50.173228346456696 9.070866141732283 Tullaye
234.4251968503937 117.92125984251969 22.677165354330707 9.070866141732283 a
243.49606299212599 117.92125984251969 45.63779527559055 9.070866141732283 quitté
275.5275590551181 117.92125984251969 41.10236220472441 9.070866141732283 Brest
302.74015748031496 117.92125984251969 36.28346456692913 9.070866141732283 pour
325.4173228346457 117.92125984251969 27.212598425196852 9.070866141732283 se
334.7716535433071 117.92125984251969 36.28346456692913 9.070866141732283 rendre

56.69291338582677 126.70866141732283 31.46456692913386 8.78740157480315 aux
74.83464566929133 126.70866141732283 40.53543307086614 8.78740157480315 Etats
101.76377952755905 126.70866141732283 26.929133858267715 8.78740157480315 de
115.08661417322834 126.70866141732283 26.929133858267715 8.78740157480315 la
128.69291338582678 126.70866141732283 53.85826771653543 8.78740157480315 province
168.9448818897638 126.70866141732283 26.929133858267715 8.78740157480315 et
182.5511811023622 126.70866141732283 58.39370078740158 8.78740157480315 inspecter
227.33858267716536 126.70866141732283 31.46456692913386 8.78740157480315 les
245.1968503937008 126.70866141732283 58.39370078740158 8.78740157480315 batteries
290.26771653543307 126.70866141732283 26.929133858267715 8.78740157480315 de
303.59055118110234 126.70866141732283 26.929133858267715 8.78740157480315 la
317.1968503937008 126.70866141732283 40.53543307086614 8.78740157480315 côte;
344.12598425196853 126.70866141732283 26.929133858267715 8.78740157480315 M.
353.1968503937008 126.70866141732283 17.858267716535433 8.78740157480315 Du

56.976377952755904 135.7795275590551 34.58267716535433 8.78740157480315 Guay
78.51968503937007 135.7795275590551 21.543307086614174 8.78740157480315 a
87.02362204724409 135.7795275590551 43.08661417322835 8.78740157480315 besoin
117.35433070866142 135.7795275590551 21.543307086614174 8.78740157480315 à
125.85826771653544 135.7795275590551 60.37795275590551 8.78740157480315 Saint-Malo
173.1968503937008 135.7795275590551 34.58267716535433 8.78740157480315 d'un
194.74015748031496 135.7795275590551 51.59055118110236 8.78740157480315 officier
233.5748031496063 135.7795275590551 64.62992125984252 8.78740157480315 intelligent
285.1653543307087 135.7795275590551 34.58267716535433 8.78740157480315 pour
306.70866141732284 135.7795275590551 60.37795275590551 8.78740157480315 surveiller
349.79527559055117 135.7795275590551 21.543307086614174 8.78740157480315 les

56.976377952755904 144.56692913385828 57.54330708661417 9.070866141732283 armements
101.48031496062993 144.56692913385828 30.89763779527559 9.070866141732283 des
119.05511811023622 144.56692913385828 62.07874015748032 9.070866141732283 corsaires,
167.81102362204723 144.56692913385828 26.64566929133858 9.070866141732283 et
181.13385826771653 144.56692913385828 26.64566929133858 9.070866141732283 la
194.45669291338584 144.56692913385828 70.86614173228347 9.070866141732283 construction
252.0 144.56692913385828 30.89763779527559 9.070866141732283 des
269.8582677165354 144.56692913385828 48.75590551181102 9.070866141732283 bateaux
305.29133858267716 144.56692913385828 44.22047244094488 9.070866141732283 plats;
336.18897637795277 144.56692913385828 26.64566929133858 9.070866141732283 il
344.9763779527559 144.56692913385828 26.64566929133858 9.070866141732283 pro-

57.826771653543304 153.63779527559055 33.44881889763779 8.78740157480315 pose
78.80314960629921 153.63779527559055 24.944881889763778 8.78740157480315 le
91.2755905511811 153.63779527559055 54.425196850393704 8.78740157480315 chevalier
132.9448818897638 153.63779527559055 24.944881889763778 8.78740157480315 de
141.4488188976378 153.63779527559055 45.92125984251968 8.78740157480315 Monteils.

46.77165354330709 163.55905511811022 22.11023622047244 10.488188976377952 5
55.84251968503937 163.55905511811022 89.00787401574803 10.488188976377952 Amblimont
131.24409448818898 163.55905511811022 57.826771653543304 10.488188976377952 (T.-C.-B.
175.748031496063 163.55905511811022 26.64566929133858 10.488188976377952 de
189.0708661417323 163.55905511811022 102.33070866141732 10.488188976377952 Fuschamberg,
278.0787401574803 163.55905511811022 48.75590551181102 10.488188976377952 marquis
313.51181102362204 163.55905511811022 35.43307086614173 10.488188976377952 d’),
331.37007874015745 163.55905511811022 39.968503937007874 10.488188976377952 célèbre

56.40944881889764 173.76377952755905 48.75590551181102 10.488188976377952 marin
89.00787401574803 173.76377952755905 32.59842519685039 10.488188976377952 du
105.16535433070867 173.76377952755905 54.14173228346457 10.488188976377952 siècle
143.1496062992126 173.76377952755905 32.59842519685039 10.488188976377952 de
159.59055118110237 173.76377952755905 48.75590551181102 10.488188976377952 Louis
191.90551181102362 173.76377952755905 43.37007874015748 10.488188976377952 XIV,
219.11811023622047 173.76377952755905 75.96850393700787 10.488188976377952 gouverneur
278.92913385826773 173.76377952755905 32.59842519685039 10.488188976377952 de
295.0866141732283 173.76377952755905 32.59842519685039 10.488188976377952 la
305.8582677165354 173.76377952755905 65.19685039370079 10.488188976377952 Martinique

55.84251968503937 183.96850393700788 50.74015748031496 12.472440944881889 qu’il
89.5748031496063 183.96850393700788 67.46456692913385 12.472440944881889 défendit
140.31496062992127 183.96850393700788 56.40944881889764 12.472440944881889 contre
179.71653543307087 183.96850393700788 56.40944881889764 12.472440944881889 Ruyter
219.11811023622047 183.96850393700788 33.732283464566926 12.472440944881889 en
236.1259842519685 183.96850393700788 50.74015748031496 12.472440944881889 1674,
269.8582677165354 183.96850393700788 73.13385826771653 12.472440944881889 compagnon
320.59842519685037 183.96850393700788 50.74015748031496 12.472440944881889 d’armes

56.40944881889764 194.17322834645668 36.28346456692913 9.354330708661417 rie
77.10236220472441 194.17322834645668 41.38582677165354 9.354330708661417 Jean
102.89763779527559 194.17322834645668 46.488188976377955 9.354330708661417 Bart.
133.79527559055117 194.17322834645668 30.89763779527559 9.354330708661417 né
149.38582677165354 194.17322834645668 41.38582677165354 9.354330708661417 dans
175.1811023622047 194.17322834645668 36.28346456692913 9.354330708661417 les
195.8740157480315 194.17322834645668 62.07874015748032 9.354330708661417 Ardennes
242.36220472440945 194.17322834645668 30.89763779527559 9.354330708661417 en
257.9527559055118 194.17322834645668 46.488188976377955 9.354330708661417 1642,
288.8503937007874 194.17322834645668 41.38582677165354 9.354330708661417 mort
314.6456692913386 194.17322834645668 30.89763779527559 9.354330708661417 en
330.23622047244095 194.17322834645668 46.488188976377955 9.354330708661417 1700.
356.0314960629921 194.17322834645668 15.590551181102363 9.354330708661417 —

56.69291338582677 204.3779527559055 47.05511811023622 10.204724409448819 Quit.
87.8740157480315 204.3779527559055 41.95275590551181 10.204724409448819 sig.
113.95275590551181 204.3779527559055 41.95275590551181 10.204724409448819 avec
140.31496062992127 204.3779527559055 26.078740157480315 10.204724409448819 5
150.51968503937007 204.3779527559055 41.95275590551181 10.204724409448819 lig.
176.88188976377953 204.3779527559055 41.95275590551181 10.204724409448819 aut.
202.96062992125985 204.3779527559055 36.56692913385827 10.204724409448819 sur
223.93700787401573 204.3779527559055 52.15748031496063 10.204724409448819 vélin;
260.503937007874 204.3779527559055 47.05511811023622 10.204724409448819 1693,
291.68503937007875 204.3779527559055 26.078740157480315 10.204724409448819 2
302.1732283464567 204.3779527559055 31.46456692913386 10.204724409448819 p.
318.0472440944882 204.3779527559055 41.95275590551181 10.204724409448819 in-8
338.74015748031496 204.3779527559055 31.46456692913386 10.204724409448819 obl.

44.22047244094488 214.29921259842519 290.8346456692913 8.220472440944881 Rare.
280.34645669291336 214.29921259842519 109.13385826771653 8.220472440944881 20
316.9133858267717 214.29921259842519 54.425196850393704 8.220472440944881 »

46.488188976377955 224.50393700787401 25.79527559055118 10.488188976377952 6
56.69291338582677 224.50393700787401 56.69291338582677 10.488188976377952 Anne
98.07874015748031 224.50393700787401 98.07874015748031 10.488188976377952 d’Autriche,
180.56692913385828 224.50393700787401 46.488188976377955 10.488188976377952 reine
211.748031496063 224.50393700787401 30.89763779527559 10.488188976377952 de
227.0551181102362 224.50393700787401 56.69291338582677 10.488188976377952 France.
268.4409448818898 224.50393700787401 25.79527559055118 10.488188976377952 —
278.6456692913386 224.50393700787401 41.38582677165354 10.488188976377952 Let.
304.4409448818898 224.50393700787401 41.38582677165354 10.488188976377952 sig.
330.23622047244095 224.50393700787401 41.38582677165354 10.488188976377952 avec
350.92913385826773 224.50393700787401 20.69291338582677 10.488188976377952 la

56.69291338582677 234.70866141732284 76.25196850393701 10.204724409448819 souscription
118.77165354330708 234.70866141732284 38.267716535433074 10.204724409448819 aut.
142.58267716535434 234.70866141732284 28.62992125984252 10.204724409448819 (à
156.75590551181102 234.70866141732284 71.43307086614173 10.204724409448819 l’Electrice
214.01574803149606 234.70866141732284 28.62992125984252 10.204724409448819 de
228.4724409448819 234.70866141732284 85.88976377952756 10.204724409448819 Hesse-Cassel);
299.90551181102364 234.70866141732284 47.62204724409449 10.204724409448819 Paris,
333.07086614173227 234.70866141732284 28.62992125984252 10.204724409448819 13
342.70866141732284 234.70866141732284 28.62992125984252 10.204724409448819 juin

51.023622047244096 244.91338582677164 106.86614173228347 10.204724409448819 1651,
122.1732283464567 244.91338582677164 59.24409448818898 10.204724409448819 1
145.98425196850394 244.91338582677164 71.14960629921259 10.204724409448819 p.
181.70078740157481 244.91338582677164 59.24409448818898 10.204724409448819 1
205.51181102362204 244.91338582677164 71.14960629921259 10.204724409448819 /2
240.9448818897638 244.91338582677164 106.86614173228347 10.204724409448819 in-f.
312.37795275590554 244.91338582677164 71.14960629921259 10.204724409448819 40
335.90551181102364 244.91338582677164 35.71653543307087 10.204724409448819 »

68.03149606299213 254.83464566929135 37.98425196850393 9.070866141732283 Belle
93.25984251968504 254.83464566929135 42.23622047244095 9.070866141732283 lettre
122.74015748031496 254.83464566929135 58.960629921259844 9.070866141732283 historique
169.22834645669292 254.83464566929135 29.480314960629922 9.070866141732283 par
186.23622047244095 254.83464566929135 50.45669291338583 9.070866141732283 laquelle
223.93700787401573 254.83464566929135 33.732283464566926 9.070866141732283 elle
245.1968503937008 254.83464566929135 50.45669291338583 9.070866141732283 s’engage
283.18110236220474 254.83464566929135 20.976377952755904 9.070866141732283 à
291.40157480314963 254.83464566929135 29.480314960629922 9.070866141732283 lui
308.40944881889766 254.83464566929135 37.98425196850393 9.070866141732283 payer
333.6377952755906 254.83464566929135 25.228346456692915 9.070866141732283 le
342.1417322834646 254.83464566929135 29.480314960629922 9.070866141732283 reste

57.25984251968504 263.90551181102364 32.881889763779526 8.78740157480315 des
76.25196850393701 263.90551181102364 56.40944881889764 8.78740157480315 subsides
118.48818897637796 263.90551181102364 32.881889763779526 8.78740157480315 qui
137.1968503937008 263.90551181102364 32.881889763779526 8.78740157480315 lui
155.90551181102362 263.90551181102364 37.41732283464567 8.78740157480315 sont
179.43307086614172 263.90551181102364 32.881889763779526 8.78740157480315 dus
198.14173228346456 263.90551181102364 23.52755905511811 8.78740157480315 «
207.49606299212599 263.90551181102364 32.881889763779526 8.78740157480315 dès
226.20472440944883 263.90551181102364 32.881889763779526 8.78740157480315 que
244.91338582677164 263.90551181102364 28.062992125984252 8.78740157480315 je
259.0866141732283 263.90551181102364 46.77165354330709 8.78740157480315 verray
291.9685039370079 263.90551181102364 32.881889763779526 8.78740157480315 les
310.6771653543307 263.90551181102364 46.77165354330709 8.78740157480315 choses
338.74015748031496 263.90551181102364 32.881889763779526 8.78740157480315 mieux

57.25984251968504 272.6929133858268 58.67716535433071 9.070866141732283 establies,
103.46456692913385 272.6929133858268 20.976377952755904 9.070866141732283 à
111.68503937007874 272.6929133858268 33.44881889763779 9.070866141732283 quoy
132.66141732283464 272.6929133858268 25.228346456692915 9.070866141732283 je
145.41732283464566 272.6929133858268 54.425196850393704 9.070866141732283 travaille
187.37007874015748 272.6929133858268 67.18110236220473 9.070866141732283 incessamment
241.79527559055117 272.6929133858268 25.228346456692915 9.070866141732283 ».
254.26771653543307 272.6929133858268 29.19685039370079 9.070866141732283 (On
270.99212598425197 272.6929133858268 33.44881889763779 9.070866141732283 sait
291.9685039370079 272.6929133858268 29.19685039370079 9.070866141732283 que
308.6929133858268 272.6929133858268 62.92913385826772 9.070866141732283 l’Electrice
354.8976377952756 272.6929133858268 16.724409448818896 9.070866141732283 de

56.69291338582677 281.76377952755905 70.86614173228347 9.070866141732283 Hesse-Cassel
114.51968503937007 281.76377952755905 39.968503937007874 9.070866141732283 resta
140.88188976377953 281.76377952755905 44.22047244094488 9.070866141732283 fidèle
172.06299212598427 281.76377952755905 22.11023622047244 9.070866141732283 à
180.8503937007874 281.76377952755905 26.64566929133858 9.070866141732283 la
194.17322834645668 281.76377952755905 44.22047244094488 9.070866141732283 France
225.0708661417323 281.76377952755905 44.22047244094488 9.070866141732283 durant
256.251968503937 281.76377952755905 26.64566929133858 9.070866141732283 la
269.5748031496063 281.76377952755905 44.22047244094488 9.070866141732283 guerre
300.4724409448819 281.76377952755905 26.64566929133858 9.070866141732283 de
313.79527559055117 281.76377952755905 44.22047244094488 9.070866141732283 Trente
340.4409448818898 281.76377952755905 30.89763779527559 9.070866141732283 ans.)

47.05511811023622 293.1023622047244 25.228346456692915 10.204724409448819 7
57.25984251968504 293.1023622047244 81.07086614173228 10.204724409448819 Anne,
123.02362204724409 293.1023622047244 45.63779527559055 10.204724409448819 reine
153.63779527559055 293.1023622047244 30.330708661417322 10.204724409448819 de
168.66141732283464 293.1023622047244 60.94488188976378 10.204724409448819 Pologne,
214.29921259842519 293.1023622047244 45.63779527559055 10.204724409448819 femme
244.91338582677164 293.1023622047244 66.04724409448819 10.204724409448819 d’Etienne
295.65354330708664 293.1023622047244 60.94488188976378 10.204724409448819 Bathori,
336.18897637795277 293.1023622047244 35.43307086614173 10.204724409448819 fille

56.69291338582677 303.3070866141732 32.031496062992126 10.488188976377952 de
72.85039370078741 303.3070866141732 69.16535433070867 10.488188976377952 Sigismond
125.85826771653544 303.3070866141732 37.13385826771653 10.488188976377952 Ier
147.11811023622047 303.3070866141732 32.031496062992126 10.488188976377952 et
162.99212598425197 303.3070866141732 32.031496062992126 10.488188976377952 de
179.1496062992126 303.3070866141732 47.90551181102362 10.488188976377952 Bonne
210.89763779527559 303.3070866141732 58.39370078740158 10.488188976377952 Sforce,
253.41732283464566 303.3070866141732 47.90551181102362 10.488188976377952 morte
285.4488188976378 303.3070866141732 32.031496062992126 10.488188976377952 en
301.3228346456693 303.3070866141732 47.90551181102362 10.488188976377952 1596.
333.3543307086614 303.3070866141732 26.64566929133858 10.488188976377952 —
338.45669291338584 303.3070866141732 32.031496062992126 10.488188976377952 Let.

56.69291338582677 313.2283464566929 45.07086614173228 10.488188976377952 sig.,
86.74015748031496 313.2283464566929 30.04724409448819 10.488188976377952 en
101.76377952755905 313.2283464566929 49.889763779527556 10.488188976377952 latin,
136.62992125984252 313.2283464566929 30.04724409448819 10.488188976377952 au
151.6535433070866 313.2283464566929 34.86614173228347 10.488188976377952 roi
171.7795275590551 313.2283464566929 64.91338582677166 10.488188976377952 d’Espagne
221.66929133858267 313.2283464566929 60.09448818897638 10.488188976377952 Philippe
266.74015748031496 313.2283464566929 34.86614173228347 10.488188976377952 II;
286.5826771653543 313.2283464566929 64.91338582677166 10.488188976377952 Varsovie,
336.755905511811 313.2283464566929 30.04724409448819 10.488188976377952 16
346.6771653543307 313.2283464566929 24.944881889763778 10.488188976377952 fé-

56.125984251968504 323.43307086614175 48.75590551181102 10.488188976377952 vrier
88.44094488188976 323.43307086614175 48.75590551181102 10.488188976377952 1590,
121.03937007874016 323.43307086614175 26.929133858267715 10.488188976377952 1
131.81102362204723 323.43307086614175 32.59842519685039 10.488188976377952 p.
147.96850393700788 323.43307086614175 37.98425196850393 10.488188976377952 pl.
169.79527559055117 323.43307086614175 59.52755905511811 10.488188976377952 in-fol.
212.88188976377953 323.43307086614175 48.75590551181102 10.488188976377952 Sceau
245.48031496062993 323.43307086614175 86.45669291338582 10.488188976377952 parfaitement
310.3937007874016 323.43307086614175 59.52755905511811 10.488188976377952 conservé.

49.039370078740156 333.9212598425197 294.5196850393701 8.220472440944881 Très-rare.
301.3228346456693 333.9212598425197 84.18897637795276 8.220472440944881 50
329.38582677165357 333.9212598425197 41.95275590551181 8.220472440944881 »

67.18110236220473 343.84251968503935 49.32283464566929 9.070866141732283 Superbe
103.18110236220473 343.84251968503935 26.929133858267715 9.070866141732283 et
116.50393700787401 343.84251968503935 62.645669291338585 9.070866141732283 importante
165.82677165354332 343.84251968503935 49.32283464566929 9.070866141732283 lettre.
201.54330708661416 343.84251968503935 35.71653543307087 9.070866141732283 Elle
223.93700787401573 343.84251968503935 49.32283464566929 9.070866141732283 réclame
259.65354330708664 343.84251968503935 26.929133858267715 9.070866141732283 la
273.25984251968504 343.84251968503935 49.32283464566929 9.070866141732283 pension
308.9763779527559 343.84251968503935 31.46456692913386 9.070866141732283 qui
326.8346456692913 343.84251968503935 31.46456692913386 9.070866141732283 lui
344.6929133858268 343.84251968503935 22.393700787401574 9.070866141732283 a
349.2283464566929 343.84251968503935 22.393700787401574 9.070866141732283 été

57.25984251968504 352.34645669291336 53.00787401574803 9.354330708661417 assignée
97.22834645669292 352.34645669291336 30.89763779527559 9.354330708661417 sur
114.80314960629921 352.34645669291336 26.64566929133858 9.354330708661417 le
128.1259842519685 352.34645669291336 48.47244094488189 9.354330708661417 royaume
163.2755905511811 352.34645669291336 26.64566929133858 9.354330708661417 de
176.5984251968504 352.34645669291336 48.47244094488189 9.354330708661417 Naples.
212.03149606299212 352.34645669291336 35.43307086614173 9.354330708661417 Elle
234.14173228346456 352.34645669291336 39.68503937007874 9.354330708661417 avait
260.503937007874 352.34645669291336 48.47244094488189 9.354330708661417 accepté
295.93700787401576 352.34645669291336 26.64566929133858 9.354330708661417 il
309.25984251968504 352.34645669291336 22.11023622047244 9.354330708661417 y
318.0472440944882 352.34645669291336 22.11023622047244 9.354330708661417 a
326.8346456692913 352.34645669291336 35.43307086614173 9.354330708661417 huit
344.40944881889766 352.34645669291336 26.64566929133858 9.354330708661417 ans,

58.110236220472444 361.7007874015748 30.614173228346456 8.78740157480315 une
75.4015748031496 361.7007874015748 60.94488188976378 8.78740157480315 très-forte
123.30708661417323 361.7007874015748 60.94488188976378 8.78740157480315 réduction;
171.21259842519686 361.7007874015748 30.614173228346456 8.78740157480315 par
188.78740157480314 361.7007874015748 43.653543307086615 8.78740157480315 chaque
219.11811023622047 361.7007874015748 52.15748031496063 8.78740157480315 centaine
258.23622047244095 361.7007874015748 26.078740157480315 8.78740157480315 de
271.5590551181102 361.7007874015748 47.90551181102362 8.78740157480315 ducats,
306.4251968503937 361.7007874015748 34.86614173228347 8.78740157480315 elle
327.9685039370079 361.7007874015748 43.653543307086615 8.78740157480315 devait
354.3307086614173 361.7007874015748 17.291338582677167 8.78740157480315 en

58.110236220472444 370.48818897637796 51.59055118110236 8.78740157480315 recevoir
96.66141732283465 370.48818897637796 38.55118110236221 8.78740157480315 huit;
122.45669291338582 370.48818897637796 34.2992125984252 8.78740157480315 elle
144.0 370.48818897637796 38.55118110236221 8.78740157480315 tient
169.51181102362204 370.48818897637796 42.803149606299215 8.78740157480315 compte
199.55905511811022 370.48818897637796 25.79527559055118 8.78740157480315 de
212.5984251968504 370.48818897637796 25.79527559055118 8.78740157480315 la
225.35433070866142 370.48818897637796 47.338582677165356 8.78740157480315 pénurie
259.65354330708664 370.48818897637796 25.79527559055118 8.78740157480315 du
272.6929133858268 370.48818897637796 42.803149606299215 8.78740157480315 trésor
302.74015748031496 370.48818897637796 42.803149606299215 8.78740157480315 royal,
332.78740157480314 370.48818897637796 34.2992125984252 8.78740157480315 mais
349.79527559055117 370.48818897637796 21.543307086614174 8.78740157480315 son

57.54330708661417 379.5590551181102 54.70866141732284 8.78740157480315 autorité
98.64566929133858 379.5590551181102 27.212598425196852 8.78740157480315 se
112.25196850393701 379.5590551181102 45.63779527559055 8.78740157480315 trouve
144.0 379.5590551181102 59.24409448818898 8.78740157480315 affaiblie
189.63779527559055 379.5590551181102 27.212598425196852 8.78740157480315 et
203.24409448818898 379.5590551181102 36.56692913385827 8.78740157480315 elle
226.20472440944883 379.5590551181102 27.212598425196852 8.78740157480315 ne
239.81102362204723 379.5590551181102 36.56692913385827 8.78740157480315 peut
262.48818897637796 379.5590551181102 50.173228346456696 8.78740157480315 remplir
299.0551181102362 379.5590551181102 32.031496062992126 8.78740157480315 les
312.66141732283467 379.5590551181102 59.24409448818898 8.78740157480315 engagements

58.110236220472444 388.62992125984255 48.47244094488189 9.354330708661417 qu’elle
93.54330708661418 388.62992125984255 39.68503937007874 9.354330708661417 avait
119.90551181102362 388.62992125984255 61.511811023622045 9.354330708661417 contractés
168.3779527559055 388.62992125984255 26.362204724409448 9.354330708661417 en
181.41732283464566 388.62992125984255 30.89763779527559 9.354330708661417 son
194.74015748031496 388.62992125984255 43.93700787401575 9.354330708661417 royaume.

47.338582677165356 398.26771653543307 23.52755905511811 10.488188976377952 8
56.976377952755904 398.26771653543307 51.59055118110236 10.488188976377952 Anne
94.39370078740157 398.26771653543307 89.29133858267717 10.488188976377952 d’Autriche,
169.51181102362204 398.26771653543307 42.23622047244095 10.488188976377952 fille
197.85826771653544 398.26771653543307 28.062992125984252 10.488188976377952 de
212.03149606299212 398.26771653543307 32.881889763779526 10.488188976377952 Don
230.74015748031496 398.26771653543307 42.23622047244095 10.488188976377952 Juan,
258.8031496062992 398.26771653543307 51.59055118110236 10.488188976377952 abbesse
296.503937007874 398.26771653543307 23.52755905511811 10.488188976377952 à
305.8582677165354 398.26771653543307 51.59055118110236 10.488188976377952 Burgos,
338.74015748031496 398.26771653543307 32.881889763779526 10.488188976377952 morte

57.54330708661417 408.18897637795277 28.913385826771652 10.771653543307087 en
72.0 408.18897637795277 43.37007874015748 10.771653543307087 1630.
100.91338582677166 408.18897637795277 24.094488188976378 10.771653543307087 —
110.55118110236221 408.18897637795277 28.913385826771652 10.771653543307087 L.
125.29133858267717 408.18897637795277 28.913385826771652 10.771653543307087 a.
139.748031496063 408.18897637795277 28.913385826771652 10.771653543307087 s.
154.20472440944883 408.18897637795277 24.094488188976378 10.771653543307087 à
163.84251968503938 408.18897637795277 58.110236220472444 10.771653543307087 Philippe
207.21259842519686 408.18897637795277 33.732283464566926 10.771653543307087 II;
226.77165354330708 408.18897637795277 28.913385826771652 10.771653543307087 10
241.22834645669292 408.18897637795277 38.55118110236221 10.771653543307087 juin
265.3228346456693 408.18897637795277 43.37007874015748 10.771653543307087 1594,
294.23622047244095 408.18897637795277 24.094488188976378 10.771653543307087 1
303.87401574803147 408.18897637795277 28.913385826771652 10.771653543307087 p.
318.3307086614173 408.18897637795277 43.37007874015748 10.771653543307087 in-f.
347.5275590551181 408.18897637795277 28.913385826771652 10.771653543307087 30
357.1653543307087 408.18897637795277 14.456692913385826 10.771653543307087 »

67.74803149606299 418.6771653543307 37.98425196850393 8.78740157480315 Belle
93.25984251968504 418.6771653543307 46.488188976377955 8.78740157480315 lettre.
126.99212598425197 418.6771653543307 29.480314960629922 8.78740157480315 Les
143.71653543307087 418.6771653543307 63.496062992125985 8.78740157480315 occupations
194.45669291338584 418.6771653543307 25.228346456692915 8.78740157480315 de
207.21259842519686 418.6771653543307 25.228346456692915 8.78740157480315 la
219.96850393700788 418.6771653543307 29.480314960629922 8.78740157480315 vie
236.69291338582678 418.6771653543307 63.496062992125985 8.78740157480315 religieuse,
287.43307086614175 418.6771653543307 29.480314960629922 8.78740157480315 son
304.4409448818898 418.6771653543307 54.99212598425197 8.78740157480315 isolement
342.4251968503937 418.6771653543307 29.480314960629922 8.78740157480315 l’ont

57.25984251968504 427.46456692913387 54.99212598425197 9.637795275590552 empêché
97.22834645669292 427.46456692913387 30.04724409448819 9.637795275590552 de
112.25196850393701 427.46456692913387 60.09448818897638 9.637795275590552 répondre
157.3228346456693 427.46456692913387 39.968503937007874 9.637795275590552 plus
182.26771653543307 427.46456692913387 34.86614173228347 9.637795275590552 tôt
202.39370078740157 427.46456692913387 30.04724409448819 9.637795275590552 au
217.41732283464566 427.46456692913387 39.968503937007874 9.637795275590552 roi;
242.36220472440945 427.46456692913387 39.968503937007874 9.637795275590552 elle
267.3070866141732 427.46456692913387 34.86614173228347 9.637795275590552 lui
287.1496062992126 427.46456692913387 74.83464566929133 9.637795275590552 recommande,
342.1417322834646 427.46456692913387 30.04724409448819 9.637795275590552 pour

57.826771653543304 436.53543307086613 26.078740157480315 8.78740157480315 un
70.86614173228347 436.53543307086613 43.653543307086615 8.78740157480315 office
101.48031496062993 436.53543307086613 48.188976377952756 8.78740157480315 vacant,
136.3464566929134 436.53543307086613 30.614173228346456 8.78740157480315 son
153.92125984251967 436.53543307086613 61.22834645669291 8.78740157480315 beau-frère
201.82677165354332 436.53543307086613 39.40157480314961 8.78740157480315 (mari
228.18897637795277 436.53543307086613 26.078740157480315 8.78740157480315 de
241.22834645669292 436.53543307086613 43.653543307086615 8.78740157480315 Jeanne
267.3070866141732 436.53543307086613 61.22834645669291 8.78740157480315 d’Autriche).

46.77165354330709 446.45669291338584 23.52755905511811 10.771653543307087 9
56.40944881889764 446.45669291338584 89.5748031496063 10.771653543307087 Argenson
131.81102362204723 446.45669291338584 51.874015748031496 10.771653543307087 (R.-L.,
169.51181102362204 446.45669291338584 51.874015748031496 10.771653543307087 marquis
207.21259842519686 446.45669291338584 37.7007874015748 10.771653543307087 d’),
230.74015748031496 446.45669291338584 51.874015748031496 10.771653543307087 célèbre
268.4409448818898 446.45669291338584 42.51968503937008 10.771653543307087 homme
296.78740157480314 446.45669291338584 47.05511811023622 10.771653543307087 d’Etat
329.6692913385827 446.45669291338584 28.346456692913385 10.771653543307087 et
339.3070866141732 446.45669291338584 32.881889763779526 10.771653543307087 écri

56.125984251968504 456.66141732283467 47.338582677165356 11.622047244094489 vain,
87.8740157480315 456.66141732283467 36.8503937007874 11.622047244094489 une
108.85039370078741 456.66141732283467 36.8503937007874 11.622047244094489 des
129.82677165354332 456.66141732283467 57.826771653543304 11.622047244094489 figures
172.06299212598427 456.66141732283467 36.8503937007874 11.622047244094489 les
193.03937007874015 456.66141732283467 41.95275590551181 11.622047244094489 plus
219.4015748031496 456.66141732283467 73.7007874015748 11.622047244094489 originales
277.2283464566929 456.66141732283467 31.46456692913386 11.622047244094489 du
293.1023622047244 456.66141732283467 52.724409448818896 11.622047244094489 XVIIIe
324.56692913385825 456.66141732283467 47.338582677165356 11.622047244094489 siècle,

56.40944881889764 466.86614173228344 55.275590551181104 10.204724409448819 membre
95.24409448818898 466.86614173228344 33.16535433070866 10.204724409448819 de
111.96850393700787 466.86614173228344 77.66929133858268 10.204724409448819 l’Académie
172.91338582677164 466.86614173228344 38.83464566929134 10.204724409448819 des
195.0236220472441 466.86614173228344 94.11023622047244 10.204724409448819 Inscriptions,
272.40944881889766 466.86614173228344 55.275590551181104 10.204724409448819 auteur
311.244094488189 466.86614173228344 33.16535433070866 10.204724409448819 de
322.2992125984252 466.86614173228344 49.889763779527556 10.204724409448819 curieux

56.69291338582677 477.07086614173227 96.94488188976378 10.204724409448819 Mémoires,
139.1811023622047 477.07086614173227 29.19685039370079 10.204724409448819 né
153.63779527559055 477.07086614173227 29.19685039370079 10.204724409448819 en
168.09448818897638 477.07086614173227 43.653543307086615 10.204724409448819 1694,
197.29133858267716 477.07086614173227 38.83464566929134 10.204724409448819 mort
221.38582677165354 477.07086614173227 29.19685039370079 10.204724409448819 en
235.84251968503938 477.07086614173227 43.653543307086615 10.204724409448819 1757.
265.03937007874015 477.07086614173227 24.094488188976378 10.204724409448819 —
274.6771653543307 477.07086614173227 29.19685039370079 10.204724409448819 L.
289.13385826771656 477.07086614173227 29.19685039370079 10.204724409448819 a.
303.87401574803147 477.07086614173227 29.19685039370079 10.204724409448819 s.
318.3307086614173 477.07086614173227 24.094488188976378 10.204724409448819 à
323.1496062992126 477.07086614173227 48.47244094488189 10.204724409448819 l’évêque

56.976377952755904 486.99212598425197 66.89763779527559 10.771653543307087 d’Auxerre
108.28346456692914 486.99212598425197 36.0 10.771653543307087 (M.
128.9763779527559 486.99212598425197 30.89763779527559 10.771653543307087 de
144.28346456692913 486.99212598425197 61.79527559055118 10.771653543307087 Caylus);
190.77165354330708 486.99212598425197 51.59055118110236 10.771653543307087 Paris,
226.77165354330708 486.99212598425197 30.89763779527559 10.771653543307087 21
242.07874015748033 486.99212598425197 41.10236220472441 10.771653543307087 fév.
267.87401574803147 486.99212598425197 46.20472440944882 10.771653543307087 1747,
298.7716535433071 486.99212598425197 25.79527559055118 10.771653543307087 1
308.9763779527559 486.99212598425197 30.89763779527559 10.771653543307087 p.
324.56692913385825 486.99212598425197 36.0 10.771653543307087 1/2
339.87401574803147 486.99212598425197 30.89763779527559 10.771653543307087 pet.

31.748031496062993 497.76377952755905 278.0787401574803 8.220472440944881 in-4.
217.13385826771653 497.76377952755905 185.38582677165354 8.220472440944881 15
278.92913385826773 497.76377952755905 92.69291338582677 8.220472440944881 »

66.04724409448819 506.8346456692913 51.023622047244096 9.921259842519685 Curieuse
104.31496062992126 506.8346456692913 42.51968503937008 9.921259842519685 lettre
134.07874015748033 506.8346456692913 42.51968503937008 9.921259842519685 écrite
163.84251968503938 506.8346456692913 34.01574803149607 9.921259842519685 cinq
185.10236220472441 506.8346456692913 51.023622047244096 9.921259842519685 semaines
223.08661417322836 506.8346456692913 38.267716535433074 9.921259842519685 après
248.5984251968504 506.8346456692913 25.511811023622048 9.921259842519685 sa
261.3543307086614 506.8346456692913 51.023622047244096 9.921259842519685 retraite
299.62204724409446 506.8346456692913 25.511811023622048 9.921259842519685 du
312.37795275590554 506.8346456692913 59.52755905511811 9.921259842519685 ministère.
354.8976377952756 506.8346456692913 17.007874015748033 9.921259842519685 Il

56.40944881889764 516.1889763779527 33.732283464566926 9.637795275590552 fait
77.38582677165354 516.1889763779527 25.228346456692915 9.637795275590552 un
90.14173228346456 516.1889763779527 46.20472440944882 9.637795275590552 piquant
123.8740157480315 516.1889763779527 46.20472440944882 9.637795275590552 tableau
157.60629921259843 516.1889763779527 25.228346456692915 9.637795275590552 de
170.07874015748033 516.1889763779527 25.228346456692915 9.637795275590552 la
182.83464566929135 516.1889763779527 46.20472440944882 9.637795275590552 société
216.56692913385828 516.1889763779527 25.228346456692915 9.637795275590552 au
229.03937007874015 516.1889763779527 42.23622047244095 9.637795275590552 milieu
258.5196850393701 516.1889763779527 25.228346456692915 9.637795275590552 de
271.2755905511811 516.1889763779527 50.45669291338583 9.637795275590552 laquelle
308.9763779527559 516.1889763779527 25.228346456692915 9.637795275590552 il
321.73228346456693 516.1889763779527 29.480314960629922 9.637795275590552 vit
338.45669291338584 516.1889763779527 25.228346456692915 9.637795275590552 et
346.96062992125985 516.1889763779527 25.228346456692915 9.637795275590552 juge

56.69291338582677 525.2598425196851 83.33858267716535 9.070866141732283 très-sévèrement
126.70866141732283 525.2598425196851 30.614173228346456 9.070866141732283 ses
144.28346456692913 525.2598425196851 78.80314960629921 9.070866141732283 contemporains.
209.76377952755905 525.2598425196851 21.826771653543307 9.070866141732283 «
218.5511811023622 525.2598425196851 26.362204724409448 9.070866141732283 Ce
231.8740157480315 525.2598425196851 39.40157480314961 9.070866141732283 n’est
257.9527559055118 525.2598425196851 30.614173228346456 9.070866141732283 pas
275.5275590551181 525.2598425196851 39.40157480314961 9.070866141732283 selon
301.8897637795276 525.2598425196851 30.614173228346456 9.070866141732283 moy
314.92913385826773 525.2598425196851 56.976377952755904 9.070866141732283 l’ignorance

56.69291338582677 533.4803149606299 31.46456692913386 10.488188976377952 qui
74.83464566929133 533.4803149606299 36.0 10.488188976377952 rend
97.22834645669292 533.4803149606299 67.46456692913385 10.488188976377952 aujourd’huy
151.37007874015748 533.4803149606299 31.46456692913386 10.488188976377952 les
169.51181102362204 533.4803149606299 45.07086614173228 10.488188976377952 hommes
200.9763779527559 533.4803149606299 72.0 10.488188976377952 irreligieux,
259.65354330708664 533.4803149606299 40.53543307086614 10.488188976377952 c’est
286.5826771653543 533.4803149606299 26.929133858267715 10.488188976377952 le
300.18897637795277 533.4803149606299 67.46456692913385 10.488188976377952 déguisement
349.79527559055117 533.4803149606299 22.393700787401574 10.488188976377952 des

56.40944881889764 542.5511811023622 53.29133858267716 10.204724409448819 passions
96.37795275590551 542.5511811023622 26.64566929133858 10.204724409448819 et
109.98425196850394 542.5511811023622 31.181102362204726 10.204724409448819 des
127.55905511811024 542.5511811023622 39.968503937007874 10.204724409448819 vices
154.20472440944883 542.5511811023622 31.181102362204726 10.204724409448819 qui
172.06299212598427 542.5511811023622 31.181102362204726 10.204724409448819 les
189.92125984251967 542.5511811023622 53.29133858267716 10.204724409448819 animent:
229.88976377952756 542.5511811023622 26.64566929133858 10.204724409448819 on
243.21259842519686 542.5511811023622 39.968503937007874 10.204724409448819 croyt
269.8582677165354 542.5511811023622 44.503937007874015 10.204724409448819 suivre
301.03937007874015 542.5511811023622 57.826771653543304 10.204724409448819 l’honneur
341.00787401574803 542.5511811023622 31.181102362204726 10.204724409448819 quand

56.976377952755904 551.6220472440945 26.362204724409448 9.921259842519685 on
70.01574803149606 551.6220472440945 39.40157480314961 9.921259842519685 n’est
96.09448818897638 551.6220472440945 48.188976377952756 9.921259842519685 inspiré
131.24409448818898 551.6220472440945 30.614173228346456 9.921259842519685 que
148.8188976377953 551.6220472440945 30.614173228346456 9.921259842519685 par
166.11023622047244 551.6220472440945 56.976377952755904 9.921259842519685 l’orgueil
210.04724409448818 551.6220472440945 26.362204724409448 9.921259842519685 et
223.08661417322836 551.6220472440945 61.22834645669291 9.921259842519685 l’avarice;
271.2755905511811 551.6220472440945 26.362204724409448 9.921259842519685 on
284.31496062992125 551.6220472440945 26.362204724409448 9.921259842519685 ne
297.6377952755906 551.6220472440945 39.40157480314961 9.921259842519685 place
323.7165354330709 551.6220472440945 26.362204724409448 9.921259842519685 la
332.503937007874 551.6220472440945 39.40157480314961 9.921259842519685 décence

56.69291338582677 560.6929133858267 32.59842519685039 11.622047244094489 que
75.11811023622047 560.6929133858267 37.13385826771653 11.622047244094489 dans
98.36220472440945 560.6929133858267 27.77952755905512 11.622047244094489 la
112.25196850393701 560.6929133858267 46.488188976377955 11.622047244094489 ruine,
144.8503937007874 560.6929133858267 55.55905511811024 11.622047244094489 l’esprit
186.51968503937007 560.6929133858267 27.77952755905512 11.622047244094489 et
200.40944881889763 560.6929133858267 64.91338582677166 11.622047244094489 l’habileté
251.43307086614172 560.6929133858267 32.59842519685039 11.622047244094489 que
270.1417322834646 560.6929133858267 37.13385826771653 11.622047244094489 dans
293.38582677165357 560.6929133858267 78.80314960629921 11.622047244094489 l’irrévérence
353.76377952755905 560.6929133858267 18.4251968503937 11.622047244094489 et

57.54330708661417 568.0629921259842 54.70866141732284 11.338582677165354 l'intrigue
96.66141732283465 568.0629921259842 15.590551181102363 11.338582677165354 ».

41.10236220472441 577.9842519685039 26.929133858267715 11.622047244094489 10
54.70866141732284 577.9842519685039 85.03937007874016 11.622047244094489 Argental
126.14173228346456 577.9842519685039 44.78740157480315 11.622047244094489 (C.-A.
157.60629921259843 577.9842519685039 26.929133858267715 11.622047244094489 de
170.9291338582677 577.9842519685039 80.50393700787401 11.622047244094489 Fériol,
238.11023622047244 577.9842519685039 40.25196850393701 11.622047244094489 comte
264.755905511811 577.9842519685039 35.71653543307087 11.622047244094489 d’),
287.1496062992126 577.9842519685039 40.25196850393701 11.622047244094489 l’ami
314.0787401574803 577.9842519685039 26.929133858267715 11.622047244094489 de
322.86614173228344 577.9842519685039 49.32283464566929 11.622047244094489 Voltaire,
