403.65354330708664 651.6850393700787
179.1496062992126 33.16535433070866 33.16535433070866 7.937007874015748 —
192.18897637795277 33.16535433070866 39.68503937007874 7.937007874015748 15
205.51181102362204 33.16535433070866 19.84251968503937 7.937007874015748 —

56.976377952755904 50.45669291338583 48.75590551181102 10.488188976377952 esprit
90.99212598425197 50.45669291338583 29.19685039370079 10.488188976377952 et
105.73228346456693 50.45669291338583 34.01574803149607 10.488188976377952 ses
125.29133858267717 50.45669291338583 48.75590551181102 10.488188976377952 bonnes
159.30708661417322 50.45669291338583 63.496062992125985 10.488188976377952 fortunes,
208.06299212598427 50.45669291338583 63.496062992125985 10.488188976377952 inventeur
256.81889763779526 50.45669291338583 34.01574803149607 10.488188976377952 des
276.37795275590554 50.45669291338583 53.574803149606296 10.488188976377952 chaises
315.496062992126 50.45669291338583 24.37795275590551 10.488188976377952 à
320.31496062992125 50.45669291338583 48.75590551181102 10.488188976377952 porteur;

56.976377952755904 60.661417322834644 49.889763779527556 10.488188976377952 Sandras
93.25984251968504 60.661417322834644 27.212598425196852 10.488188976377952 de
106.86614173228347 60.661417322834644 54.425196850393704 10.488188976377952 Courtils
147.68503937007873 60.661417322834644 22.677165354330707 10.488188976377952 a
156.75590551181102 60.661417322834644 45.354330708661415 10.488188976377952 publié
188.50393700787401 60.661417322834644 36.28346456692913 10.488188976377952 sous
211.1811023622047 60.661417322834644 31.748031496062993 10.488188976377952 son
229.03937007874015 60.661417322834644 31.748031496062993 10.488188976377952 nom
247.1811023622047 60.661417322834644 31.748031496062993 10.488188976377952 des
265.3228346456693 60.661417322834644 90.70866141732283 10.488188976377952 Mémoires;
342.4251968503937 60.661417322834644 27.212598425196852 10.488188976377952 né
351.496062992126 60.661417322834644 18.141732283464567 10.488188976377952 en

56.976377952755904 70.86614173228347 43.93700787401575 10.488188976377952 1616,
86.1732283464567 70.86614173228347 39.118110236220474 10.488188976377952 mort
110.55118110236221 70.86614173228347 29.19685039370079 10.488188976377952 en
125.00787401574803 70.86614173228347 43.93700787401575 10.488188976377952 1706.
154.48818897637796 70.86614173228347 24.37795275590551 10.488188976377952 —
164.1259842519685 70.86614173228347 29.19685039370079 10.488188976377952 L.
178.86614173228347 70.86614173228347 29.19685039370079 10.488188976377952 a.
193.3228346456693 70.86614173228347 34.01574803149607 10.488188976377952 s.;
212.88188976377953 70.86614173228347 48.75590551181102 10.488188976377952 Paris,
246.89763779527559 70.86614173228347 24.37795275590551 10.488188976377952 2
256.81889763779526 70.86614173228347 43.93700787401575 10.488188976377952 avril
286.01574803149606 70.86614173228347 43.93700787401575 10.488188976377952 1699,
315.21259842519686 70.86614173228347 24.37795275590551 10.488188976377952 1
324.8503937007874 70.86614173228347 29.19685039370079 10.488188976377952 p.
334.7716535433071 70.86614173228347 34.01574803149607 10.488188976377952 in

53.85826771653543 81.07086614173228 49.889763779527556 10.204724409448819 Un
78.80314960629921 81.07086614173228 58.110236220472444 10.204724409448819 peu
111.96850393700787 81.07086614173228 91.55905511811024 10.204724409448819 fripée.
178.58267716535434 81.07086614173228 174.61417322834646 10.204724409448819 Très-rare.
327.9685039370079 81.07086614173228 49.889763779527556 10.204724409448819 50
344.6929133858268 81.07086614173228 24.944881889763778 10.204724409448819 »

37.41732283464567 90.99212598425197 34.2992125984252 10.204724409448819 127
56.976377952755904 90.99212598425197 107.71653543307086 10.204724409448819 Montmorency
149.95275590551182 90.99212598425197 43.93700787401575 10.204724409448819 (Anne
179.1496062992126 90.99212598425197 39.118110236220474 10.204724409448819 de),
203.5275590551181 90.99212598425197 58.67716535433071 10.204724409448819 illustre
247.748031496063 90.99212598425197 68.5984251968504 10.204724409448819 connétable
301.3228346456693 90.99212598425197 29.480314960629922 10.204724409448819 de
316.06299212598424 90.99212598425197 53.85826771653543 10.204724409448819 France,
350.3622047244094 90.99212598425197 19.559055118110237 10.204724409448819 né

57.25984251968504 101.19685039370079 29.480314960629922 10.204724409448819 en
72.0 101.19685039370079 43.93700787401575 10.204724409448819 1492,
101.19685039370079 101.19685039370079 34.2992125984252 10.204724409448819 tué
120.75590551181102 101.19685039370079 24.37795275590551 10.204724409448819 à
130.6771653543307 101.19685039370079 29.480314960629922 10.204724409448819 la
145.13385826771653 101.19685039370079 58.67716535433071 10.204724409448819 bataille
189.35433070866142 101.19685039370079 29.480314960629922 10.204724409448819 de
203.81102362204723 101.19685039370079 73.41732283464567 10.204724409448819 Saint-Denis
262.48818897637796 101.19685039370079 29.480314960629922 10.204724409448819 en
277.2283464566929 101.19685039370079 43.93700787401575 10.204724409448819 1567.
306.70866141732284 101.19685039370079 24.37795275590551 10.204724409448819 —
316.34645669291336 101.19685039370079 39.118110236220474 10.204724409448819 Let.
335.90551181102364 101.19685039370079 34.2992125984252 10.204724409448819 sig.,

56.976377952755904 111.4015748031496 39.68503937007874 10.204724409448819 avec
81.92125984251969 111.4015748031496 29.763779527559056 10.204724409448819 la
96.94488188976378 111.4015748031496 79.65354330708661 10.204724409448819 souscription
161.5748031496063 111.4015748031496 44.78740157480315 10.204724409448819 aut.,
191.33858267716536 111.4015748031496 24.944881889763778 10.204724409448819 à
201.25984251968504 111.4015748031496 29.763779527559056 10.204724409448819 sa
216.28346456692913 111.4015748031496 44.78740157480315 10.204724409448819 fille
246.04724409448818 111.4015748031496 59.52755905511811 10.204724409448819 Eléonore
290.5511811023622 111.4015748031496 49.60629921259842 10.204724409448819 (femme
325.4173228346457 111.4015748031496 29.763779527559056 10.204724409448819 de
335.33858267716533 111.4015748031496 34.86614173228347 10.204724409448819 Fran-

56.40944881889764 121.60629921259843 41.10236220472441 10.204724409448819 çois
82.20472440944881 121.60629921259843 30.89763779527559 10.204724409448819 de
97.51181102362204 121.60629921259843 30.89763779527559 10.204724409448819 La
113.10236220472441 121.60629921259843 46.20472440944882 10.204724409448819 Tour,
143.71653543307087 121.60629921259843 56.69291338582677 10.204724409448819 vicomte
185.10236220472441 121.60629921259843 30.89763779527559 10.204724409448819 de
200.40944881889763 121.60629921259843 66.89763779527559 10.204724409448819 Turenne);
252.0 121.60629921259843 92.69291338582677 10.204724409448819 Fontainebleau,
329.1023622047244 121.60629921259843 30.89763779527559 10.204724409448819 10
339.3070866141732 121.60629921259843 30.89763779527559 10.204724409448819 déc.

56.40944881889764 131.5275590551181 57.54330708661417 10.488188976377952 1547,
94.96062992125984 131.5275590551181 32.031496062992126 10.488188976377952 1
107.71653543307086 131.5275590551181 38.267716535433074 10.488188976377952 p.
126.99212598425197 131.5275590551181 57.54330708661417 10.488188976377952 in-f.
165.25984251968504 131.5275590551181 70.2992125984252 10.488188976377952 Légères
216.56692913385828 131.5275590551181 64.06299212598425 10.488188976377952 taches
261.07086614173227 131.5275590551181 38.267716535433074 10.488188976377952 de
280.34645669291336 131.5275590551181 76.81889763779527 10.488188976377952 rouille.
337.8897637795276 131.5275590551181 38.267716535433074 10.488188976377952 20
350.6456692913386 131.5275590551181 19.275590551181104 10.488188976377952 »

38.55118110236221 141.73228346456693 34.58267716535433 11.622047244094489 128
58.110236220472444 141.73228346456693 109.13385826771653 11.622047244094489 Montmorency
152.50393700787401 141.73228346456693 44.503937007874015 11.622047244094489 (Anne
182.26771653543307 141.73228346456693 39.68503937007874 11.622047244094489 de).
206.9291338582677 141.73228346456693 24.661417322834644 11.622047244094489 —
216.8503937007874 141.73228346456693 39.68503937007874 11.622047244094489 Let.
241.51181102362204 141.73228346456693 39.68503937007874 11.622047244094489 sig.
266.45669291338584 141.73228346456693 39.68503937007874 11.622047244094489 avec
291.11811023622045 141.73228346456693 29.763779527559056 11.622047244094489 la
301.03937007874015 141.73228346456693 69.44881889763779 11.622047244094489 souscription

57.25984251968504 151.93700787401573 41.10236220472441 10.204724409448819 aut.
82.77165354330708 151.93700787401573 25.511811023622048 10.204724409448819 à
92.97637795275591 151.93700787401573 30.614173228346456 10.204724409448819 la
108.56692913385827 151.93700787401573 61.511811023622045 10.204724409448819 duchesse
154.48818897637796 151.93700787401573 30.614173228346456 10.204724409448819 de
169.79527559055117 151.93700787401573 61.511811023622045 10.204724409448819 Mantoue;
216.0 151.93700787401573 71.71653543307086 10.204724409448819 Chantilly,
272.40944881889766 151.93700787401573 30.614173228346456 10.204724409448819 20
287.7165354330709 151.93700787401573 41.10236220472441 10.204724409448819 oct.
313.2283464566929 151.93700787401573 46.20472440944882 10.204724409448819 1559,
344.12598425196853 151.93700787401573 25.511811023622048 10.204724409448819 1
349.2283464566929 151.93700787401573 20.409448818897637 10.204724409448819 p.

52.15748031496063 161.85826771653544 92.1259842519685 10.204724409448819 in-f.
113.66929133858268 161.85826771653544 123.02362204724409 10.204724409448819 Fragment
205.79527559055117 161.85826771653544 61.511811023622045 10.204724409448819 de
236.40944881889763 161.85826771653544 112.53543307086615 10.204724409448819 cachet.
318.3307086614173 161.85826771653544 61.511811023622045 10.204724409448819 20
339.0236220472441 161.85826771653544 30.614173228346456 10.204724409448819 »

66.89763779527559 172.06299212598427 50.173228346456696 8.78740157480315 Superbe
103.46456692913385 172.06299212598427 45.63779527559055 8.78740157480315 lettre
135.21259842519686 172.06299212598427 27.496062992125985 8.78740157480315 de
149.10236220472441 172.06299212598427 82.20472440944881 8.78740157480315 recommandation
217.41732283464566 172.06299212598427 27.496062992125985 8.78740157480315 en
231.0236220472441 172.06299212598427 45.63779527559055 8.78740157480315 faveur
263.0551181102362 172.06299212598427 27.496062992125985 8.78740157480315 de
276.66141732283467 172.06299212598427 50.173228346456696 8.78740157480315 Laurent
308.6929133858268 172.06299212598427 50.173228346456696 8.78740157480315 Silvanno.

38.267716535433074 180.8503937007874 33.16535433070866 10.488188976377952 129
57.25984251968504 180.8503937007874 104.5984251968504 10.488188976377952 Montmorency
147.68503937007873 180.8503937007874 47.62204724409449 10.488188976377952 (Henri
180.8503937007874 180.8503937007874 33.16535433070866 10.488188976377952 II,
199.84251968503938 180.8503937007874 33.16535433070866 10.488188976377952 duc
218.83464566929135 180.8503937007874 37.98425196850393 10.488188976377952 de),
242.64566929133858 180.8503937007874 56.976377952755904 10.488188976377952 maréchal
285.4488188976378 180.8503937007874 28.62992125984252 10.488188976377952 de
299.62204724409446 180.8503937007874 52.15748031496063 10.488188976377952 France,
333.07086614173227 180.8503937007874 37.98425196850393 10.488188976377952 intré

57.826771653543304 190.77165354330708 41.10236220472441 10.771653543307087 pide
83.62204724409449 190.77165354330708 66.89763779527559 10.771653543307087 guerrier,
134.9291338582677 190.77165354330708 61.79527559055118 10.771653543307087 entraîné
181.13385826771653 190.77165354330708 41.10236220472441 10.771653543307087 dans
206.9291338582677 190.77165354330708 30.89763779527559 10.771653543307087 le
222.23622047244095 190.77165354330708 46.20472440944882 10.771653543307087 parti
253.13385826771653 190.77165354330708 30.89763779527559 10.771653543307087 de
268.4409448818898 190.77165354330708 51.30708661417323 10.771653543307087 Gaston
304.4409448818898 190.77165354330708 66.89763779527559 10.771653543307087 d’Orléans
350.6456692913386 190.77165354330708 20.69291338582677 10.771653543307087 et

57.54330708661417 201.25984251968504 59.811023622047244 10.488188976377952 décapité
102.33070866141732 201.25984251968504 24.944881889763778 10.488188976377952 à
112.25196850393701 201.25984251968504 59.811023622047244 10.488188976377952 Toulouse
157.03937007874015 201.25984251968504 49.60629921259842 10.488188976377952 devant
191.90551181102362 201.25984251968504 29.763779527559056 10.488188976377952 la
206.9291338582677 201.25984251968504 49.60629921259842 10.488188976377952 statue
241.79527559055117 201.25984251968504 29.763779527559056 10.488188976377952 de
256.53543307086613 201.25984251968504 44.78740157480315 10.488188976377952 Henri
286.5826771653543 201.25984251968504 34.86614173228347 10.488188976377952 IV,
306.4251968503937 201.25984251968504 34.86614173228347 10.488188976377952 son
321.4488188976378 201.25984251968504 49.60629921259842 10.488188976377952 parrain,

58.110236220472444 211.1811023622047 30.330708661417322 10.204724409448819 le
73.41732283464567 211.1811023622047 30.330708661417322 10.204724409448819 30
88.44094488188976 211.1811023622047 55.275590551181104 10.204724409448819 octobre
128.69291338582678 211.1811023622047 50.45669291338583 10.204724409448819 1632.—
163.84251968503938 211.1811023622047 30.330708661417322 10.204724409448819 L.
179.1496062992126 211.1811023622047 30.330708661417322 10.204724409448819 a.
194.17322834645668 211.1811023622047 30.330708661417322 10.204724409448819 s.
209.1968503937008 211.1811023622047 30.330708661417322 10.204724409448819 au
224.50393700787401 211.1811023622047 60.37795275590551 10.204724409448819 cardinal
269.8582677165354 211.1811023622047 30.330708661417322 10.204724409448819 de
284.88188976377955 211.1811023622047 70.58267716535433 10.204724409448819 Richelieu;
335.33858267716533 211.1811023622047 35.1496062992126 10.204724409448819 Beau-

56.125984251968504 221.66929133858267 66.89763779527559 10.204724409448819 caire,
103.18110236220473 221.66929133858267 40.25196850393701 10.204724409448819 16
123.02362204724409 221.66929133858267 60.09448818897638 10.204724409448819 avril
163.2755905511811 221.66929133858267 60.09448818897638 10.204724409448819 1629,
203.24409448818898 221.66929133858267 33.44881889763779 10.204724409448819 3
216.8503937007874 221.66929133858267 40.25196850393701 10.204724409448819 p.
236.69291338582678 221.66929133858267 60.09448818897638 10.204724409448819 in-4.
276.9448818897638 221.66929133858267 80.22047244094489 10.204724409448819 Cachets.
337.03937007874015 221.66929133858267 40.25196850393701 10.204724409448819 75
350.3622047244094 221.66929133858267 20.125984251968504 10.204724409448819 »

67.46456692913385 231.8740157480315 62.645669291338585 8.78740157480315 Importante
116.78740157480316 231.8740157480315 44.78740157480315 8.78740157480315 lettre
147.96850393700788 231.8740157480315 62.645669291338585 8.78740157480315 historique
197.00787401574803 231.8740157480315 31.181102362204726 8.78740157480315 sur
214.86614173228347 231.8740157480315 31.181102362204726 8.78740157480315 les
232.7244094488189 231.8740157480315 53.574803149606296 8.78740157480315 derniers
272.9763779527559 231.8740157480315 62.645669291338585 8.78740157480315 mouvements
322.2992125984252 231.8740157480315 31.181102362204726 8.78740157480315 des
335.62204724409446 231.8740157480315 35.71653543307087 8.78740157480315 calvi-

58.39370078740158 240.66141732283464 46.77165354330709 8.78740157480315 nistes
90.99212598425197 240.66141732283464 32.881889763779526 8.78740157480315 qui
109.7007874015748 240.66141732283464 56.125984251968504 8.78740157480315 allaient
151.93700787401573 240.66141732283464 60.94488188976378 8.78740157480315 succomber
198.70866141732284 240.66141732283464 37.41732283464567 8.78740157480315 dans
221.95275590551182 240.66141732283464 46.77165354330709 8.78740157480315 Privas
254.83464566929135 240.66141732283464 28.062992125984252 8.78740157480315 et
268.7244094488189 240.66141732283464 37.41732283464567 8.78740157480315 dans
292.251968503937 240.66141732283464 46.77165354330709 8.78740157480315 Alais.
324.8503937007874 240.66141732283464 37.41732283464567 8.78740157480315 «Les
343.5590551181102 240.66141732283464 28.062992125984252 8.78740157480315 avis

58.960629921259844 249.4488188976378 30.89763779527559 9.070866141732283 que
76.81889763779527 249.4488188976378 35.1496062992126 9.070866141732283 j’ay
98.64566929133858 249.4488188976378 26.362204724409448 9.070866141732283 du
111.96850393700787 249.4488188976378 39.68503937007874 9.070866141732283 costé
138.33070866141733 249.4488188976378 26.362204724409448 9.070866141732283 de
151.6535433070866 249.4488188976378 26.362204724409448 9.070866141732283 M.
164.69291338582678 249.4488188976378 26.362204724409448 9.070866141732283 de
178.01574803149606 249.4488188976378 39.68503937007874 9.070866141732283 Rohan
204.3779527559055 249.4488188976378 35.1496062992126 9.070866141732283 sont
226.48818897637796 249.4488188976378 39.68503937007874 9.070866141732283 assez
252.8503937007874 249.4488188976378 66.04724409448819 9.070866141732283 insertains,
305.5748031496063 249.4488188976378 30.89763779527559 9.070866141732283 car
323.1496062992126 249.4488188976378 43.93700787401575 9.070866141732283 aucuns
349.51181102362204 249.4488188976378 22.11023622047244 9.070866141732283 as-

58.39370078740158 258.5196850393701 52.15748031496063 8.78740157480315 seurent
96.37795275590551 258.5196850393701 42.803149606299215 8.78740157480315 qu’il
125.00787401574803 258.5196850393701 37.98425196850393 8.78740157480315 s'en
148.53543307086613 258.5196850393701 28.346456692913385 8.78740157480315 va
162.99212598425197 258.5196850393701 37.98425196850393 8.78740157480315 vers
186.51968503937007 258.5196850393701 52.15748031496063 8.78740157480315 Meillau
224.50393700787401 258.5196850393701 42.803149606299215 8.78740157480315 après
253.13385826771653 258.5196850393701 42.803149606299215 8.78740157480315 avoir
281.4803149606299 258.5196850393701 52.15748031496063 8.78740157480315 pourveu
319.46456692913387 258.5196850393701 23.811023622047244 8.78740157480315 à
328.81889763779526 258.5196850393701 28.346456692913385 8.78740157480315 la
338.45669291338584 258.5196850393701 33.16535433070866 8.78740157480315 surté

59.24409448818898 267.3070866141732 28.062992125984252 9.354330708661417 de
73.13385826771653 267.3070866141732 32.59842519685039 9.354330708661417 ces
91.84251968503936 267.3070866141732 46.77165354330709 9.354330708661417 villes
124.44094488188976 267.3070866141732 37.41732283464567 9.354330708661417 plus
147.68503937007873 267.3070866141732 74.55118110236221 9.354330708661417 importantes;
208.3464566929134 267.3070866141732 28.062992125984252 9.354330708661417 il
222.23622047244095 267.3070866141732 32.59842519685039 9.354330708661417 est
240.9448818897638 267.3070866141732 37.41732283464567 9.354330708661417 prou
264.4724409448819 267.3070866141732 60.661417322834644 9.354330708661417 embarrasé
310.96062992125985 267.3070866141732 32.59842519685039 9.354330708661417 aux
329.6692913385827 267.3070866141732 41.95275590551181 9.354330708661417 choix
352.9133858267717 267.3070866141732 18.708661417322833 9.354330708661417 de

59.24409448818898 276.37795275590554 36.28346456692913 9.070866141732283 ceux
81.92125984251969 276.37795275590554 40.818897637795274 9.070866141732283 qu’il
109.13385826771653 276.37795275590554 22.677165354330707 9.070866141732283 y
118.20472440944881 276.37795275590554 36.28346456692913 9.070866141732283 veut
140.88188976377953 276.37795275590554 49.889763779527556 9.070866141732283 mettre»
177.16535433070865 276.37795275590554 27.212598425196852 9.070866141732283 Il
190.77165354330708 276.37795275590554 45.354330708661415 9.070866141732283 attend
222.23622047244095 276.37795275590554 27.212598425196852 9.070866141732283 de
235.84251968503938 276.37795275590554 54.425196850393704 9.070866141732283 l’argent
276.66141732283467 276.37795275590554 58.960629921259844 9.070866141732283 d’Espagne
322.01574803149606 276.37795275590554 27.212598425196852 9.070866141732283 et
331.0866141732283 276.37795275590554 40.818897637795274 9.070866141732283 annonce

58.39370078740158 285.4488188976378 33.16535433070866 9.070866141732283 que
77.38582677165354 285.4488188976378 33.16535433070866 9.070866141732283 des
96.37795275590551 285.4488188976378 52.15748031496063 9.070866141732283 paysans
134.36220472440945 285.4488188976378 33.16535433070866 9.070866141732283 ont
153.35433070866142 285.4488188976378 37.98425196850393 9.070866141732283 pris
176.88188976377953 285.4488188976378 28.346456692913385 9.070866141732283 un
191.33858267716536 285.4488188976378 61.511811023622045 9.070866141732283 émissaire
238.6771653543307 285.4488188976378 33.16535433070866 9.070866141732283 qui
257.6692913385827 285.4488188976378 47.338582677165356 9.070866141732283 venait
290.8346456692913 285.4488188976378 33.16535433070866 9.070866141732283 «de
309.8267716535433 285.4488188976378 42.803149606299215 9.070866141732283 cette
338.1732283464567 285.4488188976378 37.98425196850393 9.070866141732283 part
357.1653543307087 285.4488188976378 14.173228346456693 9.070866141732283 à

58.960629921259844 294.23622047244095 26.362204724409448 7.3700787401574805 M.
72.0 294.23622047244095 26.362204724409448 7.3700787401574805 de
85.03937007874016 294.23622047244095 48.188976377952756 7.3700787401574805 Rohan.»
120.18897637795276 294.23622047244095 26.362204724409448 7.3700787401574805 Il
133.22834645669292 294.23622047244095 30.614173228346456 7.3700787401574805 est
150.8031496062992 294.23622047244095 48.188976377952756 7.3700787401574805 enfermé
185.95275590551182 294.23622047244095 35.1496062992126 7.3700787401574805 dans
207.7795275590551 294.23622047244095 26.362204724409448 7.3700787401574805 la
220.8188976377953 294.23622047244095 56.976377952755904 7.3700787401574805 citadelle
264.755905511811 294.23622047244095 26.362204724409448 7.3700787401574805 de
273.25984251968504 294.23622047244095 35.1496062992126 7.3700787401574805 Lunel.

38.83464566929134 305.00787401574803 33.16535433070866 10.204724409448819 130
57.826771653543304 305.00787401574803 90.4251968503937 10.204724409448819 Muratori
134.07874015748033 305.00787401574803 94.96062992125984 10.204724409448819 (Louis-Antoine),
214.86614173228347 305.00787401574803 56.976377952755904 10.204724409448819 illustre
257.6692913385827 305.00787401574803 66.61417322834646 10.204724409448819 antiquaire
309.8267716535433 305.00787401574803 28.62992125984252 10.204724409448819 et
319.46456692913387 305.00787401574803 52.15748031496063 10.204724409448819 historien

58.110236220472444 315.21259842519686 60.661417322834644 9.921259842519685 italien,
103.74803149606299 315.21259842519686 30.330708661417322 9.921259842519685 né
118.77165354330708 315.21259842519686 30.330708661417322 9.921259842519685 en
134.07874015748033 315.21259842519686 45.63779527559055 9.921259842519685 1672,
164.40944881889763 315.21259842519686 40.53543307086614 9.921259842519685 mort
189.63779527559055 315.21259842519686 30.330708661417322 9.921259842519685 en
204.9448818897638 315.21259842519686 45.63779527559055 9.921259842519685 1750.
235.2755905511811 315.21259842519686 25.228346456692915 9.921259842519685 —
245.48031496062993 315.21259842519686 30.330708661417322 9.921259842519685 L.
260.503937007874 315.21259842519686 30.330708661417322 9.921259842519685 a.
275.81102362204723 315.21259842519686 35.43307086614173 9.921259842519685 s.;
295.93700787401576 315.21259842519686 55.55905511811024 9.921259842519685 Modène,
336.4724409448819 315.21259842519686 30.330708661417322 9.921259842519685 18
346.6771653543307 315.21259842519686 25.228346456692915 9.921259842519685 dé-

57.826771653543304 325.4173228346457 53.00787401574803 10.488188976377952 cembre
94.96062992125984 325.4173228346457 47.90551181102362 10.488188976377952 1726,
126.99212598425197 325.4173228346457 26.64566929133858 10.488188976377952 2
137.48031496062993 325.4173228346457 31.748031496062993 10.488188976377952 p.
153.63779527559055 325.4173228346457 58.39370078740158 10.488188976377952 in-fol.
196.15748031496062 325.4173228346457 58.39370078740158 10.488188976377952 Légères
238.39370078740157 325.4173228346457 53.00787401574803 10.488188976377952 taches
275.81102362204723 325.4173228346457 31.748031496062993 10.488188976377952 de
291.68503937007875 325.4173228346457 69.16535433070867 10.488188976377952 rousseur.
344.6929133858268 325.4173228346457 31.748031496062993 10.488188976377952 15
355.46456692913387 325.4173228346457 15.874015748031496 10.488188976377952 »

68.03149606299213 335.62204724409446 64.91338582677166 9.070866141732283 Intéressante
120.75590551181102 335.62204724409446 44.503937007874015 9.070866141732283 lettre.
153.0708661417323 335.62204724409446 24.37795275590551 9.070866141732283 La
165.25984251968504 335.62204724409446 60.661417322834644 9.070866141732283 compilation
213.73228346456693 335.62204724409446 36.56692913385827 9.070866141732283 qu’il
238.11023622047244 335.62204724409446 56.69291338582677 9.070866141732283 entreprend
282.61417322834643 335.62204724409446 28.346456692913385 9.070866141732283 des
299.0551181102362 335.62204724409446 48.75590551181102 9.070866141732283 Rerum
331.37007874015745 335.62204724409446 40.53543307086614 9.070866141732283 Ita

59.52755905511811 342.70866141732284 60.661417322834644 10.771653543307087 licarum
107.14960629921259 342.70866141732284 78.23622047244095 10.771653543307087 scriptores
172.3464566929134 342.70866141732284 34.58267716535433 10.771653543307087 tend
193.88976377952756 342.70866141732284 21.826771653543307 10.771653543307087 à
202.6771653543307 342.70866141732284 26.078740157480315 10.771653543307087 la
215.71653543307087 342.70866141732284 43.37007874015748 10.771653543307087 gloire
246.04724409448818 342.70866141732284 26.078740157480315 10.771653543307087 du
259.0866141732283 342.70866141732284 52.15748031496063 10.771653543307087 Piémont,
298.20472440944883 342.70866141732284 39.118110236220474 10.771653543307087 comme
324.2834645669291 342.70866141732284 21.826771653543307 10.771653543307087 à
332.78740157480314 342.70866141732284 39.118110236220474 10.771653543307087 celle
354.61417322834643 342.70866141732284 17.291338582677167 10.771653543307087 de

59.52755905511811 353.4803149606299 50.74015748031496 8.78740157480315 l’Italie
97.51181102362204 353.4803149606299 50.74015748031496 8.78740157480315 entière;
135.49606299212599 353.4803149606299 25.228346456692915 8.78740157480315 il
148.251968503937 353.4803149606299 42.23622047244095 8.78740157480315 espère
177.73228346456693 353.4803149606299 33.732283464566926 8.78740157480315 donc
198.99212598425197 353.4803149606299 29.480314960629922 8.78740157480315 que
216.0 353.4803149606299 25.228346456692915 8.78740157480315 le
228.4724409448819 353.4803149606299 29.480314960629922 8.78740157480315 roi
245.48031496062993 353.4803149606299 29.480314960629922 8.78740157480315 lui
262.20472440944883 353.4803149606299 33.732283464566926 8.78740157480315 fera
283.46456692913387 353.4803149606299 42.23622047244095 8.78740157480315 donner
308.6929133858268 353.4803149606299 63.496062992125985 8.78740157480315 communication

60.37795275590551 360.2834645669291 22.96062992125984 11.05511811023622 de
71.71653543307086 360.2834645669291 64.62992125984252 11.05511811023622 l'Histoire
125.00787401574803 360.2834645669291 22.96062992125984 11.05511811023622 de
136.3464566929134 360.2834645669291 45.63779527559055 11.05511811023622 Joffredo
170.64566929133858 360.2834645669291 56.976377952755904 11.05511811023622 Chiesa,
216.28346456692913 360.2834645669291 22.96062992125984 11.05511811023622 de
227.6220472440945 360.2834645669291 22.96062992125984 11.05511811023622 la
238.96062992125985 360.2834645669291 60.94488188976378 11.05511811023622 Chronique
288.56692913385825 360.2834645669291 22.96062992125984 11.05511811023622 de
299.90551181102364 360.2834645669291 72.28346456692914 11.05511811023622 Montferrat,
356.88188976377955 360.2834645669291 15.307086614173228 11.05511811023622 de

59.811023622047244 371.0551181102362 51.30708661417323 9.070866141732283 Raimondo
98.36220472440945 371.0551181102362 42.803149606299215 9.070866141732283 Turco,
128.1259842519685 371.0551181102362 25.511811023622048 9.070866141732283 et
140.88188976377953 371.0551181102362 47.05511811023622 9.070866141732283 surtout
175.1811023622047 371.0551181102362 25.511811023622048 9.070866141732283 de
187.93700787401573 371.0551181102362 25.511811023622048 9.070866141732283 la
200.69291338582678 371.0551181102362 68.31496062992126 9.070866141732283 Chronique
256.251968503937 371.0551181102362 25.511811023622048 9.070866141732283 du
269.00787401574803 371.0551181102362 55.55905511811024 9.070866141732283 monastère
311.81102362204723 371.0551181102362 25.511811023622048 9.070866141732283 de
320.31496062992125 371.0551181102362 51.30708661417323 9.070866141732283 Haute

59.24409448818898 380.12598425196853 35.71653543307087 7.086614173228346 Combe.

40.818897637795274 388.9133858267717 30.04724409448819 10.204724409448819 131
58.110236220472444 388.9133858267717 73.13385826771653 10.204724409448819 Nancré
118.20472440944881 388.9133858267717 30.04724409448819 10.204724409448819 (de
135.49606299212599 388.9133858267717 73.13385826771653 10.204724409448819 Dreux,
195.8740157480315 388.9133858267717 38.83464566929134 10.204724409448819 comte
221.66929133858267 388.9133858267717 34.58267716535433 10.204724409448819 de),
243.21259842519686 388.9133858267717 56.125984251968504 10.204724409448819 diplomate
286.2992125984252 388.9133858267717 43.08661417322835 10.204724409448819 chargé
316.34645669291336 388.9133858267717 25.79527559055118 10.204724409448819 de
325.13385826771656 388.9133858267717 47.338582677165356 10.204724409448819 plusieurs

59.52755905511811 398.8346456692913 60.661417322834644 10.488188976377952 missions
104.88188976377953 398.8346456692913 50.45669291338583 10.488188976377952 auprès
140.31496062992127 398.8346456692913 30.330708661417322 10.488188976377952 de
155.33858267716536 398.8346456692913 60.661417322834644 10.488188976377952 Philippe
200.9763779527559 398.8346456692913 30.330708661417322 10.488188976377952 V,
216.0 398.8346456692913 30.330708661417322 10.488188976377952 un
231.30708661417322 398.8346456692913 35.43307086614173 10.488188976377952 des
251.43307086614172 398.8346456692913 80.78740157480316 10.488188976377952 roués
316.9133858267717 398.8346456692913 30.330708661417322 10.488188976377952 du
327.11811023622045 398.8346456692913 45.354330708661415 10.488188976377952 Régent,

58.960629921259844 409.03937007874015 54.99212598425197 10.204724409448819 ennemi
97.22834645669292 409.03937007874015 32.881889763779526 10.204724409448819 de
113.95275590551181 409.03937007874015 88.15748031496064 10.204724409448819 Saint-Simon.
185.38582677165354 409.03937007874015 27.496062992125985 10.204724409448819 —
196.44094488188978 409.03937007874015 32.881889763779526 10.204724409448819 L.
212.88188976377953 409.03937007874015 32.881889763779526 10.204724409448819 a.
229.3228346456693 409.03937007874015 38.55118110236221 10.204724409448819 s.;
251.43307086614172 409.03937007874015 60.661417322834644 10.204724409448819 Madrid,
295.37007874015745 409.03937007874015 27.496062992125985 10.204724409448819 4
306.4251968503937 409.03937007874015 49.60629921259842 10.204724409448819 avril
333.9212598425197 409.03937007874015 38.55118110236221 10.204724409448819 1718,

47.90551181102362 418.3937007874016 80.78740157480316 12.755905511811024 2
80.22047244094489 418.3937007874016 96.94488188976378 12.755905511811024 p.
128.69291338582678 418.3937007874016 113.10236220472441 12.755905511811024 1/2
193.3228346456693 418.3937007874016 145.41732283464566 12.755905511811024 in-4.
290.5511811023622 418.3937007874016 96.94488188976378 12.755905511811024 20
322.86614173228344 418.3937007874016 48.47244094488189 12.755905511811024 »

68.31496062992126 429.4488188976378 40.25196850393701 8.78740157480315 Belle
95.24409448818898 429.4488188976378 44.78740157480315 8.78740157480315 pièce.
126.70866141732283 429.4488188976378 40.25196850393701 8.78740157480315 «Vous
153.63779527559055 429.4488188976378 44.78740157480315 8.78740157480315 verrez
184.8188976377953 429.4488188976378 31.46456692913386 8.78740157480315 par
202.6771653543307 429.4488188976378 31.46456692913386 8.78740157480315 mes
220.8188976377953 429.4488188976378 49.32283464566929 8.78740157480315 lettres
256.53543307086613 429.4488188976378 22.393700787401574 8.78740157480315 à
265.6062992125984 429.4488188976378 31.46456692913386 8.78740157480315 Son
283.46456692913387 429.4488188976378 49.32283464566929 8.78740157480315 Altesse
319.18110236220474 429.4488188976378 44.78740157480315 8.78740157480315 Royale
350.6456692913386 429.4488188976378 26.929133858267715 8.78740157480315 et
359.7165354330709 429.4488188976378 13.32283464566929 8.78740157480315 à

60.09448818897638 438.23622047244095 27.212598425196852 9.070866141732283 M.
73.7007874015748 438.23622047244095 27.212598425196852 9.070866141732283 le
87.30708661417323 438.23622047244095 58.960629921259844 9.070866141732283 mareschal
132.66141732283464 438.23622047244095 58.960629921259844 9.070866141732283 d’Uxelles
178.29921259842519 438.23622047244095 27.212598425196852 9.070866141732283 où
191.90551181102362 438.23622047244095 36.28346456692913 9.070866141732283 j'en
214.58267716535434 438.23622047244095 36.28346456692913 9.070866141732283 suis
237.25984251968504 438.23622047244095 27.212598425196852 9.070866141732283 et
250.86614173228347 438.23622047244095 36.28346456692913 9.070866141732283 vous
273.54330708661416 438.23622047244095 49.889763779527556 9.070866141732283 jugerez
310.1102362204724 438.23622047244095 40.818897637795274 9.070866141732283 mieux
337.3228346456693 438.23622047244095 31.748031496062993 9.070866141732283 que
350.92913385826773 438.23622047244095 22.677165354330707 9.070866141732283 moi

60.09448818897638 447.3070866141732 27.212598425196852 9.070866141732283 de
73.7007874015748 447.3070866141732 27.212598425196852 9.070866141732283 ce
87.30708661417323 447.3070866141732 40.818897637795274 9.070866141732283 qu’on
114.51968503937007 447.3070866141732 36.28346456692913 9.070866141732283 doit
137.1968503937008 447.3070866141732 49.889763779527556 9.070866141732283 augurer
173.48031496062993 447.3070866141732 27.212598425196852 9.070866141732283 de
187.08661417322836 447.3070866141732 31.748031496062993 9.070866141732283 mon
205.22834645669292 447.3070866141732 54.425196850393704 9.070866141732283 voyage.»
246.33070866141733 447.3070866141732 27.212598425196852 9.070866141732283 Il
259.93700787401576 447.3070866141732 31.748031496062993 9.070866141732283 lui
278.0787401574803 447.3070866141732 49.889763779527556 9.070866141732283 demande
314.3622047244094 447.3070866141732 31.748031496062993 9.070866141732283 des
327.9685039370079 447.3070866141732 45.354330708661415 9.070866141732283 conseils

60.661417322834644 456.09448818897636 30.330708661417322 9.070866141732283 qui
77.95275590551181 456.09448818897636 30.330708661417322 9.070866141732283 lui
95.24409448818898 456.09448818897636 30.330708661417322 9.070866141732283 ont
112.81889763779527 456.09448818897636 34.86614173228347 9.070866141732283 déjà
134.36220472440945 456.09448818897636 47.90551181102362 9.070866141732283 profité
169.22834645669292 456.09448818897636 21.826771653543307 9.070866141732283 à
177.73228346456693 456.09448818897636 30.330708661417322 9.070866141732283 ses
195.30708661417322 456.09448818897636 47.90551181102362 9.070866141732283 débuts.
229.88976377952756 456.09448818897636 30.330708661417322 9.070866141732283 «Le
247.46456692913387 456.09448818897636 30.330708661417322 9.070866141732283 roy
264.755905511811 456.09448818897636 56.40944881889764 9.070866141732283 (Philippe
308.12598425196853 456.09448818897636 26.078740157480315 9.070866141732283 V)
321.1653543307087 456.09448818897636 30.330708661417322 9.070866141732283 est
338.45669291338584 456.09448818897636 34.86614173228347 9.070866141732283 dans
356.0314960629921 456.09448818897636 17.291338582677167 9.070866141732283 la

60.661417322834644 464.88188976377955 56.40944881889764 9.070866141732283 meilleure
104.03149606299213 464.88188976377955 39.118110236220474 9.070866141732283 santé
130.11023622047244 464.88188976377955 26.078740157480315 9.070866141732283 du
143.1496062992126 464.88188976377955 43.37007874015748 9.070866141732283 monde,
173.48031496062993 464.88188976377955 34.86614173228347 9.070866141732283 sort
195.30708661417322 464.88188976377955 34.86614173228347 9.070866141732283 tous
216.8503937007874 464.88188976377955 30.330708661417322 9.070866141732283 les
234.4251968503937 464.88188976377955 43.37007874015748 9.070866141732283 jours,
264.755905511811 464.88188976377955 30.330708661417322 9.070866141732283 est
282.0472440944882 464.88188976377955 34.86614173228347 9.070866141732283 gros
303.87401574803147 464.88188976377955 26.078740157480315 9.070866141732283 et
316.9133858267717 464.88188976377955 34.86614173228347 9.070866141732283 gras
338.45669291338584 464.88188976377955 21.826771653543307 9.070866141732283 à
347.244094488189 464.88188976377955 26.078740157480315 9.070866141732283 ne
356.0314960629921 464.88188976377955 17.291338582677167 9.070866141732283 le

60.661417322834644 473.9527559055118 31.748031496062993 9.070866141732283 pas
74.26771653543307 473.9527559055118 72.28346456692914 9.070866141732283 reconnoistre.»

41.669291338582674 484.4409448818898 30.330708661417322 11.05511811023622 132
58.960629921259844 484.4409448818898 64.62992125984252 11.05511811023622 Napoléon
110.55118110236221 484.4409448818898 51.874015748031496 11.05511811023622 Ier,
149.38582677165354 484.4409448818898 51.874015748031496 11.05511811023622 empereur
188.2204724409449 484.4409448818898 30.330708661417322 11.05511811023622 des
205.51181102362204 484.4409448818898 56.125984251968504 11.05511811023622 Français.
248.88188976377953 484.4409448818898 21.543307086614174 11.05511811023622 —
257.38582677165357 484.4409448818898 38.83464566929134 11.05511811023622 Pièce
283.18110236220474 484.4409448818898 34.58267716535433 11.05511811023622 sig.
304.7244094488189 484.4409448818898 64.62992125984252 11.05511811023622 Nap.
352.34645669291336 484.4409448818898 21.543307086614174 11.05511811023622 sur

55.55905511811024 493.2283464566929 96.09448818897638 11.622047244094489 vélin,
123.02362204724409 493.2283464566929 86.45669291338582 11.622047244094489 1813,
180.56692913385828 493.2283464566929 96.09448818897638 11.622047244094489 double
248.03149606299212 493.2283464566929 105.73228346456693 11.622047244094489 in-fol.
324.8503937007874 493.2283464566929 57.826771653543304 11.622047244094489 12
344.12598425196853 493.2283464566929 28.913385826771652 11.622047244094489 »

41.10236220472441 506.5511811023622 30.89763779527559 9.921259842519685 133
58.960629921259844 506.5511811023622 75.4015748031496 9.921259842519685 Nevers
121.03937007874016 506.5511811023622 88.7244094488189 9.921259842519685 (Diane-Gabrielle
196.44094488188978 506.5511811023622 26.64566929133858 9.921259842519685 de
209.76377952755905 506.5511811023622 75.4015748031496 9.921259842519685 Damas,
271.5590551181102 506.5511811023622 53.29133858267716 9.921259842519685 duchesse
311.5275590551181 506.5511811023622 35.43307086614173 9.921259842519685 de),
333.6377952755906 506.5511811023622 39.968503937007874 9.921259842519685 fille
355.748031496063 506.5511811023622 17.858267716535433 9.921259842519685 du

60.09448818897638 516.7559055118111 58.39370078740158 10.771653543307087 marquis
102.61417322834646 516.7559055118111 32.031496062992126 10.771653543307087 de
118.77165354330708 516.7559055118111 63.77952755905512 10.771653543307087 Thianges
166.39370078740157 516.7559055118111 32.031496062992126 10.771653543307087 et
182.5511811023622 516.7559055118111 32.031496062992126 10.771653543307087 de
198.4251968503937 516.7559055118111 69.16535433070867 10.771653543307087 Gabrielle
251.71653543307087 516.7559055118111 32.031496062992126 10.771653543307087 de
262.20472440944883 516.7559055118111 111.68503937007874 10.771653543307087 Rochechouart-

60.37795275590551 526.9606299212599 49.60629921259842 10.204724409448819 mart,
93.25984251968504 526.9606299212599 49.60629921259842 10.204724409448819 nièce
126.4251968503937 526.9606299212599 32.881889763779526 10.204724409448819 de
142.86614173228347 526.9606299212599 38.55118110236221 10.204724409448819 Mme
164.69291338582678 526.9606299212599 32.881889763779526 10.204724409448819 de
181.41732283464566 526.9606299212599 77.10236220472441 10.204724409448819 Montespan,
241.79527559055117 526.9606299212599 49.60629921259842 10.204724409448819 femme
274.96062992125985 526.9606299212599 32.881889763779526 10.204724409448819 du
291.40157480314963 526.9606299212599 49.60629921259842 10.204724409448819 neveu
324.2834645669291 526.9606299212599 32.881889763779526 10.204724409448819 de
335.33858267716533 526.9606299212599 38.55118110236221 10.204724409448819 Maza-

60.94488188976378 536.8818897637796 41.669291338582674 10.488188976377952 rin,
87.02362204724409 536.8818897637796 62.645669291338585 10.488188976377952 Philippe
133.79527559055117 536.8818897637796 62.645669291338585 10.488188976377952 Mancini,
180.8503937007874 536.8818897637796 41.669291338582674 10.488188976377952 amie
206.9291338582677 536.8818897637796 31.181102362204726 10.488188976377952 de
222.51968503937007 536.8818897637796 36.56692913385827 10.488188976377952 Mme
243.49606299212599 536.8818897637796 31.181102362204726 10.488188976377952 de
259.0866141732283 536.8818897637796 62.645669291338585 10.488188976377952 Sévigné,
306.1417322834646 536.8818897637796 67.74803149606299 10.488188976377952 maîtresse
352.9133858267717 536.8818897637796 20.976377952755904 10.488188976377952 du

60.661417322834644 547.0866141732283 54.14173228346457 10.771653543307087 prince
98.36220472440945 547.0866141732283 32.31496062992126 10.771653543307087 de
114.51968503937007 547.0866141732283 54.14173228346457 10.771653543307087 Condé,
152.50393700787401 547.0866141732283 48.47244094488189 10.771653543307087 morte
184.8188976377953 547.0866141732283 32.31496062992126 10.771653543307087 en
200.9763779527559 547.0866141732283 48.47244094488189 10.771653543307087 1715.
233.5748031496063 547.0866141732283 26.929133858267715 10.771653543307087 —
244.3464566929134 547.0866141732283 32.31496062992126 10.771653543307087 L.
260.503937007874 547.0866141732283 32.31496062992126 10.771653543307087 a.
276.66141732283467 547.0866141732283 32.31496062992126 10.771653543307087 s.
292.81889763779526 547.0866141732283 26.929133858267715 10.771653543307087 à
303.59055118110234 547.0866141732283 64.91338582677166 10.771653543307087 Guitaut,
346.96062992125985 547.0866141732283 26.929133858267715 10.771653543307087 son

60.94488188976378 557.007874015748 65.48031496062993 10.771653543307087 aumônier,
111.4015748031496 557.007874015748 25.228346456692915 10.771653543307087 à
121.32283464566929 557.007874015748 55.275590551181104 10.771653543307087 Nevers;
161.5748031496063 557.007874015748 55.275590551181104 10.771653543307087 Venise,
201.82677165354332 557.007874015748 25.228346456692915 10.771653543307087 5
212.03149606299212 557.007874015748 60.37795275590551 10.771653543307087 novembre
257.38582677165357 557.007874015748 55.275590551181104 10.771653543307087 (1699),
297.6377952755906 557.007874015748 25.228346456692915 10.771653543307087 1
307.5590551181102 557.007874015748 30.330708661417322 10.771653543307087 p.
322.5826771653543 557.007874015748 35.1496062992126 10.771653543307087 1/2
337.8897637795276 557.007874015748 35.1496062992126 10.771653543307087 in

57.826771653543304 567.2125984251968 102.61417322834646 10.771653543307087 Fragments
136.91338582677164 567.2125984251968 47.338582677165356 10.771653543307087 de
160.44094488188978 567.2125984251968 94.67716535433071 10.771653543307087 cachets.
231.59055118110237 567.2125984251968 126.4251968503937 10.771653543307087 Rare.
334.48818897637796 567.2125984251968 47.338582677165356 10.771653543307087 30
350.0787401574803 567.2125984251968 23.811023622047244 10.771653543307087 »

41.669291338582674 579.1181102362204 34.2992125984252 12.188976377952756 134
61.22834645669291 579.1181102362204 68.5984251968504 12.188976377952756 Ney
115.08661417322834 579.1181102362204 63.496062992125985 12.188976377952756 (Michel),
163.84251968503938 579.1181102362204 49.039370078740156 12.188976377952756 prince
198.14173228346456 579.1181102362204 29.480314960629922 12.188976377952756 de
212.88188976377953 579.1181102362204 29.480314960629922 12.188976377952756 la
227.6220472440945 579.1181102362204 58.67716535433071 12.188976377952756 Moskowa,
271.5590551181102 579.1181102362204 58.67716535433071 12.188976377952756 illustre
315.7795275590551 579.1181102362204 58.67716535433071 12.188976377952756 maréchal
354.8976377952756 579.1181102362204 19.559055118110237 12.188976377952756 de

60.94488188976378 589.0393700787401 70.2992125984252 11.05511811023622 l’Empire.
115.08661417322834 589.0393700787401 27.212598425196852 11.05511811023622 —
125.85826771653544 589.0393700787401 32.59842519685039 11.05511811023622 1°
142.01574803149606 589.0393700787401 86.74015748031496 11.05511811023622 Dispositions
212.5984251968504 589.0393700787401 37.98425196850393 11.05511811023622 des
234.14173228346456 589.0393700787401 59.52755905511811 11.05511811023622 troupes
277.51181102362204 589.0393700787401 32.59842519685039 11.05511811023622 du
293.6692913385827 589.0393700787401 32.59842519685039 11.05511811023622 6e
310.1102362204724 589.0393700787401 48.75590551181102 11.05511811023622 corps
342.4251968503937 589.0393700787401 32.59842519685039 11.05511811023622 de
353.4803149606299 589.0393700787401 21.543307086614174 11.05511811023622 la
