403.65354330708664 656.2204724409448
155.90551181102362 10.771653543307087 34.58267716535433 16.440944881889763 —
169.51181102362204 10.771653543307087 34.58267716535433 16.440944881889763 7
176.5984251968504 10.771653543307087 20.69291338582677 16.440944881889763 —

30.330708661417322 38.55118110236221 44.78740157480315 10.204724409448819 1556,
60.37795275590551 38.55118110236221 39.68503937007874 10.204724409448819 mort
85.03937007874016 38.55118110236221 24.944881889763778 10.204724409448819 à
94.96062992125984 38.55118110236221 49.60629921259842 10.204724409448819 Paris,
129.82677165354332 38.55118110236221 29.763779527559056 10.204724409448819 le
144.8503937007874 38.55118110236221 24.944881889763778 10.204724409448819 5
154.77165354330708 38.55118110236221 64.62992125984252 10.204724409448819 septembre
204.3779527559055 38.55118110236221 44.78740157480315 10.204724409448819 1618.
234.14173228346456 38.55118110236221 24.944881889763778 10.204724409448819 —
244.06299212598427 38.55118110236221 24.944881889763778 10.204724409448819 2
253.98425196850394 38.55118110236221 49.60629921259842 10.204724409448819 pièces
288.8503937007874 38.55118110236221 34.86614173228347 10.204724409448819 sur
303.87401574803147 38.55118110236221 39.68503937007874 10.204724409448819 vélin,

30.330708661417322 48.47244094488189 41.669291338582674 11.905511811023622 dont
56.40944881889764 48.47244094488189 36.56692913385827 11.905511811023622 une
77.10236220472441 48.47244094488189 57.54330708661417 11.905511811023622 signée;
119.05511811023622 48.47244094488189 52.15748031496063 11.905511811023622 Paris,
155.6220472440945 48.47244094488189 47.05511811023622 11.905511811023622 avril
186.8031496062992 48.47244094488189 47.05511811023622 11.905511811023622 1615,
218.26771653543307 48.47244094488189 47.05511811023622 11.905511811023622 in-4,
249.4488188976378 48.47244094488189 83.62204724409449 11.905511811023622 endommagées.
317.4803149606299 48.47244094488189 31.46456692913386 11.905511811023622 10
327.9685039370079 48.47244094488189 15.590551181102363 11.905511811023622 »

41.95275590551181 58.67716535433071 27.77952755905512 9.070866141732283 1°
55.84251968503937 58.67716535433071 64.91338582677166 9.070866141732283 Nomination
106.86614173228347 58.67716535433071 32.59842519685039 9.070866141732283 par
125.5748031496063 58.67716535433071 27.77952755905512 9.070866141732283 le
139.46456692913387 58.67716535433071 55.84251968503937 9.070866141732283 Cardinal
181.13385826771653 58.67716535433071 60.37795275590551 9.070866141732283 Duperron,
227.6220472440945 58.67716535433071 41.95275590551181 9.070866141732283 comme
255.68503937007873 58.67716535433071 64.91338582677166 9.070866141732283 archevêque
306.70866141732284 58.67716535433071 27.77952755905512 9.070866141732283 de
316.06299212598424 58.67716535433071 27.77952755905512 9.070866141732283 Sens

31.181102362204726 67.46456692913385 27.77952755905512 9.070866141732283 et
45.07086614173228 67.46456692913385 41.38582677165354 9.070866141732283 grand
72.56692913385827 67.46456692913385 55.275590551181104 9.070866141732283 aumônier
113.95275590551181 67.46456692913385 27.77952755905512 9.070866141732283 de
127.84251968503936 67.46456692913385 50.74015748031496 9.070866141732283 France,
164.69291338582678 67.46456692913385 27.77952755905512 9.070866141732283 de
178.58267716535434 67.46456692913385 46.20472440944882 9.070866141732283 Pierre
210.89763779527559 67.46456692913385 41.38582677165354 9.070866141732283 David
238.39370078740157 67.46456692913385 22.96062992125984 9.070866141732283 à
247.748031496063 67.46456692913385 27.77952755905512 9.070866141732283 la
261.3543307086614 67.46456692913385 55.275590551181104 9.070866141732283 chapelle
303.0236220472441 67.46456692913385 27.77952755905512 9.070866141732283 et
312.09448818897636 67.46456692913385 32.31496062992126 9.070866141732283 mala-

31.748031496062993 76.25196850393701 45.07086614173228 9.354330708661417 drerie
63.496062992125985 76.25196850393701 27.212598425196852 9.354330708661417 de
76.81889763779527 76.25196850393701 76.81889763779527 9.354330708661417 Guerquesalles
140.31496062992127 76.25196850393701 49.60629921259842 9.354330708661417 (Orne).
176.31496062992127 76.25196850393701 31.748031496062993 9.354330708661417 —2°
194.45669291338584 76.25196850393701 72.28346456692914 9.354330708661417 Confirmation
253.13385826771653 76.25196850393701 27.212598425196852 9.354330708661417 de
266.74015748031496 76.25196850393701 40.53543307086614 9.354330708661417 celte
289.4173228346457 76.25196850393701 54.14173228346457 9.354330708661417 nomination

31.181102362204726 85.32283464566929 31.46456692913386 9.070866141732283 par
49.039370078740156 85.32283464566929 26.929133858267715 9.070866141732283 le
62.645669291338585 85.32283464566929 31.46456692913386 9.070866141732283 roi
80.50393700787401 85.32283464566929 40.25196850393701 9.070866141732283 Louis
107.43307086614173 85.32283464566929 40.25196850393701 9.070866141732283 XIII,
134.36220472440945 85.32283464566929 40.25196850393701 9.070866141732283 comme
161.00787401574803 85.32283464566929 40.25196850393701 9.070866141732283 ayant
187.93700787401573 85.32283464566929 40.25196850393701 9.070866141732283 droit
214.86614173228347 85.32283464566929 31.46456692913386 9.070866141732283 «de
232.7244094488189 85.32283464566929 53.85826771653543 9.070866141732283 pourvoir
272.9763779527559 85.32283464566929 22.393700787401574 9.070866141732283 à
277.51181102362204 85.32283464566929 67.18110236220473 9.070866141732283 l'administra-

31.46456692913386 94.11023622047244 36.28346456692913 9.070866141732283 tion
54.14173228346457 94.11023622047244 27.212598425196852 9.070866141732283 de
67.74803149606299 94.11023622047244 36.28346456692913 9.070866141732283 tous
90.4251968503937 94.11023622047244 31.748031496062993 9.070866141732283 les
108.56692913385827 94.11023622047244 63.496062992125985 9.070866141732283 hospitaux,
158.45669291338584 94.11023622047244 68.03149606299213 9.070866141732283 maladreries
212.88188976377953 94.11023622047244 27.212598425196852 9.070866141732283 et
226.48818897637796 94.11023622047244 40.818897637795274 9.070866141732283 autre
253.70078740157481 94.11023622047244 40.818897637795274 9.070866141732283 lieux
280.9133858267717 94.11023622047244 63.496062992125985 9.070866141732283 pitoyables
326.26771653543307 94.11023622047244 18.141732283464567 9.070866141732283 de

30.330708661417322 103.74803149606299 50.45669291338583 8.220472440944881 nostre
60.661417322834644 103.74803149606299 55.55905511811024 8.220472440944881 royaume.»

15.023622047244094 111.96850393700787 30.330708661417322 10.488188976377952 45
30.330708661417322 111.96850393700787 45.63779527559055 10.488188976377952 Du
60.661417322834644 111.96850393700787 126.4251968503937 10.488188976377952 Plessis-Liancourt
171.7795275590551 111.96850393700787 81.07086614173228 10.488188976377952 (Guillaume),
237.54330708661416 111.96850393700787 55.55905511811024 10.488188976377952 célèbre
278.0787401574803 111.96850393700787 65.76377952755905 10.488188976377952 diplomate
323.7165354330709 111.96850393700787 20.125984251968504 10.488188976377952 du

30.04724409448819 121.88976377952756 37.98425196850393 10.488188976377952 XVIe
53.85826771653543 121.88976377952756 52.44094488188976 10.488188976377952 siècle,
91.84251968503936 121.88976377952756 47.62204724409449 10.488188976377952 chargé
125.29133858267717 121.88976377952756 66.61417322834646 10.488188976377952 d’affaires
177.73228346456693 121.88976377952756 28.62992125984252 10.488188976377952 de
191.90551181102362 121.88976377952756 42.803149606299215 10.488188976377952 Henri
220.53543307086613 121.88976377952756 28.62992125984252 10.488188976377952 II
234.70866141732284 121.88976377952756 28.62992125984252 10.488188976377952 en
248.88188976377953 121.88976377952756 52.44094488188976 10.488188976377952 Suisse,
287.1496062992126 121.88976377952756 28.62992125984252 10.488188976377952 né
301.3228346456693 121.88976377952756 28.62992125984252 10.488188976377952 en
310.96062992125985 121.88976377952756 33.16535433070866 10.488188976377952 1491,

30.614173228346456 132.09448818897638 40.25196850393701 10.771653543307087 mort
55.84251968503937 132.09448818897638 30.330708661417322 10.771653543307087 en
70.86614173228347 132.09448818897638 45.354330708661415 10.771653543307087 1550.
101.19685039370079 132.09448818897638 25.228346456692915 10.771653543307087 —
111.4015748031496 132.09448818897638 40.25196850393701 10.771653543307087 Let.
136.3464566929134 132.09448818897638 45.354330708661415 10.771653543307087 sig.;
166.6771653543307 132.09448818897638 65.48031496062993 10.771653543307087 Fribourg,
217.13385826771653 132.09448818897638 30.330708661417322 10.771653543307087 13
232.15748031496062 132.09448818897638 45.354330708661415 10.771653543307087 avril
262.48818897637796 132.09448818897638 45.354330708661415 10.771653543307087 1550,
292.53543307086613 132.09448818897638 35.1496062992126 10.771653543307087 3/4
312.66141732283467 132.09448818897638 30.330708661417322 10.771653543307087 de
322.86614173228344 132.09448818897638 20.125984251968504 10.771653543307087 p.

9.637795275590552 141.73228346456693 282.61417322834643 8.503937007874017 in-fol.
215.43307086614172 141.73228346456693 154.20472440944883 8.503937007874017 15
266.74015748031496 141.73228346456693 77.10236220472441 8.503937007874017 »

41.669291338582674 152.2204724409449 42.23622047244095 9.070866141732283 Lettre
71.14960629921259 152.2204724409449 58.960629921259844 9.070866141732283 historique
117.63779527559055 152.2204724409449 50.45669291338583 9.070866141732283 relative
155.33858267716536 152.2204724409449 20.976377952755904 9.070866141732283 à
163.84251968503938 152.2204724409449 25.228346456692915 9.070866141732283 la
176.5984251968504 152.2204724409449 33.732283464566926 9.070866141732283 paix
197.5748031496063 152.2204724409449 33.732283464566926 9.070866141732283 avec
218.5511811023622 152.2204724409449 71.71653543307086 9.070866141732283 l’Angleterre.
277.51181102362204 152.2204724409449 25.228346456692915 9.070866141732283 Le
290.26771653543307 152.2204724409449 29.480314960629922 9.070866141732283 roi
302.74015748031496 152.2204724409449 42.23622047244095 9.070866141732283 d'Angle-

31.46456692913386 161.29133858267716 40.25196850393701 9.070866141732283 terre
58.39370078740158 161.29133858267716 40.25196850393701 9.070866141732283 «rend
85.32283464566929 161.29133858267716 26.929133858267715 9.070866141732283 sa
98.64566929133858 161.29133858267716 40.25196850393701 9.070866141732283 ville
125.5748031496063 161.29133858267716 26.929133858267715 9.070866141732283 de
138.89763779527559 161.29133858267716 58.110236220472444 9.070866141732283 Boulongne
183.68503937007873 161.29133858267716 26.929133858267715 9.070866141732283 et
197.29133858267716 161.29133858267716 67.18110236220473 9.070866141732283 entièrement
250.86614173228347 161.29133858267716 35.71653543307087 9.070866141732283 tout
273.25984251968504 161.29133858267716 26.929133858267715 9.070866141732283 le
286.86614173228344 161.29133858267716 35.71653543307087 9.070866141732283 pays
309.25984251968504 161.29133858267716 26.929133858267715 9.070866141732283 de
318.0472440944882 161.29133858267716 26.929133858267715 9.070866141732283 Bou-

31.46456692913386 170.36220472440945 54.425196850393704 9.070866141732283 lonnoys,
72.28346456692914 170.36220472440945 40.818897637795274 9.070866141732283 aussi
99.49606299212599 170.36220472440945 36.28346456692913 9.070866141732283 tout
122.1732283464567 170.36220472440945 27.212598425196852 9.070866141732283 ce
135.7795275590551 170.36220472440945 31.748031496062993 9.070866141732283 que
153.92125984251967 170.36220472440945 40.818897637795274 9.070866141732283 ledit
181.13385826771653 170.36220472440945 31.748031496062993 9.070866141732283 roi
199.55905511811022 170.36220472440945 72.56692913385827 9.070866141732283 d’Angleterre
258.5196850393701 170.36220472440945 45.354330708661415 9.070866141732283 tenoit
290.26771653543307 170.36220472440945 27.212598425196852 9.070866141732283 au
299.33858267716533 170.36220472440945 45.354330708661415 9.070866141732283 royaulme

25.79527559055118 178.86614173228347 58.39370078740158 7.3700787401574805 d’Escosse»

15.874015748031496 187.6535433070866 27.77952755905512 10.771653543307087 46
29.763779527559056 187.6535433070866 92.69291338582677 10.771653543307087 Duverdus,
108.56692913385827 187.6535433070866 51.023622047244096 10.771653543307087 célèbre
145.41732283464566 187.6535433070866 64.91338582677166 10.771653543307087 philosophe
196.44094488188978 187.6535433070866 73.98425196850394 10.771653543307087 sensualiste,
256.53543307086613 187.6535433070866 55.55905511811024 10.771653543307087 disciple
298.48818897637796 187.6535433070866 27.77952755905512 10.771653543307087 et
312.37795275590554 187.6535433070866 32.31496062992126 10.771653543307087 ami
326.26771653543307 187.6535433070866 18.4251968503937 10.771653543307087 de

31.181102362204726 198.14173228346456 56.125984251968504 10.488188976377952 Gassendi
73.41732283464567 198.14173228346456 32.881889763779526 10.488188976377952 qui
92.1259842519685 198.14173228346456 28.062992125984252 10.488188976377952 en
106.2992125984252 198.14173228346456 42.23622047244095 10.488188976377952 parle
134.36220472440945 198.14173228346456 37.41732283464567 10.488188976377952 dans
157.60629921259843 198.14173228346456 32.881889763779526 10.488188976377952 ses
176.31496062992127 198.14173228346456 84.18897637795276 10.488188976377952 Œuvres.
246.61417322834646 198.14173228346456 23.52755905511811 10.488188976377952 —
255.96850393700788 198.14173228346456 28.062992125984252 10.488188976377952 L.
270.1417322834646 198.14173228346456 28.062992125984252 10.488188976377952 a.
284.0314960629921 198.14173228346456 28.062992125984252 10.488188976377952 s.
298.20472440944883 198.14173228346456 28.062992125984252 10.488188976377952 (à
307.5590551181102 198.14173228346456 37.41732283464567 10.488188976377952 Thomas

31.181102362204726 208.06299212598427 50.74015748031496 10.204724409448819 Hobbes,
68.03149606299213 208.06299212598427 27.77952755905512 10.204724409448819 le
81.92125984251969 208.06299212598427 50.74015748031496 10.204724409448819 célèbre
118.77165354330708 208.06299212598427 46.20472440944882 10.204724409448819 auteur
151.08661417322836 208.06299212598427 27.77952755905512 10.204724409448819 du
164.9763779527559 208.06299212598427 101.48031496062993 10.204724409448819 Léviathan);
252.56692913385828 208.06299212598427 46.20472440944882 10.204724409448819 Paris,
284.88188976377955 208.06299212598427 27.77952755905512 10.204724409448819 16
298.48818897637796 208.06299212598427 32.31496062992126 10.204724409448819 mai
312.37795275590554 208.06299212598427 32.31496062992126 10.204724409448819 1654,

16.15748031496063 218.26771653543307 102.61417322834646 10.204724409448819 3
56.976377952755904 218.26771653543307 123.02362204724409 10.204724409448819 p.
118.48818897637796 218.26771653543307 184.53543307086613 10.204724409448819 in-4.
241.51181102362204 218.26771653543307 123.02362204724409 10.204724409448819 25
282.61417322834643 218.26771653543307 61.511811023622045 10.204724409448819 »

40.53543307086614 228.4724409448819 26.362204724409448 9.070866141732283 Il
53.85826771653543 228.4724409448819 30.89763779527559 9.070866141732283 lui
71.43307086614173 228.4724409448819 39.68503937007874 9.070866141732283 parle
98.07874015748031 228.4724409448819 48.47244094488189 9.070866141732283 d’abord
133.22834645669292 228.4724409448819 26.362204724409448 9.070866141732283 de
146.5511811023622 228.4724409448819 48.47244094488189 9.070866141732283 calculs
181.70078740157481 228.4724409448819 88.15748031496064 9.070866141732283 trigonométriques
256.53543307086613 228.4724409448819 26.362204724409448 9.070866141732283 et
269.8582677165354 228.4724409448819 30.89763779527559 9.070866141732283 lui
287.43307086614175 228.4724409448819 48.47244094488189 9.070866141732283 raconte
318.3307086614173 228.4724409448819 26.362204724409448 9.070866141732283 que,

30.89763779527559 237.54330708661416 44.22047244094488 8.78740157480315 durant
62.07874015748032 237.54330708661416 30.89763779527559 8.78740157480315 les
79.65354330708661 237.54330708661416 53.00787401574803 8.78740157480315 derniers
119.33858267716535 237.54330708661416 57.54330708661417 8.78740157480315 troubles,
163.55905511811022 237.54330708661416 26.64566929133858 8.78740157480315 il
176.88188976377953 237.54330708661416 22.11023622047244 8.78740157480315 a
185.66929133858267 237.54330708661416 26.64566929133858 8.78740157480315 dû
198.99212598425197 237.54330708661416 44.22047244094488 8.78740157480315 cacher
229.88976377952756 237.54330708661416 30.89763779527559 8.78740157480315 ses
247.748031496063 237.54330708661416 44.22047244094488 8.78740157480315 livres
278.6456692913386 237.54330708661416 26.64566929133858 8.78740157480315 et
291.9685039370079 237.54330708661416 30.89763779527559 8.78740157480315 ses
305.29133858267716 237.54330708661416 39.68503937007874 8.78740157480315 papiers

31.46456692913386 246.33070866141733 36.28346456692913 9.070866141732283 chez
54.14173228346457 246.33070866141733 27.212598425196852 9.070866141732283 un
67.74803149606299 246.33070866141733 59.24409448818898 9.070866141732283 bourgeois
113.38582677165354 246.33070866141733 27.212598425196852 9.070866141732283 de
126.99212598425197 246.33070866141733 27.212598425196852 9.070866141732283 la
140.5984251968504 246.33070866141733 31.748031496062993 9.070866141732283 rue
158.74015748031496 246.33070866141733 72.85039370078741 9.070866141732283 Saint-Denis.
217.98425196850394 246.33070866141733 27.212598425196852 9.070866141732283 Il
231.59055118110237 246.33070866141733 49.889763779527556 9.070866141732283 insiste
267.87401574803147 246.33070866141733 31.748031496062993 9.070866141732283 sur
286.01574803149606 246.33070866141733 31.748031496062993 9.070866141732283 ses
299.90551181102364 246.33070866141733 45.354330708661415 9.070866141732283 rapports

31.181102362204726 255.11811023622047 32.881889763779526 9.070866141732283 avec
51.874015748031496 255.11811023622047 53.574803149606296 9.070866141732283 Gassendi,
93.25984251968504 255.11811023622047 28.913385826771652 9.070866141732283 qui
109.7007874015748 255.11811023622047 24.661417322834644 9.070866141732283 va
122.1732283464567 255.11811023622047 37.13385826771653 9.070866141732283 faire
146.83464566929135 255.11811023622047 49.60629921259842 9.070866141732283 imprimer
183.96850393700788 255.11811023622047 28.913385826771652 9.070866141732283 son
200.40944881889763 255.11811023622047 78.51968503937007 9.070866141732283 Epicure.
266.45669291338584 255.11811023622047 24.661417322834644 9.070866141732283 Il
278.92913385826773 255.11811023622047 49.60629921259842 9.070866141732283 voudrait
312.09448818897636 255.11811023622047 32.881889763779526 9.070866141732283 savoir

32.031496062992126 263.90551181102364 52.44094488188976 8.78740157480315 l'Anglais
72.28346456692914 263.90551181102364 32.31496062992126 8.78740157480315 pour
92.69291338582677 263.90551181102364 32.31496062992126 8.78740157480315 lire
112.81889763779527 263.90551181102364 56.69291338582677 8.78740157480315 couramment
157.3228346456693 263.90551181102364 24.37795275590551 8.78740157480315 le
169.51181102362204 263.90551181102364 80.78740157480316 8.78740157480315 Leviathan
238.11023622047244 263.90551181102364 24.37795275590551 8.78740157480315 de
246.33070866141733 263.90551181102364 36.28346456692913 8.78740157480315 Hobbes.

17.5748031496063 272.9763779527559 28.913385826771652 10.204724409448819 47
32.031496062992126 272.9763779527559 86.74015748031496 10.204724409448819 Enghien
104.31496062992126 272.9763779527559 115.65354330708661 10.204724409448819 (Louis-Antoine-Henri
205.22834645669292 272.9763779527559 28.913385826771652 10.204724409448819 de
219.68503937007873 272.9763779527559 57.826771653543304 10.204724409448819 Bourbon,
263.0551181102362 272.9763779527559 33.732283464566926 10.204724409448819 duc
282.3307086614173 272.9763779527559 38.55118110236221 10.204724409448819 d’),
301.6062992125984 272.9763779527559 43.37007874015748 10.204724409448819 fusillé

30.330708661417322 282.61417322834643 42.51968503937008 11.05511811023622 dans
56.976377952755904 282.61417322834643 37.41732283464567 11.05511811023622 les
78.23622047244095 282.61417322834643 53.29133858267716 11.05511811023622 fossés
115.65354330708661 282.61417322834643 32.031496062992126 11.05511811023622 de
131.5275590551181 282.61417322834643 69.16535433070867 11.05511811023622 Vincennes
184.8188976377953 282.61417322834643 37.41732283464567 11.05511811023622 par
206.07874015748033 282.61417322834643 47.90551181102362 11.05511811023622 ordre
238.11023622047244 282.61417322834643 32.031496062992126 11.05511811023622 de
254.26771653543307 282.61417322834643 64.06299212598425 11.05511811023622 Napoléon
302.1732283464567 282.61417322834643 42.51968503937008 11.05511811023622 Ier,
323.43307086614175 282.61417322834643 21.25984251968504 11.05511811023622 le

31.46456692913386 293.38582677165357 25.79527559055118 10.204724409448819 21
44.22047244094488 293.38582677165357 34.2992125984252 10.204724409448819 mars
65.76377952755905 293.38582677165357 38.55118110236221 10.204724409448819 1804.
91.55905511811024 293.38582677165357 21.543307086614174 10.204724409448819 —
100.06299212598425 293.38582677165357 25.79527559055118 10.204724409448819 L.
113.10236220472441 293.38582677165357 25.79527559055118 10.204724409448819 a.
125.85826771653544 293.38582677165357 30.04724409448819 10.204724409448819 s.;
142.86614173228347 293.38582677165357 47.338582677165356 10.204724409448819 (1796),
177.4488188976378 293.38582677165357 30.04724409448819 10.204724409448819 3/4
194.45669291338584 293.38582677165357 25.79527559055118 10.204724409448819 de
207.49606299212599 293.38582677165357 25.79527559055118 10.204724409448819 p.
220.251968503937 293.38582677165357 38.55118110236221 10.204724409448819 in-4.
246.04724409448818 293.38582677165357 68.5984251968504 10.204724409448819 Très-rare
297.3543307086614 293.38582677165357 47.338582677165356 10.204724409448819 auto

24.094488188976378 303.87401574803147 154.20472440944883 9.637795275590552 graphe
142.58267716535434 303.87401574803147 165.82677165354332 9.637795275590552 signé.
272.9763779527559 303.87401574803147 83.05511811023622 9.637795275590552 300
308.6929133858268 303.87401574803147 35.43307086614173 9.637795275590552 »

39.118110236220474 313.51181102362204 65.76377952755905 8.78740157480315 Importante
90.99212598425197 313.51181102362204 47.05511811023622 8.78740157480315 lettre
123.8740157480315 313.51181102362204 65.76377952755905 8.78740157480315 historique
175.46456692913387 313.51181102362204 47.05511811023622 8.78740157480315 écrite
208.3464566929134 313.51181102362204 42.23622047244095 8.78740157480315 comme
236.69291338582678 313.51181102362204 65.76377952755905 8.78740157480315 commandant
288.2834645669291 313.51181102362204 28.062992125984252 8.78740157480315 de
297.6377952755906 313.51181102362204 47.05511811023622 8.78740157480315 l’avant-

31.46456692913386 322.2992125984252 39.118110236220474 8.78740157480315 garde
57.54330708661417 322.2992125984252 26.078740157480315 8.78740157480315 de
70.58267716535433 322.2992125984252 47.90551181102362 8.78740157480315 l’armée
105.16535433070867 322.2992125984252 26.078740157480315 8.78740157480315 de
118.20472440944881 322.2992125984252 39.118110236220474 8.78740157480315 Condé
144.28346456692913 322.2992125984252 30.330708661417322 8.78740157480315 sur
161.85826771653544 322.2992125984252 26.078740157480315 8.78740157480315 le
174.89763779527559 322.2992125984252 39.118110236220474 8.78740157480315 Rhin.
200.9763779527559 322.2992125984252 34.86614173228347 8.78740157480315 Elle
222.8031496062992 322.2992125984252 30.330708661417322 8.78740157480315 est
240.09448818897638 322.2992125984252 52.15748031496063 8.78740157480315 relative
279.21259842519686 322.2992125984252 21.826771653543307 8.78740157480315 à
288.0 322.2992125984252 26.078740157480315 8.78740157480315 la
296.503937007874 322.2992125984252 47.90551181102362 8.78740157480315 capitula-

31.46456692913386 331.37007874015745 34.86614173228347 9.070866141732283 tion
53.00787401574803 331.37007874015745 30.330708661417322 9.070866141732283 qui
70.58267716535433 331.37007874015745 39.118110236220474 9.070866141732283 avait
96.66141732283465 331.37007874015745 30.330708661417322 9.070866141732283 été
113.95275590551181 331.37007874015745 78.23622047244095 9.070866141732283 provisoirement
179.43307086614172 331.37007874015745 47.90551181102362 9.070866141732283 conclue
214.01574803149606 331.37007874015745 39.118110236220474 9.070866141732283 entre
240.3779527559055 331.37007874015745 30.330708661417322 9.070866141732283 lui
257.6692913385827 331.37007874015745 26.078740157480315 9.070866141732283 et
270.70866141732284 331.37007874015745 30.330708661417322 9.070866141732283 les
283.748031496063 331.37007874015745 60.94488188976378 9.070866141732283 avant

31.181102362204726 340.15748031496065 54.99212598425197 9.070866141732283 français.
73.7007874015748 340.15748031496065 46.488188976377955 9.070866141732283 Suivant
107.43307086614173 340.15748031496065 25.511811023622048 9.070866141732283 ce
120.18897637795276 340.15748031496065 38.267716535433074 9.070866141732283 qu’il
145.70078740157481 340.15748031496065 29.763779527559056 9.070866141732283 lui
162.4251968503937 340.15748031496065 21.25984251968504 9.070866141732283 a
170.9291338582677 340.15748031496065 46.488188976377955 9.070866141732283 appris,
204.9448818897638 340.15748031496065 25.511811023622048 9.070866141732283 il
217.70078740157481 340.15748031496065 21.25984251968504 9.070866141732283 a
226.20472440944883 340.15748031496065 34.01574803149607 9.070866141732283 prié
247.1811023622047 340.15748031496065 25.511811023622048 9.070866141732283 M.
259.93700787401576 340.15748031496065 50.74015748031496 9.070866141732283 Williams
298.20472440944883 340.15748031496065 25.511811023622048 9.070866141732283 de
306.4251968503937 340.15748031496065 38.267716535433074 9.070866141732283 vouloir

31.46456692913386 348.9448818897638 34.86614173228347 9.070866141732283 bien
53.00787401574803 348.9448818897638 43.653543307086615 9.070866141732283 rompre
83.62204724409449 348.9448818897638 30.330708661417322 9.070866141732283 les
100.91338582677166 348.9448818897638 52.15748031496063 9.070866141732283 articles
140.03149606299212 348.9448818897638 26.078740157480315 9.070866141732283 de
153.35433070866142 348.9448818897638 39.118110236220474 9.070866141732283 cette
179.43307086614172 348.9448818897638 73.98425196850394 9.070866141732283 capitulation.
240.3779527559055 348.9448818897638 69.73228346456693 9.070866141732283 «J’attendrai
296.78740157480314 348.9448818897638 30.330708661417322 9.070866141732283 les
309.8267716535433 348.9448818897638 34.86614173228347 9.070866141732283 ordres

31.181102362204726 358.01574803149606 27.77952755905512 8.78740157480315 de
45.07086614173228 358.01574803149606 27.77952755905512 8.78740157480315 M.
58.67716535433071 358.01574803149606 64.62992125984252 8.78740157480315 l’archiduc
109.41732283464567 358.01574803149606 50.74015748031496 8.78740157480315 Charles
146.26771653543307 358.01574803149606 32.31496062992126 8.78740157480315 que
164.69291338582678 358.01574803149606 32.31496062992126 8.78740157480315 mon
183.11811023622047 358.01574803149606 41.38582677165354 8.78740157480315 grand
210.89763779527559 358.01574803149606 36.8503937007874 8.78740157480315 père
233.85826771653544 358.01574803149606 32.31496062992126 8.78740157480315 (le
252.28346456692913 358.01574803149606 46.20472440944882 8.78740157480315 prince
284.59842519685037 358.01574803149606 27.77952755905512 8.78740157480315 de
298.20472440944883 358.01574803149606 46.20472440944882 8.78740157480315 Condé)
325.98425196850394 358.01574803149606 18.4251968503937 8.78740157480315 me

31.46456692913386 367.0866141732283 35.71653543307087 8.78740157480315 fera
53.85826771653543 367.0866141732283 44.78740157480315 8.78740157480315 passer
85.03937007874016 367.0866141732283 35.71653543307087 8.78740157480315 pour
107.43307086614173 367.0866141732283 58.110236220472444 8.78740157480315 continuer
152.2204724409449 367.0866141732283 26.929133858267715 8.78740157480315 ou
165.54330708661416 367.0866141732283 44.78740157480315 8.78740157480315 cesser
196.7244094488189 367.0866141732283 40.25196850393701 8.78740157480315 toute
223.6535433070866 367.0866141732283 71.43307086614173 8.78740157480315 capitulation
281.4803149606299 367.0866141732283 35.71653543307087 8.78740157480315 avec
299.33858267716533 367.0866141732283 44.78740157480315 8.78740157480315 l’ennemi

31.181102362204726 375.87401574803147 35.1496062992126 8.78740157480315 dans
53.29133858267716 375.87401574803147 39.68503937007874 8.78740157480315 cette
75.4015748031496 375.87401574803147 43.93700787401575 8.78740157480315 partie.»

16.440944881889763 384.66141732283467 23.244094488188978 10.204724409448819 48
28.062992125984252 384.66141732283467 61.79527559055118 10.204724409448819 Ferdinand
78.23622047244095 384.66141732283467 46.20472440944882 10.204724409448819 Ier,
112.81889763779527 384.66141732283467 26.929133858267715 10.204724409448819 dit
128.40944881889763 384.66141732283467 34.58267716535433 10.204724409448819 le
151.37007874015748 384.66141732283467 50.173228346456696 10.204724409448819 Juste
189.92125984251967 384.66141732283467 23.244094488188978 10.204724409448819 et
201.54330708661416 384.66141732283467 81.07086614173228 10.204724409448819 l'Honnète,
270.99212598425197 384.66141732283467 26.929133858267715 10.204724409448819 roi
286.2992125984252 384.66141732283467 46.20472440944882 10.204724409448819 d’Aragon
320.88188976377955 384.66141732283467 23.244094488188978 10.204724409448819 et
328.81889763779526 384.66141732283467 15.307086614173228 10.204724409448819 de

30.614173228346456 394.86614173228344 65.76377952755905 9.921259842519685 Castille,
81.35433070866142 394.86614173228344 40.53543307086614 9.921259842519685 fils
106.58267716535433 394.86614173228344 30.330708661417322 9.921259842519685 de
121.60629921259843 394.86614173228344 40.53543307086614 9.921259842519685 Jean
147.11811023622047 394.86614173228344 40.53543307086614 9.921259842519685 Ier,
172.3464566929134 394.86614173228344 30.330708661417322 9.921259842519685 né
187.6535433070866 394.86614173228344 30.330708661417322 9.921259842519685 en
202.6771653543307 394.86614173228344 45.63779527559055 9.921259842519685 1373,
233.00787401574803 394.86614173228344 40.53543307086614 9.921259842519685 mort
258.5196850393701 394.86614173228344 30.330708661417322 9.921259842519685 en
273.54330708661416 394.86614173228344 45.63779527559055 9.921259842519685 1416.
303.87401574803147 394.86614173228344 25.228346456692915 9.921259842519685 —
308.9763779527559 394.86614173228344 35.43307086614173 9.921259842519685 Pièce

30.614173228346456 410.74015748031496 43.37007874015748 9.637795275590552 sig.;
59.52755905511811 410.74015748031496 48.188976377952756 9.637795275590552 Medina
93.25984251968504 410.74015748031496 33.732283464566926 9.637795275590552 del
112.53543307086615 410.74015748031496 48.188976377952756 9.637795275590552 Campo,
146.26771653543307 410.74015748031496 28.913385826771652 9.637795275590552 27
160.7244094488189 410.74015748031496 33.732283464566926 9.637795275590552 mai
180.0 410.74015748031496 67.46456692913385 9.637795275590552 1406-1412,
233.00787401574803 410.74015748031496 24.094488188976378 9.637795275590552 1
242.64566929133858 410.74015748031496 28.913385826771652 9.637795275590552 p.
257.1023622047244 410.74015748031496 38.55118110236221 9.637795275590552 in-4
281.1968503937008 410.74015748031496 38.55118110236221 9.637795275590552 obl.
300.4724409448819 410.74015748031496 43.37007874015748 9.637795275590552 Cachet.

22.11023622047244 419.244094488189 293.9527559055118 9.637795275590552 Très-rare.
273.8267716535433 419.244094488189 83.90551181102362 9.637795275590552 75
301.8897637795276 419.244094488189 41.95275590551181 9.637795275590552 »

15.874015748031496 432.8503937007874 28.913385826771652 9.637795275590552 49
30.330708661417322 432.8503937007874 101.48031496062993 9.637795275590552 Ferdinand,
117.35433070866142 432.8503937007874 48.188976377952756 9.637795275590552 infant
151.08661417322836 432.8503937007874 28.913385826771652 9.637795275590552 et
165.54330708661416 432.8503937007874 33.732283464566926 9.637795275590552 duc
185.10236220472441 432.8503937007874 28.913385826771652 9.637795275590552 de
199.55905511811022 432.8503937007874 48.188976377952756 9.637795275590552 Parme,
233.29133858267716 432.8503937007874 43.37007874015748 9.637795275590552 élève
262.20472440944883 432.8503937007874 28.913385826771652 9.637795275590552 de
276.66141732283467 432.8503937007874 67.74803149606299 9.637795275590552 Condillac,
325.13385826771656 432.8503937007874 19.275590551181104 9.637795275590552 né

30.330708661417322 443.0551181102362 29.763779527559056 11.05511811023622 en
45.354330708661415 443.0551181102362 44.78740157480315 11.05511811023622 1751,
75.4015748031496 443.0551181102362 39.968503937007874 11.05511811023622 mort
100.34645669291339 443.0551181102362 29.763779527559056 11.05511811023622 en
115.08661417322834 443.0551181102362 44.78740157480315 11.05511811023622 1802.
145.13385826771653 443.0551181102362 24.944881889763778 11.05511811023622 —
155.0551181102362 443.0551181102362 29.763779527559056 11.05511811023622 L.
170.07874015748033 443.0551181102362 29.763779527559056 11.05511811023622 a.
184.8188976377953 443.0551181102362 34.86614173228347 11.05511811023622 s.,
204.9448818897638 443.0551181102362 29.763779527559056 11.05511811023622 en
219.68503937007873 443.0551181102362 64.91338582677166 11.05511811023622 français,
269.5748031496063 443.0551181102362 29.763779527559056 11.05511811023622 au
284.59842519685037 443.0551181102362 44.78740157480315 11.05511811023622 comte
309.54330708661416 443.0551181102362 34.86614173228347 11.05511811023622 d'Ar-

30.614173228346456 453.25984251968504 56.69291338582677 10.488188976377952 gental;
71.71653543307086 453.25984251968504 61.79527559055118 10.488188976377952 Colorno,
118.20472440944881 453.25984251968504 25.79527559055118 10.488188976377952 7
128.40944881889763 453.25984251968504 56.69291338582677 10.488188976377952 janvier
169.79527559055117 453.25984251968504 46.488188976377955 10.488188976377952 1780,
200.69291338582678 453.25984251968504 36.0 10.488188976377952 3/4
221.38582677165354 453.25984251968504 30.89763779527559 10.488188976377952 de
236.69291338582678 453.25984251968504 30.89763779527559 10.488188976377952 p.
252.28346456692913 453.25984251968504 41.10236220472441 10.488188976377952 pet.
278.0787401574803 453.25984251968504 46.488188976377955 10.488188976377952 in-4.
303.87401574803147 453.25984251968504 41.10236220472441 10.488188976377952 Cachet

26.078740157480315 463.46456692913387 49.60629921259842 8.220472440944881 à
45.92125984251968 463.46456692913387 69.73228346456693 8.220472440944881 ses
85.60629921259843 463.46456692913387 99.49606299212599 8.220472440944881 armes.
155.33858267716536 463.46456692913387 89.5748031496063 8.220472440944881 Belle
215.1496062992126 463.46456692913387 109.41732283464567 8.220472440944881 lettre.
294.8031496062992 463.46456692913387 59.811023622047244 8.220472440944881 20
314.6456692913386 463.46456692913387 29.763779527559056 8.220472440944881 »

16.15748031496063 473.38582677165357 27.77952755905512 9.921259842519685 50
30.04724409448819 473.38582677165357 97.22834645669292 9.921259842519685 Ferdinand,
113.38582677165354 473.38582677165357 55.55905511811024 9.921259842519685 archiduc
155.0551181102362 473.38582677165357 69.44881889763779 9.921259842519685 d’Autriche,
210.33070866141733 473.38582677165357 37.13385826771653 9.921259842519685 fils
233.5748031496063 473.38582677165357 27.77952755905512 9.921259842519685 de
247.46456692913387 473.38582677165357 83.33858267716535 9.921259842519685 Marie-Thérèse,
312.37795275590554 473.38582677165357 32.31496062992126 9.921259842519685 frère

30.614173228346456 483.59055118110234 31.46456692913386 11.338582677165354 de
46.20472440944882 483.59055118110234 109.98425196850394 11.338582677165354 Marie-Antoinette,
140.31496062992127 483.59055118110234 68.03149606299213 11.338582677165354 dépossédé
192.75590551181102 483.59055118110234 36.56692913385827 11.338582677165354 par
213.73228346456693 483.59055118110234 36.56692913385827 11.338582677165354 les
234.70866141732284 483.59055118110234 62.92913385826772 11.338582677165354 Français
281.76377952755905 483.59055118110234 31.46456692913386 11.338582677165354 en
297.6377952755906 483.59055118110234 47.05511811023622 11.338582677165354 1796,
323.7165354330709 483.59055118110234 20.976377952755904 11.338582677165354 né

30.614173228346456 493.79527559055117 32.031496062992126 11.338582677165354 en
46.77165354330709 493.79527559055117 47.90551181102362 11.338582677165354 1754,
78.51968503937007 493.79527559055117 42.51968503937008 11.338582677165354 mort
105.16535433070867 493.79527559055117 32.031496062992126 11.338582677165354 en
121.32283464566929 493.79527559055117 47.90551181102362 11.338582677165354 1806.
153.0708661417323 493.79527559055117 26.64566929133858 11.338582677165354 —
163.84251968503938 493.79527559055117 32.031496062992126 11.338582677165354 L.
179.71653543307087 493.79527559055117 32.031496062992126 11.338582677165354 a.
195.8740157480315 493.79527559055117 37.41732283464567 11.338582677165354 s.,
217.13385826771653 493.79527559055117 32.031496062992126 11.338582677165354 en
233.00787401574803 493.79527559055117 69.16535433070867 11.338582677165354 français,
286.2992125984252 493.79527559055117 32.031496062992126 11.338582677165354 au
297.07086614173227 493.79527559055117 47.90551181102362 11.338582677165354 marquis

28.913385826771652 502.5826771653543 105.16535433070867 11.622047244094489 Gherardini;
113.10236220472441 502.5826771653543 41.95275590551181 11.622047244094489 30
134.07874015748033 502.5826771653543 77.10236220472441 11.622047244094489 octobre
190.20472440944883 502.5826771653543 63.21259842519685 11.622047244094489 1779,
232.15748031496062 502.5826771653543 35.1496062992126 11.622047244094489 2
246.33070866141733 502.5826771653543 41.95275590551181 11.622047244094489 p.
267.3070866141732 502.5826771653543 63.21259842519685 11.622047244094489 in-4.
309.25984251968504 502.5826771653543 41.95275590551181 11.622047244094489 25
323.43307086614175 502.5826771653543 20.976377952755904 11.622047244094489 »

40.53543307086614 513.9212598425197 60.09448818897638 9.354330708661417 Très-jolie
87.59055118110236 513.9212598425197 42.803149606299215 9.354330708661417 lettre
117.63779527559055 513.9212598425197 34.2992125984252 9.354330708661417 dans
139.1811023622047 513.9212598425197 51.59055118110236 9.354330708661417 laquelle
177.73228346456693 513.9212598425197 25.79527559055118 9.354330708661417 il
190.48818897637796 513.9212598425197 38.55118110236221 9.354330708661417 parle
216.28346456692913 513.9212598425197 25.79527559055118 9.354330708661417 de
229.3228346456693 513.9212598425197 25.79527559055118 9.354330708661417 la
242.07874015748033 513.9212598425197 55.84251968503937 9.354330708661417 naissance
284.88188976377955 513.9212598425197 34.2992125984252 9.354330708661417 d’un
306.4251968503937 513.9212598425197 38.55118110236221 9.354330708661417 fils,
327.68503937007875 513.9212598425197 17.291338582677167 9.354330708661417 du

32.031496062992126 522.992125984252 50.74015748031496 9.070866141732283 carnaval
70.01574803149606 522.992125984252 25.228346456692915 9.070866141732283 de
82.77165354330708 522.992125984252 42.23622047244095 9.070866141732283 Naples
112.25196850393701 522.992125984252 25.228346456692915 9.070866141732283 et
125.00787401574803 522.992125984252 25.228346456692915 9.070866141732283 du
137.76377952755905 522.992125984252 42.23622047244095 9.070866141732283 voyage
167.24409448818898 522.992125984252 37.98425196850393 9.070866141732283 qu’il
192.4724409448819 522.992125984252 25.228346456692915 9.070866141732283 va
205.22834645669292 522.992125984252 67.46456692913385 9.070866141732283 entreprendre
260.2204724409449 522.992125984252 21.25984251968504 9.070866141732283 à
268.7244094488189 522.992125984252 46.488188976377955 9.070866141732283 travers
298.20472440944883 522.992125984252 46.488188976377955 9.070866141732283 l’Italie,

31.46456692913386 531.7795275590552 36.0 9.070866141732283 dont
53.85826771653543 531.7795275590552 26.929133858267715 9.070866141732283 la
67.46456692913385 531.7795275590552 40.53543307086614 9.070866141732283 durée
94.39370078740157 531.7795275590552 26.929133858267715 9.070866141732283 ne
108.0 531.7795275590552 36.0 9.070866141732283 sera
130.39370078740157 531.7795275590552 31.46456692913386 9.070866141732283 pas
148.251968503937 531.7795275590552 49.32283464566929 9.070866141732283 moindre
184.251968503937 531.7795275590552 26.929133858267715 9.070866141732283 de
197.85826771653544 531.7795275590552 31.46456692913386 9.070866141732283 six
211.1811023622047 531.7795275590552 31.46456692913386 9.070866141732283 mois.

15.590551181102363 540.5669291338583 30.04724409448819 10.488188976377952 51
30.614173228346456 540.5669291338583 89.85826771653544 10.488188976377952 Fieubet
105.44881889763779 540.5669291338583 59.811023622047244 10.488188976377952 (Gaspard
150.51968503937007 540.5669291338583 39.968503937007874 10.488188976377952 de),
175.46456692913387 540.5669291338583 69.73228346456693 10.488188976377952 conseiller
230.17322834645668 540.5669291338583 49.889763779527556 10.488188976377952 d’Etat
265.03937007874015 540.5669291338583 30.04724409448819 10.488188976377952 et
280.06299212598424 540.5669291338583 64.91338582677166 10.488188976377952 trésorier
325.13385826771656 540.5669291338583 19.84251968503937 10.488188976377952 de

30.614173228346456 550.7716535433071 70.86614173228347 10.771653543307087 l’Epargne.
86.45669291338582 550.7716535433071 25.228346456692915 10.771653543307087 —
96.37795275590551 550.7716535433071 50.74015748031496 10.771653543307087 Quitt.
132.09448818897638 550.7716535433071 40.53543307086614 10.771653543307087 sig.
157.3228346456693 550.7716535433071 35.43307086614173 10.771653543307087 sur
177.4488188976378 550.7716535433071 50.74015748031496 10.771653543307087 vélin;
212.88188976377953 550.7716535433071 45.63779527559055 10.771653543307087 1633,
243.49606299212599 550.7716535433071 25.228346456692915 10.771653543307087 1
253.41732283464566 550.7716535433071 30.330708661417322 10.771653543307087 p.
268.7244094488189 550.7716535433071 45.63779527559055 10.771653543307087 in-4,
299.0551181102362 550.7716535433071 40.53543307086614 10.771653543307087 obl.
324.56692913385825 550.7716535433071 25.228346456692915 10.771653543307087 6
329.38582677165357 550.7716535433071 15.307086614173228 10.771653543307087 »

15.874015748031496 560.9763779527559 28.346456692913385 10.771653543307087 52
30.04724409448819 560.9763779527559 89.29133858267717 10.771653543307087 Flourens
105.44881889763779 560.9763779527559 65.76377952755905 10.771653543307087 (Gustave),
157.03937007874015 560.9763779527559 51.874015748031496 10.771653543307087 célèbre
194.74015748031496 560.9763779527559 94.11023622047244 10.771653543307087 révolutionnaire,
274.6771653543307 560.9763779527559 32.881889763779526 10.771653543307087 tué
293.38582677165357 560.9763779527559 51.874015748031496 10.771653543307087 pendant
326.5511811023622 560.9763779527559 18.708661417322833 10.771653543307087 la

31.181102362204726 571.1811023622047 62.92913385826772 10.488188976377952 Commune.
78.23622047244095 571.1811023622047 26.078740157480315 10.488188976377952 —
88.7244094488189 571.1811023622047 31.46456692913386 10.488188976377952 L.
104.31496062992126 571.1811023622047 31.46456692913386 10.488188976377952 a.
120.18897637795276 571.1811023622047 31.46456692913386 10.488188976377952 s.
135.7795275590551 571.1811023622047 26.078740157480315 10.488188976377952 à
146.26771653543307 571.1811023622047 62.92913385826772 10.488188976377952 Gaillard
193.3228346456693 571.1811023622047 47.05511811023622 10.488188976377952 père,
224.78740157480314 571.1811023622047 31.46456692913386 10.488188976377952 le
240.66141732283464 571.1811023622047 52.44094488188976 10.488188976377952 fameux
277.2283464566929 571.1811023622047 41.95275590551181 10.488188976377952 chef
303.3070866141732 571.1811023622047 31.46456692913386 10.488188976377952 de
313.79527559055117 571.1811023622047 31.46456692913386 10.488188976377952 bar-

29.19685039370079 581.1023622047244 86.1732283464567 10.488188976377952 ricades;
93.8267716535433 581.1023622047244 43.08661417322835 10.488188976377952 23
115.37007874015748 581.1023622047244 93.54330708661418 10.488188976377952 septembre
187.08661417322836 581.1023622047244 64.62992125984252 10.488188976377952 1870,
230.17322834645668 581.1023622047244 36.0 10.488188976377952 1
244.62992125984252 581.1023622047244 43.08661417322835 10.488188976377952 p.
266.1732283464567 581.1023622047244 64.62992125984252 10.488188976377952 in-8.
309.25984251968504 581.1023622047244 43.08661417322835 10.488188976377952 10
323.7165354330709 581.1023622047244 21.543307086614174 10.488188976377952 »
