401.38582677165357 651.6850393700787
157.03937007874015 30.330708661417322 34.58267716535433 7.937007874015748 —
170.64566929133858 30.330708661417322 34.58267716535433 7.937007874015748 3
177.73228346456693 30.330708661417322 20.69291338582677 7.937007874015748 —

30.614173228346456 51.874015748031496 32.31496062992126 10.488188976377952 qui
49.039370078740156 51.874015748031496 64.91338582677166 10.488188976377952 l’appelait
100.06299212598425 51.874015748031496 32.31496062992126 10.488188976377952 son
118.48818897637796 51.874015748031496 46.20472440944882 10.488188976377952 bon
151.08661417322836 51.874015748031496 60.09448818897638 10.488188976377952 ange.
197.29133858267716 51.874015748031496 23.244094488188978 10.488188976377952 —
206.64566929133858 51.874015748031496 27.77952755905512 10.488188976377952 L.
220.53543307086613 51.874015748031496 27.77952755905512 10.488188976377952 a.
234.4251968503937 51.874015748031496 27.77952755905512 10.488188976377952 s.
248.31496062992127 51.874015748031496 27.77952755905512 10.488188976377952 (à
262.20472440944883 51.874015748031496 64.91338582677166 10.488188976377952 Palissot);
308.40944881889766 51.874015748031496 37.13385826771653 10.488188976377952 Paris,

25.511811023622048 60.09448818897638 62.07874015748032 12.188976377952756 10
56.40944881889764 60.09448818897638 93.25984251968504 12.188976377952756 avril
118.48818897637796 60.09448818897638 93.25984251968504 12.188976377952756 1760,
180.56692913385828 60.09448818897638 51.874015748031496 12.188976377952756 1
201.25984251968504 60.09448818897638 62.07874015748032 12.188976377952756 p.
232.44094488188978 60.09448818897638 93.25984251968504 12.188976377952756 in-4.
294.5196850393701 60.09448818897638 62.07874015748032 12.188976377952756 25
315.21259842519686 60.09448818897638 31.181102362204726 12.188976377952756 »

40.818897637795274 72.28346456692914 54.70866141732284 8.78740157480315 Relative
81.92125984251969 72.28346456692914 32.031496062992126 8.78740157480315 aux
100.06299212598425 72.28346456692914 86.74015748031496 8.78740157480315 représentations
173.1968503937008 72.28346456692914 27.496062992125985 8.78740157480315 au
186.8031496062992 72.28346456692914 91.2755905511811 8.78740157480315 Théâtre-Français
264.4724409448819 72.28346456692914 27.496062992125985 8.78740157480315 de
278.0787401574803 72.28346456692914 27.496062992125985 8.78740157480315 la
291.9685039370079 72.28346456692914 50.173228346456696 8.78740157480315 comédie
323.7165354330709 72.28346456692914 22.96062992125984 8.78740157480315 des

31.748031496062993 81.07086614173228 90.4251968503937 10.488188976377952 Philosophes,
110.55118110236221 81.07086614173228 23.52755905511811 10.488188976377952 de
122.1732283464567 81.07086614173228 51.30708661417323 10.488188976377952 Palissot.
161.5748031496063 81.07086614173228 23.52755905511811 10.488188976377952 Il
173.48031496062993 81.07086614173228 19.559055118110237 10.488188976377952 a
181.41732283464566 81.07086614173228 39.40157480314961 10.488188976377952 appris
208.91338582677164 81.07086614173228 35.43307086614173 10.488188976377952 qu’il
232.44094488188978 81.07086614173228 51.30708661417323 10.488188976377952 regardait
271.84251968503935 81.07086614173228 51.30708661417323 10.488188976377952 l’annonce
311.244094488189 81.07086614173228 27.496062992125985 10.488188976377952 des
323.1496062992126 81.07086614173228 23.52755905511811 10.488188976377952 deux

32.031496062992126 90.14173228346456 41.38582677165354 9.070866141732283 pièces
61.22834645669291 90.14173228346456 24.944881889763778 9.070866141732283 de
73.41732283464567 90.14173228346456 49.60629921259842 9.070866141732283 Voltaire
110.83464566929133 90.14173228346456 82.77165354330708 9.070866141732283 (Tancrède
181.13385826771653 90.14173228346456 24.944881889763778 9.070866141732283 et
193.60629921259843 90.14173228346456 78.51968503937007 9.070866141732283 Médimne)
259.65354330708664 90.14173228346456 37.13385826771653 9.070866141732283 comme
284.59842519685037 90.14173228346456 24.944881889763778 9.070866141732283 un
297.07086614173227 90.14173228346456 49.60629921259842 9.070866141732283 obstacle
330.23622047244095 90.14173228346456 16.440944881889763 9.070866141732283 au

32.031496062992126 98.92913385826772 44.22047244094488 9.070866141732283 temps
61.511811023622045 98.92913385826772 29.480314960629922 9.070866141732283 où
76.25196850393701 98.92913385826772 29.480314960629922 9.070866141732283 il
90.99212598425197 98.92913385826772 49.32283464566929 9.070866141732283 désire
125.5748031496063 98.92913385826772 44.22047244094488 9.070866141732283 qu’on
155.0551181102362 98.92913385826772 39.40157480314961 9.070866141732283 joue
179.71653543307087 98.92913385826772 29.480314960629922 9.070866141732283 la
194.45669291338584 98.92913385826772 54.14173228346457 9.070866141732283 sienne;
233.85826771653544 98.92913385826772 44.22047244094488 9.070866141732283 l’une
263.33858267716533 98.92913385826772 29.480314960629922 9.070866141732283 de
278.0787401574803 98.92913385826772 34.58267716535433 9.070866141732283 ces
292.81889763779526 98.92913385826772 54.14173228346457 9.070866141732283 tragédies

32.59842519685039 107.71653543307086 78.51968503937007 9.637795275590552 (Tancrède)
99.77952755905511 107.71653543307086 26.078740157480315 9.637795275590552 est
114.80314960629921 107.71653543307086 48.75590551181102 9.637795275590552 nouvelle,
152.2204724409449 107.71653543307086 41.10236220472441 9.637795275590552 l’autre
182.26771653543307 107.71653543307086 74.83464566929133 9.637795275590552 (Médimne)
245.76377952755905 107.71653543307086 33.732283464566926 9.637795275590552 n'est
268.15748031496065 107.71653543307086 33.732283464566926 9.637795275590552 qu’un
290.5511811023622 107.71653543307086 56.125984251968504 9.637795275590552 remaniement
331.65354330708664 107.71653543307086 15.023622047244094 9.637795275590552 de

32.31496062992126 116.50393700787401 77.66929133858268 9.637795275590552 Mahomet;
97.51181102362204 116.50393700787401 36.8503937007874 9.637795275590552 comme
122.1732283464567 116.50393700787401 28.62992125984252 9.637795275590552 les
138.33070866141733 116.50393700787401 57.25984251968504 9.637795275590552 principaux
183.4015748031496 116.50393700787401 44.78740157480315 9.637795275590552 acteurs
216.0 116.50393700787401 53.00787401574803 9.637795275590552 diffèrent
256.81889763779526 116.50393700787401 32.59842519685039 9.637795275590552 dans
277.2283464566929 116.50393700787401 28.62992125984252 9.637795275590552 les
293.6692913385827 116.50393700787401 32.59842519685039 9.637795275590552 deux
309.8267716535433 116.50393700787401 36.8503937007874 9.637795275590552 pièces,

32.031496062992126 126.14173228346456 40.818897637795274 8.78740157480315 elles
59.24409448818898 126.14173228346456 54.14173228346457 8.78740157480315 pourront
99.77952755905511 126.14173228346456 36.28346456692913 8.78740157480315 être
122.45669291338582 126.14173228346456 54.14173228346457 8.78740157480315 étudiées
163.2755905511811 126.14173228346456 27.212598425196852 8.78740157480315 en
176.88188976377953 126.14173228346456 36.28346456692913 8.78740157480315 même
194.74015748031496 126.14173228346456 36.28346456692913 8.78740157480315 temps.

17.5748031496063 134.9291338582677 24.944881889763778 10.488188976377952 11
30.04724409448819 134.9291338582677 83.62204724409449 10.488188976377952 Ashburton
101.19685039370079 134.9291338582677 58.39370078740158 10.488188976377952 (Alexandre
147.11811023622047 134.9291338582677 75.11811023622047 10.488188976377952 Baring,
209.76377952755905 134.9291338582677 41.669291338582674 10.488188976377952 lord),
238.96062992125985 134.9291338582677 37.7007874015748 10.488188976377952 homme
263.90551181102364 134.9291338582677 54.425196850393704 10.488188976377952 politique
305.8582677165354 134.9291338582677 24.944881889763778 10.488188976377952 et
314.0787401574803 134.9291338582677 33.44881889763779 10.488188976377952 finan-

31.46456692913386 144.8503937007874 43.653543307086615 10.488188976377952 cier
58.67716535433071 144.8503937007874 65.48031496062993 10.488188976377952 anglais,
107.71653543307086 144.8503937007874 54.425196850393704 10.488188976377952 envoyé
145.98425196850394 144.8503937007874 38.267716535433074 10.488188976377952 par
167.5275590551181 144.8503937007874 54.425196850393704 10.488188976377952 Robert
205.79527559055117 144.8503937007874 43.653543307086615 10.488188976377952 Peel
233.00787401574803 144.8503937007874 32.59842519685039 10.488188976377952 au
249.4488188976378 144.8503937007874 60.09448818897638 10.488188976377952 congrès
287.43307086614175 144.8503937007874 60.09448818897638 10.488188976377952 d’Aix-

31.748031496062993 155.0551181102362 60.09448818897638 10.488188976377952 Chapelle
76.81889763779527 155.0551181102362 30.04724409448819 10.488188976377952 en
91.84251968503936 155.0551181102362 45.07086614173228 10.488188976377952 1834,
122.1732283464567 155.0551181102362 30.04724409448819 10.488188976377952 né
137.1968503937008 155.0551181102362 30.04724409448819 10.488188976377952 en
152.2204724409449 155.0551181102362 45.07086614173228 10.488188976377952 1773,
182.26771653543307 155.0551181102362 39.968503937007874 10.488188976377952 mort
207.21259842519686 155.0551181102362 30.04724409448819 10.488188976377952 en
222.23622047244095 155.0551181102362 45.07086614173228 10.488188976377952 1848.
252.28346456692913 155.0551181102362 24.944881889763778 10.488188976377952 —
262.20472440944883 155.0551181102362 30.04724409448819 10.488188976377952 L.
277.51181102362204 155.0551181102362 30.04724409448819 10.488188976377952 a.
292.53543307086613 155.0551181102362 30.04724409448819 10.488188976377952 s.
307.5590551181102 155.0551181102362 30.04724409448819 10.488188976377952 (à
317.4803149606299 155.0551181102362 30.04724409448819 10.488188976377952 lord

31.181102362204726 165.25984251968504 62.07874015748032 10.488188976377952 Buchan,
76.53543307086615 165.25984251968504 56.40944881889764 10.488188976377952 érudit
115.93700787401575 165.25984251968504 34.01574803149607 10.488188976377952 et
132.9448818897638 165.25984251968504 73.41732283464567 10.488188976377952 biographe
189.63779527559055 165.25984251968504 79.08661417322834 10.488188976377952 écossais);
251.71653543307087 165.25984251968504 34.01574803149607 10.488188976377952 28
268.7244094488189 165.25984251968504 62.07874015748032 10.488188976377952 juillet
308.12598425196853 165.25984251968504 39.68503937007874 10.488188976377952 1814,

21.25984251968504 175.46456692913387 81.63779527559055 9.921259842519685 1
54.14173228346457 175.46456692913387 98.07874015748031 9.921259842519685 p.
103.18110236220473 175.46456692913387 114.51968503937007 9.921259842519685 1/4
168.3779527559055 175.46456692913387 147.11811023622047 9.921259842519685 in-4.
266.74015748031496 175.46456692913387 98.07874015748031 9.921259842519685 25
299.33858267716533 175.46456692913387 49.039370078740156 9.921259842519685 »

42.803149606299215 185.38582677165354 41.95275590551181 9.354330708661417 Lettre
72.28346456692914 185.38582677165354 62.645669291338585 9.354330708661417 historique.
122.45669291338582 185.38582677165354 25.228346456692915 9.354330708661417 Il
134.9291338582677 185.38582677165354 25.228346456692915 9.354330708661417 se
147.4015748031496 185.38582677165354 50.173228346456696 9.354330708661417 félicite
185.10236220472441 185.38582677165354 33.44881889763779 9.354330708661417 avec
206.07874015748033 185.38582677165354 29.19685039370079 9.354330708661417 lui
222.8031496062992 185.38582677165354 25.228346456692915 9.354330708661417 de
235.2755905511811 185.38582677165354 25.228346456692915 9.354330708661417 la
247.748031496063 185.38582677165354 37.7007874015748 9.354330708661417 chute
272.9763779527559 185.38582677165354 25.228346456692915 9.354330708661417 de
285.4488188976378 185.38582677165354 50.173228346456696 9.354330708661417 Napoléon
323.1496062992126 185.38582677165354 25.228346456692915 9.354330708661417 et
331.37007874015745 185.38582677165354 16.724409448818896 9.354330708661417 de

33.16535433070866 194.45669291338584 25.79527559055118 9.070866141732283 la
45.92125984251968 194.45669291338584 69.16535433070867 9.070866141732283 restauration
102.33070866141732 194.45669291338584 25.79527559055118 9.070866141732283 du
115.08661417322834 194.45669291338584 30.330708661417322 9.070866141732283 roi
132.3779527559055 194.45669291338584 56.125984251968504 9.070866141732283 légitime,
175.748031496063 194.45669291338584 25.79527559055118 9.070866141732283 il
188.50393700787401 194.45669291338584 43.08661417322835 9.070866141732283 estime
218.83464566929135 194.45669291338584 30.330708661417322 9.070866141732283 que
236.1259842519685 194.45669291338584 25.79527559055118 9.070866141732283 le
249.16535433070865 194.45669291338584 43.08661417322835 9.070866141732283 volcan
274.96062992125985 194.45669291338584 73.41732283464567 9.070866141732283 révolutionnaire

33.732283464566926 203.5275590551181 27.496062992125985 7.086614173228346 est
49.60629921259842 203.5275590551181 35.43307086614173 7.086614173228346 enfin
69.16535433070867 203.5275590551181 35.43307086614173 7.086614173228346 éteint.

18.4251968503937 212.31496062992127 30.04724409448819 10.771653543307087 12
33.44881889763779 212.31496062992127 85.03937007874016 10.771653543307087 Aubery
103.74803149606299 212.31496062992127 65.19685039370079 10.771653543307087 (Claude),
153.63779527559055 212.31496062992127 54.99212598425197 10.771653543307087 célèbre
193.60629921259843 212.31496062992127 54.99212598425197 10.771653543307087 médecin
233.85826771653544 212.31496062992127 30.04724409448819 10.771653543307087 et
248.88188976377953 212.31496062992127 70.01574803149606 10.771653543307087 philosophe
298.7716535433071 212.31496062992127 50.173228346456696 10.771653543307087 français

33.16535433070866 220.8188976377953 31.181102362204726 12.188976377952756 du
48.75590551181102 220.8188976377953 41.38582677165354 12.188976377952756 XVIe
74.55118110236221 220.8188976377953 56.976377952755904 12.188976377952756 siècle,
115.93700787401575 220.8188976377953 41.38582677165354 12.188976377952756 qui,
142.01574803149606 220.8188976377953 46.77165354330709 12.188976377952756 comme
172.91338582677164 220.8188976377953 77.66929133858268 12.188976377952756 calviniste,
235.2755905511811 220.8188976377953 36.28346456692913 12.188976377952756 fut
255.96850393700788 220.8188976377953 56.976377952755904 12.188976377952756 attaqué
297.3543307086614 220.8188976377953 36.28346456692913 12.188976377952756 par
312.9448818897638 220.8188976377953 36.28346456692913 12.188976377952756 Théo-

32.881889763779526 232.44094488188978 42.803149606299215 10.488188976377952 dore
59.811023622047244 232.44094488188978 32.31496062992126 10.488188976377952 de
75.96850393700787 232.44094488188978 42.803149606299215 10.488188976377952 Bèze
102.61417322834646 232.44094488188978 37.7007874015748 10.488188976377952 qui
124.15748031496064 232.44094488188978 37.7007874015748 10.488188976377952 lui
145.70078740157481 232.44094488188978 75.11811023622047 10.488188976377952 reprochait
204.66141732283464 232.44094488188978 37.7007874015748 10.488188976377952 une
226.20472440944883 232.44094488188978 64.34645669291339 10.488188976377952 certaine
274.3937007874016 232.44094488188978 64.34645669291339 10.488188976377952 tendance
317.1968503937008 232.44094488188978 32.31496062992126 10.488188976377952 vers

33.44881889763779 242.64566929133858 59.24409448818898 10.204724409448819 l’Eglise
77.66929133858268 242.64566929133858 59.24409448818898 10.204724409448819 romaine,
122.1732283464567 242.64566929133858 39.40157480314961 10.204724409448819 mort
146.83464566929135 242.64566929133858 29.763779527559056 10.204724409448819 en
161.85826771653544 242.64566929133858 49.32283464566929 10.204724409448819 1596.—
196.44094488188978 242.64566929133858 29.763779527559056 10.204724409448819 L.
211.1811023622047 242.64566929133858 29.763779527559056 10.204724409448819 a.
225.92125984251967 242.64566929133858 34.58267716535433 10.204724409448819 s.;
245.76377952755905 242.64566929133858 79.08661417322834 10.204724409448819 Saulx-Leduc,
310.1102362204724 242.64566929133858 29.763779527559056 10.204724409448819 19
319.748031496063 242.64566929133858 29.763779527559056 10.204724409448819 oct.

30.614173228346456 252.8503937007874 71.71653543307086 10.204724409448819 1593,
78.51968503937007 252.8503937007874 39.968503937007874 10.204724409448819 2
94.39370078740157 252.8503937007874 47.90551181102362 10.204724409448819 p.
118.20472440944881 252.8503937007874 71.71653543307086 10.204724409448819 in-f.
166.11023622047244 252.8503937007874 79.65354330708661 10.204724409448819 Traces
221.95275590551182 252.8503937007874 47.90551181102362 10.204724409448819 de
245.76377952755905 252.8503937007874 87.59055118110236 10.204724409448819 cachet.
309.54330708661416 252.8503937007874 47.90551181102362 10.204724409448819 20
325.7007874015748 252.8503937007874 23.811023622047244 10.204724409448819 »

44.503937007874015 263.0551181102362 27.496062992125985 9.070866141732283 Il
58.110236220472444 263.0551181102362 50.173228346456696 9.070866141732283 déclare
94.67716535433071 263.0551181102362 41.10236220472441 9.070866141732283 qu’il
122.1732283464567 263.0551181102362 32.031496062992126 9.070866141732283 n’a
140.31496062992127 263.0551181102362 32.031496062992126 9.070866141732283 pas
158.74015748031496 263.0551181102362 32.031496062992126 9.070866141732283 été
176.88188976377953 263.0551181102362 22.96062992125984 9.070866141732283 à
185.95275590551182 263.0551181102362 59.24409448818898 9.070866141732283 Francfort
231.59055118110237 263.0551181102362 50.173228346456696 9.070866141732283 suivant
268.15748031496065 263.0551181102362 27.496062992125985 9.070866141732283 le
281.76377952755905 263.0551181102362 41.10236220472441 9.070866141732283 bruit
309.25984251968504 263.0551181102362 32.031496062992126 9.070866141732283 que
322.86614173228344 263.0551181102362 27.496062992125985 9.070866141732283 font

34.2992125984252 271.84251968503935 43.93700787401575 9.070866141732283 courir
64.91338582677166 271.84251968503935 30.614173228346456 9.070866141732283 des
82.48818897637796 271.84251968503935 35.1496062992126 9.070866141732283 amis
104.31496062992126 271.84251968503935 30.614173228346456 9.070866141732283 mal
121.88976377952756 271.84251968503935 74.55118110236221 9.070866141732283 intentionnés,
183.4015748031496 271.84251968503935 35.1496062992126 9.070866141732283 mais
205.22834645669292 271.84251968503935 39.40157480314961 9.070866141732283 qu’il
231.59055118110237 271.84251968503935 39.40157480314961 9.070866141732283 s’est
257.9527559055118 271.84251968503935 39.40157480314961 9.070866141732283 rendu
284.31496062992125 271.84251968503935 65.76377952755905 9.070866141732283 directement
332.503937007874 271.84251968503935 17.5748031496063 9.070866141732283 en

34.58267716535433 280.9133858267717 60.37795275590551 9.070866141732283 Champagne
80.78740157480316 280.9133858267717 27.77952755905512 9.070866141732283 et
94.67716535433071 280.9133858267717 27.77952755905512 9.070866141732283 en
108.56692913385827 280.9133858267717 60.37795275590551 9.070866141732283 Bourgogne
155.0551181102362 280.9133858267717 41.669291338582674 9.070866141732283 comme
182.83464566929135 280.9133858267717 27.77952755905512 9.070866141732283 il
196.7244094488189 280.9133858267717 27.77952755905512 9.070866141732283 en
210.61417322834646 280.9133858267717 41.669291338582674 9.070866141732283 avait
238.39370078740157 280.9133858267717 37.13385826771653 9.070866141732283 reçu
261.6377952755906 280.9133858267717 88.15748031496064 9.070866141732283 l’autorisation.
331.37007874015745 280.9133858267717 18.4251968503937 9.070866141732283 Il

34.2992125984252 289.7007874015748 34.86614173228347 9.070866141732283 fait
56.125984251968504 289.7007874015748 39.40157480314961 9.070866141732283 appel
82.20472440944881 289.7007874015748 26.362204724409448 9.070866141732283 au
95.5275590551181 289.7007874015748 61.22834645669291 9.070866141732283 témoignage
143.43307086614172 289.7007874015748 26.362204724409448 9.070866141732283 de
156.75590551181102 289.7007874015748 74.26771653543307 9.070866141732283 l’ambassadeur
217.70078740157481 289.7007874015748 26.362204724409448 9.070866141732283 du
231.0236220472441 289.7007874015748 30.614173228346456 9.070866141732283 roi
248.31496062992127 289.7007874015748 21.826771653543307 9.070866141732283 à
252.8503937007874 289.7007874015748 52.44094488188976 9.070866141732283 Francfort.

20.409448818897637 298.48818897637796 29.480314960629922 10.771653543307087 13
35.1496062992126 298.48818897637796 98.64566929133858 10.771653543307087 Ballanche
118.77165354330708 298.48818897637796 59.24409448818898 10.771653543307087 (P.-S.),
163.2755905511811 298.48818897637796 54.14173228346457 10.771653543307087 célèbre
202.6771653543307 298.48818897637796 54.14173228346457 10.771653543307087 penseur
242.07874015748033 298.48818897637796 59.24409448818898 10.771653543307087 mystique
286.5826771653543 298.48818897637796 29.480314960629922 10.771653543307087 et
301.3228346456693 298.48818897637796 29.480314960629922 10.771653543307087 un
316.06299212598424 298.48818897637796 29.480314960629922 10.771653543307087 de
325.98425196850394 298.48818897637796 24.661417322834644 10.771653543307087 nos

34.86614173228347 308.9763779527559 40.818897637795274 10.488188976377952 plus
60.37795275590551 308.9763779527559 66.04724409448819 10.488188976377952 éloquents
111.11811023622047 308.9763779527559 71.14960629921259 10.488188976377952 prosateurs
167.24409448818898 308.9763779527559 30.614173228346456 10.488188976377952 de
182.5511811023622 308.9763779527559 71.14960629921259 10.488188976377952 l’Académie
238.39370078740157 308.9763779527559 71.14960629921259 10.488188976377952 française,
294.5196850393701 308.9763779527559 30.614173228346456 10.488188976377952 né
309.54330708661416 308.9763779527559 25.511811023622048 10.488188976377952 à
314.6456692913386 308.9763779527559 35.71653543307087 10.488188976377952 Lyon.

32.881889763779526 317.1968503937008 31.181102362204726 11.905511811023622 —
45.354330708661415 317.1968503937008 37.41732283464567 11.905511811023622 L.
64.06299212598425 317.1968503937008 37.41732283464567 11.905511811023622 a.
82.77165354330708 317.1968503937008 37.41732283464567 11.905511811023622 s.
101.48031496062993 317.1968503937008 31.181102362204726 11.905511811023622 à
113.95275590551181 317.1968503937008 37.41732283464567 11.905511811023622 M.
132.3779527559055 317.1968503937008 37.41732283464567 11.905511811023622 de
151.08661417322836 317.1968503937008 68.5984251968504 11.905511811023622 Fresne;
200.9763779527559 317.1968503937008 37.41732283464567 11.905511811023622 31
219.68503937007873 317.1968503937008 56.125984251968504 11.905511811023622 mars,
257.1023622047244 317.1968503937008 31.181102362204726 11.905511811023622 1
269.5748031496063 317.1968503937008 37.41732283464567 11.905511811023622 p.
288.0 317.1968503937008 56.125984251968504 11.905511811023622 in-8.
325.4173228346457 317.1968503937008 31.181102362204726 11.905511811023622 5
331.65354330708664 317.1968503937008 18.708661417322833 11.905511811023622 »

44.78740157480315 329.1023622047244 39.40157480314961 9.354330708661417 Jolie
70.86614173228347 329.1023622047244 43.653543307086615 9.354330708661417 lettre
101.48031496062993 329.1023622047244 34.86614173228347 9.354330708661417 dans
123.30708661417323 329.1023622047244 52.44094488188976 9.354330708661417 laquelle
162.70866141732284 329.1023622047244 26.362204724409448 9.354330708661417 il
176.03149606299212 329.1023622047244 39.40157480314961 9.354330708661417 parle
202.11023622047244 329.1023622047244 26.362204724409448 9.354330708661417 de
215.43307086614172 329.1023622047244 30.614173228346456 9.354330708661417 Mme
232.7244094488189 329.1023622047244 26.362204724409448 9.354330708661417 de
246.04724409448818 329.1023622047244 52.44094488188976 9.354330708661417 Récamier
285.1653543307087 329.1023622047244 21.826771653543307 9.354330708661417 «
293.9527559055118 329.1023622047244 30.614173228346456 9.354330708661417 qui
311.5275590551181 329.1023622047244 30.614173228346456 9.354330708661417 est
324.56692913385825 329.1023622047244 26.362204724409448 9.354330708661417 tou-

35.71653543307087 338.1732283464567 36.56692913385827 8.78740157480315 jours
60.09448818897638 338.1732283464567 32.59842519685039 8.78740157480315 fort
80.22047244094489 338.1732283464567 56.976377952755904 8.78740157480315 souffrante
121.03937007874016 338.1732283464567 16.15748031496063 8.78740157480315 ».

22.11023622047244 348.09448818897636 28.62992125984252 10.488188976377952 14
36.56692913385827 348.09448818897636 100.06299212598425 10.488188976377952 Baudelaire
122.1732283464567 348.09448818897636 66.61417322834646 10.488188976377952 (Charles),
174.61417322834646 348.09448818897636 28.62992125984252 10.488188976377952 un
189.0708661417323 348.09448818897636 33.44881889763779 10.488188976377952 des
208.06299212598427 348.09448818897636 47.62204724409449 10.488188976377952 poètes
241.22834645669292 348.09448818897636 33.44881889763779 10.488188976377952 les
260.503937007874 348.09448818897636 37.98425196850393 10.488188976377952 plus
284.31496062992125 348.09448818897636 66.61417322834646 10.488188976377952 distingués
331.93700787401576 348.09448818897636 18.992125984251967 10.488188976377952 de

35.43307086614173 358.2992125984252 49.039370078740156 10.771653543307087 l’école
71.14960629921259 358.2992125984252 66.89763779527559 10.771653543307087 romantique,
124.44094488188976 358.2992125984252 44.503937007874015 10.771653543307087 auteur
155.6220472440945 358.2992125984252 31.181102362204726 10.771653543307087 des
173.48031496062993 358.2992125984252 57.826771653543304 10.771653543307087 Fleurs
217.98425196850394 358.2992125984252 26.64566929133858 10.771653543307087 du
231.30708661417322 358.2992125984252 57.826771653543304 10.771653543307087 Mal.—
275.81102362204723 358.2992125984252 26.64566929133858 10.771653543307087 L.
289.13385826771656 358.2992125984252 26.64566929133858 10.771653543307087 a.
302.45669291338584 358.2992125984252 26.64566929133858 10.771653543307087 s.
315.7795275590551 358.2992125984252 22.393700787401574 10.771653543307087 à
324.8503937007874 358.2992125984252 26.64566929133858 10.771653543307087 M.
333.6377952755906 358.2992125984252 17.858267716535433 10.771653543307087 de

35.71653543307087 368.503937007874 53.29133858267716 10.204724409448819 Calonne,
75.68503937007874 368.503937007874 57.826771653543304 10.204724409448819 directeur
120.18897637795276 368.503937007874 26.64566929133858 10.204724409448819 de
133.51181102362204 368.503937007874 26.64566929133858 10.204724409448819 la
146.83464566929135 368.503937007874 53.29133858267716 10.204724409448819 Revue
187.08661417322836 368.503937007874 97.79527559055119 10.204724409448819 contemporaine,
271.5590551181102 368.503937007874 22.11023622047244 10.204724409448819 2
280.34645669291336 368.503937007874 57.826771653543304 10.204724409448819 septembre
320.31496062992125 368.503937007874 31.181102362204726 10.204724409448819 1858,

24.37795275590551 378.70866141732284 108.85039370078741 10.771653543307087 3/4
86.74015748031496 378.70866141732284 93.25984251968504 10.771653543307087 de
133.22834645669292 378.70866141732284 93.25984251968504 10.771653543307087 p.
180.0 378.70866141732284 140.03149606299212 10.771653543307087 in-8.
273.25984251968504 378.70866141732284 93.25984251968504 10.771653543307087 10
304.15748031496065 378.70866141732284 46.77165354330709 10.771653543307087 »

21.826771653543307 390.0472440944882 28.62992125984252 10.488188976377952 15
36.28346456692913 390.0472440944882 95.5275590551181 10.488188976377952 Bellièvre
117.35433070866142 390.0472440944882 62.07874015748032 10.488188976377952 (Pomponne
165.25984251968504 390.0472440944882 38.267716535433074 10.488188976377952 de),
189.35433070866142 390.0472440944882 52.724409448818896 10.488188976377952 premier
227.33858267716536 390.0472440944882 62.07874015748032 10.488188976377952 président
275.244094488189 390.0472440944882 28.62992125984252 10.488188976377952 au
289.7007874015748 390.0472440944882 62.07874015748032 10.488188976377952 Parlement
332.78740157480314 390.0472440944882 18.992125984251967 10.488188976377952 de

35.1496062992126 399.9685039370079 50.173228346456696 10.771653543307087 Paris,
70.2992125984252 399.9685039370079 55.275590551181104 10.771653543307087 célèbre
110.55118110236221 399.9685039370079 70.2992125984252 10.771653543307087 diplomate,
165.82677165354332 399.9685039370079 50.173228346456696 10.771653543307087 envoyé
200.9763779527559 399.9685039370079 50.173228346456696 10.771653543307087 auprès
236.1259842519685 399.9685039370079 30.04724409448819 10.771653543307087 de
251.1496062992126 399.9685039370079 30.04724409448819 10.771653543307087 la
266.45669291338584 399.9685039370079 45.354330708661415 10.771653543307087 reine
291.40157480314963 399.9685039370079 60.37795275590551 10.771653543307087 Elisabeth,

34.86614173228347 410.1732283464567 45.354330708661415 10.488188976377952 pour
63.21259842519685 410.1732283464567 68.03149606299213 10.488188976377952 demander
114.23622047244095 410.1732283464567 34.01574803149607 10.488188976377952 la
131.24409448818898 410.1732283464567 62.36220472440945 10.488188976377952 liberté
176.5984251968504 410.1732283464567 34.01574803149607 10.488188976377952 de
193.60629921259843 410.1732283464567 96.37795275590551 10.488188976377952 Marie-Stuart,
272.6929133858268 410.1732283464567 79.37007874015748 10.488188976377952 chancelier
329.38582677165357 410.1732283464567 22.677165354330707 10.488188976377952 de

35.1496062992126 420.37795275590554 52.44094488188976 10.204724409448819 France
72.0 420.37795275590554 41.95275590551181 10.204724409448819 sous
98.36220472440945 420.37795275590554 47.338582677165356 10.204724409448819 Henri
129.82677165354332 420.37795275590554 36.8503937007874 10.204724409448819 IV,
150.8031496062992 420.37795275590554 31.46456692913386 10.204724409448819 né
166.6771653543307 420.37795275590554 26.362204724409448 10.204724409448819 à
177.16535433070865 420.37795275590554 41.95275590551181 10.204724409448819 Lyon
203.5275590551181 420.37795275590554 31.46456692913386 10.204724409448819 en
219.11811023622047 420.37795275590554 47.338582677165356 10.204724409448819 1529,
250.86614173228347 420.37795275590554 41.95275590551181 10.204724409448819 mort
276.9448818897638 420.37795275590554 31.46456692913386 10.204724409448819 en
292.81889763779526 420.37795275590554 47.338582677165356 10.204724409448819 1607.
324.2834645669291 420.37795275590554 26.362204724409448 10.204724409448819 —
329.6692913385827 420.37795275590554 20.976377952755904 10.204724409448819 L.

34.86614173228347 430.5826771653543 36.0 10.488188976377952 a.
52.724409448818896 430.5826771653543 36.0 10.488188976377952 s.
70.58267716535433 430.5826771653543 29.763779527559056 10.488188976377952 à
82.77165354330708 430.5826771653543 77.66929133858268 10.488188976377952 Villeroy;
142.58267716535434 430.5826771653543 59.811023622047244 10.488188976377952 Paris,
184.251968503937 430.5826771653543 29.763779527559056 10.488188976377952 2
196.44094488188978 430.5826771653543 41.95275590551181 10.488188976377952 mai
220.251968503937 430.5826771653543 53.85826771653543 10.488188976377952 1604,
255.96850393700788 430.5826771653543 29.763779527559056 10.488188976377952 1
268.15748031496065 430.5826771653543 36.0 10.488188976377952 p.
286.01574803149606 430.5826771653543 53.85826771653543 10.488188976377952 in-f.
322.01574803149606 430.5826771653543 36.0 10.488188976377952 45
333.9212598425197 430.5826771653543 17.858267716535433 10.488188976377952 »

21.543307086614174 441.9212598425197 27.496062992125985 10.771653543307087 16
35.1496062992126 441.9212598425197 82.48818897637796 10.771653543307087 Berryer
103.74803149606299 441.9212598425197 54.99212598425197 10.771653543307087 (A.-P.),
145.13385826771653 441.9212598425197 64.06299212598425 10.771653543307087 l’illustre
195.30708661417322 441.9212598425197 50.45669291338583 10.771653543307087 orateur
231.8740157480315 441.9212598425197 82.48818897637796 10.771653543307087 parlementaire,
300.4724409448819 441.9212598425197 27.496062992125985 10.771653543307087 de
309.8267716535433 441.9212598425197 41.10236220472441 10.771653543307087 l’Acad.

30.330708661417322 452.12598425196853 72.56692913385827 10.488188976377952 fr.
72.0 452.12598425196853 51.874015748031496 10.488188976377952 —
92.69291338582677 452.12598425196853 62.07874015748032 10.488188976377952 L.
123.59055118110236 452.12598425196853 62.07874015748032 10.488188976377952 a.
154.77165354330708 452.12598425196853 72.56692913385827 10.488188976377952 s.;
196.15748031496062 452.12598425196853 51.874015748031496 10.488188976377952 1
216.8503937007874 452.12598425196853 62.07874015748032 10.488188976377952 p.
248.03149606299212 452.12598425196853 93.25984251968504 10.488188976377952 in-8.
310.1102362204724 452.12598425196853 51.874015748031496 10.488188976377952 3
320.31496062992125 452.12598425196853 31.181102362204726 10.488188976377952 »

21.543307086614174 463.46456692913387 26.078740157480315 10.771653543307087 17
34.58267716535433 463.46456692913387 73.98425196850394 10.771653543307087 Bezons
95.24409448818898 463.46456692913387 52.15748031496063 10.771653543307087 (Jacques
134.36220472440945 463.46456692913387 69.44881889763779 10.771653543307087 Bazin
191.0551181102362 463.46456692913387 34.86614173228347 10.771653543307087 de),
212.5984251968504 463.46456692913387 26.078740157480315 10.771653543307087 un
225.63779527559055 463.46456692913387 30.330708661417322 10.771653543307087 des
243.21259842519686 463.46456692913387 34.86614173228347 10.771653543307087 plus
264.755905511811 463.46456692913387 43.37007874015748 10.771653543307087 braves
295.37007874015745 463.46456692913387 56.40944881889764 10.771653543307087 maréchaux
334.48818897637796 463.46456692913387 17.291338582677167 10.771653543307087 du

35.1496062992126 473.6692913385827 51.023622047244096 10.488188976377952 règne
69.16535433070867 473.6692913385827 34.01574803149607 10.488188976377952 de
86.1732283464567 473.6692913385827 51.023622047244096 10.488188976377952 Louis
119.90551181102362 473.6692913385827 45.354330708661415 10.488188976377952 XIV,
148.251968503937 473.6692913385827 56.40944881889764 10.488188976377952 membre
187.93700787401573 473.6692913385827 34.01574803149607 10.488188976377952 du
204.66141732283464 473.6692913385827 62.07874015748032 10.488188976377952 conseil
250.01574803149606 473.6692913385827 34.01574803149607 10.488188976377952 de
267.0236220472441 473.6692913385827 67.74803149606299 10.488188976377952 Régence,
317.76377952755905 473.6692913385827 34.01574803149607 10.488188976377952 né
329.1023622047244 473.6692913385827 22.677165354330707 10.488188976377952 en

36.28346456692913 483.87401574803147 44.503937007874015 9.921259842519685 1646,
65.76377952755905 483.87401574803147 39.40157480314961 9.921259842519685 mort
90.4251968503937 483.87401574803147 29.480314960629922 9.921259842519685 en
105.16535433070867 483.87401574803147 44.503937007874015 9.921259842519685 1733.
134.9291338582677 483.87401574803147 24.661417322834644 9.921259842519685 —
144.8503937007874 483.87401574803147 29.480314960629922 9.921259842519685 L.
159.59055118110237 483.87401574803147 29.480314960629922 9.921259842519685 a.
174.33070866141733 483.87401574803147 29.480314960629922 9.921259842519685 s.
189.0708661417323 483.87401574803147 34.58267716535433 9.921259842519685 (au
208.91338582677164 483.87401574803147 34.58267716535433 9.921259842519685 duc
228.75590551181102 483.87401574803147 29.480314960629922 9.921259842519685 de
243.49606299212599 483.87401574803147 69.16535433070867 9.921259842519685 Noailles);
292.81889763779526 483.87401574803147 59.24409448818898 9.921259842519685 Saragosse,

35.71653543307087 493.79527559055117 30.614173228346456 10.771653543307087 29
51.023622047244096 493.79527559055117 35.71653543307087 10.771653543307087 mai
71.43307086614173 493.79527559055117 56.125984251968504 10.771653543307087 (1709),
112.25196850393701 493.79527559055117 25.511811023622048 10.771653543307087 2
122.45669291338582 493.79527559055117 30.614173228346456 10.771653543307087 p.
137.76377952755905 493.79527559055117 35.71653543307087 10.771653543307087 3/4
158.17322834645668 493.79527559055117 45.92125984251968 10.771653543307087 in-4.
188.78740157480314 493.79527559055117 30.614173228346456 10.771653543307087 La
204.3779527559055 493.79527559055117 66.33070866141732 10.771653543307087 signature
255.4015748031496 493.79527559055117 25.511811023622048 10.771653543307087 a
265.6062992125984 493.79527559055117 35.71653543307087 10.771653543307087 été
286.01574803149606 493.79527559055117 51.023622047244096 10.771653543307087 biffée
316.62992125984255 493.79527559055117 35.71653543307087 10.771653543307087 légè-

15.590551181102363 504.0 284.59842519685037 8.503937007874017 rement.
222.51968503937007 504.0 155.33858267716536 8.503937007874017 50
274.1102362204724 504.0 77.66929133858268 8.503937007874017 »

46.20472440944882 514.2047244094488 42.23622047244095 9.070866141732283 Pièce
74.55118110236221 514.2047244094488 70.58267716535433 9.070866141732283 historique.
130.96062992125985 514.2047244094488 47.05511811023622 9.070866141732283 Minute
164.1259842519685 514.2047244094488 28.346456692913385 9.070866141732283 de
178.01574803149606 514.2047244094488 47.05511811023622 9.070866141732283 lettre
211.1811023622047 514.2047244094488 47.05511811023622 9.070866141732283 écrite
244.06299212598427 514.2047244094488 32.881889763779526 9.070866141732283 peu
262.7716535433071 514.2047244094488 28.346456692913385 9.070866141732283 de
276.9448818897638 514.2047244094488 42.23622047244095 9.070866141732283 temps
305.29133858267716 514.2047244094488 42.23622047244095 9.070866141732283 après
328.81889763779526 514.2047244094488 23.52755905511811 9.070866141732283 son

36.8503937007874 522.992125984252 59.52755905511811 7.3700787401574805 élévation
82.48818897637796 522.992125984252 27.496062992125985 7.3700787401574805 au
96.09448818897638 522.992125984252 68.5984251968504 7.3700787401574805 maréchalat.
151.08661417322836 522.992125984252 27.496062992125985 7.3700787401574805 Il
164.69291338582678 522.992125984252 27.496062992125985 7.3700787401574805 le
178.58267716535434 522.992125984252 54.70866141732284 7.3700787401574805 remercie
219.68503937007873 522.992125984252 27.496062992125985 7.3700787401574805 de
233.29133858267716 522.992125984252 50.173228346456696 7.3700787401574805 l’avoir
269.8582677165354 522.992125984252 64.06299212598425 7.3700787401574805 recommandé
320.0314960629921 522.992125984252 27.496062992125985 7.3700787401574805 au
329.1023622047244 522.992125984252 22.96062992125984 7.3700787401574805 duc

36.8503937007874 531.7795275590552 54.70866141732284 8.78740157480315 d’Orléans
78.80314960629921 531.7795275590552 25.228346456692915 8.78740157480315 et
91.55905511811024 531.7795275590552 29.480314960629922 8.78740157480315 lui
108.28346456692914 531.7795275590552 50.45669291338583 8.78740157480315 souhaite
145.98425196850394 531.7795275590552 25.228346456692915 8.78740157480315 la
158.74015748031496 531.7795275590552 33.44881889763779 8.78740157480315 même
179.71653543307087 531.7795275590552 50.45669291338583 8.78740157480315 dignité.
217.41732283464566 531.7795275590552 25.228346456692915 8.78740157480315 Il
229.88976377952756 531.7795275590552 20.976377952755904 8.78740157480315 a
238.39370078740157 531.7795275590552 29.480314960629922 8.78740157480315 des
255.11811023622047 531.7795275590552 41.95275590551181 8.78740157480315 vivres
284.59842519685037 531.7795275590552 33.44881889763779 8.78740157480315 pour
305.5748031496063 531.7795275590552 29.480314960629922 8.78740157480315 130
318.3307086614173 531.7795275590552 33.44881889763779 8.78740157480315 jours,

36.56692913385827 540.8503937007874 36.56692913385827 9.070866141732283 mais
59.52755905511811 540.8503937007874 32.031496062992126 9.070866141732283 pas
77.66929133858268 540.8503937007874 27.496062992125985 9.070866141732283 de
91.2755905511811 540.8503937007874 54.99212598425197 9.070866141732283 fourrage
132.66141732283464 540.8503937007874 36.56692913385827 9.070866141732283 pour
155.33858267716536 540.8503937007874 32.031496062992126 9.070866141732283 les
173.76377952755905 540.8503937007874 54.99212598425197 9.070866141732283 chevaux;
214.86614173228347 540.8503937007874 32.031496062992126 9.070866141732283 les
233.29133858267716 540.8503937007874 77.66929133858268 9.070866141732283 entrepreneurs
292.53543307086613 540.8503937007874 59.52755905511811 9.070866141732283 abandonnent

36.8503937007874 549.6377952755905 39.40157480314961 9.070866141732283 leurs
62.92913385826772 549.6377952755905 65.76377952755905 9.070866141732283 ambulances,
115.37007874015748 549.6377952755905 26.362204724409448 9.070866141732283 le
128.69291338582678 549.6377952755905 39.40157480314961 9.070866141732283 siège
154.77165354330708 549.6377952755905 26.362204724409448 9.070866141732283 de
168.09448818897638 549.6377952755905 48.188976377952756 9.070866141732283 Benasco
202.96062992125985 549.6377952755905 30.614173228346456 9.070866141732283 est
220.53543307086613 549.6377952755905 34.86614173228347 9.070866141732283 fort
242.36220472440945 549.6377952755905 39.40157480314961 9.070866141732283 lent:
268.7244094488189 549.6377952755905 26.362204724409448 9.070866141732283 il
281.76377952755905 549.6377952755905 26.362204724409448 9.070866141732283 va
294.8031496062992 549.6377952755905 26.362204724409448 9.070866141732283 se
308.12598425196853 549.6377952755905 43.653543307086615 9.070866141732283 rendre
334.20472440944883 549.6377952755905 17.5748031496063 9.070866141732283 du

36.56692913385827 558.7086614173228 35.43307086614173 8.78740157480315 côté
58.67716535433071 558.7086614173228 26.362204724409448 8.78740157480315 de
72.0 558.7086614173228 44.22047244094488 8.78740157480315 Lérida
102.89763779527559 558.7086614173228 26.362204724409448 8.78740157480315 et
116.22047244094489 558.7086614173228 26.362204724409448 8.78740157480315 de
125.00787401574803 558.7086614173228 48.47244094488189 8.78740157480315 Balaguer.

22.96062992125984 569.7637795275591 27.77952755905512 10.488188976377952 18
36.8503937007874 569.7637795275591 83.33858267716535 10.488188976377952 Bongars
106.2992125984252 569.7637795275591 64.91338582677166 10.488188976377952 (Jacques),
157.3228346456693 569.7637795275591 46.488188976377955 10.488188976377952 savant
189.92125984251967 569.7637795275591 60.37795275590551 10.488188976377952 historien
236.1259842519685 569.7637795275591 27.77952755905512 10.488188976377952 et
250.01574803149606 569.7637795275591 60.37795275590551 10.488188976377952 diplomate
291.68503937007875 569.7637795275591 60.37795275590551 10.488188976377952 calviniste,

36.28346456692913 579.6850393700787 51.874015748031496 10.488188976377952 habile
72.56692913385827 579.6850393700787 67.46456692913385 10.488188976377952 critique,
124.44094488188976 579.6850393700787 77.95275590551181 10.488188976377952 ambassadeur
186.51968503937007 579.6850393700787 31.181102362204726 10.488188976377952 du
202.11023622047244 579.6850393700787 36.28346456692913 10.488188976377952 roi
223.08661417322836 579.6850393700787 46.77165354330709 10.488188976377952 Henri
253.98425196850394 579.6850393700787 31.181102362204726 10.488188976377952 IV
269.5748031496063 579.6850393700787 31.181102362204726 10.488188976377952 en
285.1653543307087 579.6850393700787 67.46456692913385 10.488188976377952 Allemagne
331.93700787401576 579.6850393700787 20.69291338582677 10.488188976377952 et

36.0 589.8897637795276 25.511811023622048 10.204724409448819 à
46.20472440944882 589.8897637795276 96.37795275590551 10.204724409448819 Constantinople,
127.2755905511811 589.8897637795276 30.330708661417322 10.204724409448819 né
142.58267716535434 589.8897637795276 25.511811023622048 10.204724409448819 à
152.78740157480314 589.8897637795276 55.84251968503937 10.204724409448819 Orléans
193.3228346456693 589.8897637795276 30.330708661417322 10.204724409448819 en
208.62992125984252 589.8897637795276 45.63779527559055 10.204724409448819 1554,
238.96062992125985 589.8897637795276 40.53543307086614 10.204724409448819 mort
264.4724409448819 589.8897637795276 30.330708661417322 10.204724409448819 en
279.496062992126 589.8897637795276 45.63779527559055 10.204724409448819 1612.
310.1102362204724 589.8897637795276 25.511811023622048 10.204724409448819 —
320.31496062992125 589.8897637795276 30.330708661417322 10.204724409448819 L.
330.23622047244095 589.8897637795276 20.409448818897637 10.204724409448819 a.
