405.9212598425197 636.3779527559055
174.89763779527559 15.874015748031496 33.44881889763779 7.3700787401574805 —
188.50393700787401 15.874015748031496 33.44881889763779 7.3700787401574805 4
195.0236220472441 15.874015748031496 20.125984251968504 7.3700787401574805 —

48.47244094488189 37.13385826771653 31.748031496062993 10.771653543307087 s.
64.34645669291339 37.13385826771653 26.362204724409448 10.771653543307087 à
74.83464566929133 37.13385826771653 31.748031496062993 10.771653543307087 M.
90.70866141732283 37.13385826771653 31.748031496062993 10.771653543307087 de
106.58267716535433 37.13385826771653 58.110236220472444 10.771653543307087 Ségur..
148.8188976377953 37.13385826771653 84.18897637795276 10.771653543307087 surintendant
217.13385826771653 37.13385826771653 31.748031496062993 10.771653543307087 du
233.00787401574803 37.13385826771653 36.8503937007874 10.771653543307087 roi
254.26771653543307 37.13385826771653 31.748031496062993 10.771653543307087 de
269.8582677165354 37.13385826771653 63.21259842519685 10.771653543307087 Navarre;
312.09448818897636 37.13385826771653 52.724409448818896 10.771653543307087 Leipzig,

44.22047244094488 47.338582677165356 49.889763779527556 10.204724409448819 3
64.06299212598425 47.338582677165356 70.01574803149606 10.204724409448819 mai
104.03149606299213 47.338582677165356 89.85826771653544 10.204724409448819 1589,
163.84251968503938 47.338582677165356 49.889763779527556 10.204724409448819 1
183.96850393700788 47.338582677165356 59.811023622047244 10.204724409448819 p.
214.01574803149606 47.338582677165356 70.01574803149606 10.204724409448819 1/4
253.98425196850394 47.338582677165356 89.85826771653544 10.204724409448819 in-f.
313.79527559055117 47.338582677165356 59.811023622047244 10.204724409448819 45
333.6377952755906 47.338582677165356 30.04724409448819 10.204724409448819 »

59.811023622047244 57.25984251968504 42.803149606299215 9.070866141732283 Lettre
89.85826771653544 57.25984251968504 59.811023622047244 9.070866141732283 importante
136.91338582677164 57.25984251968504 34.2992125984252 9.070866141732283 pour
158.17322834645668 57.25984251968504 25.79527559055118 9.070866141732283 la
171.21259842519686 57.25984251968504 30.04724409448819 9.070866141732283 fin
188.2204724409449 57.25984251968504 25.79527559055118 9.070866141732283 du
200.9763779527559 57.25984251968504 38.55118110236221 9.070866141732283 règne
226.77165354330708 57.25984251968504 25.79527559055118 9.070866141732283 de
239.5275590551181 57.25984251968504 38.55118110236221 9.070866141732283 Henri
265.3228346456693 57.25984251968504 34.2992125984252 9.070866141732283 III.
286.5826771653543 57.25984251968504 34.2992125984252 9.070866141732283 Elle
308.12598425196853 57.25984251968504 30.04724409448819 9.070866141732283 est
320.88188976377955 57.25984251968504 42.803149606299215 9.070866141732283 relative

49.32283464566929 66.33070866141732 29.763779527559056 8.78740157480315 aux
66.33070866141732 66.33070866141732 68.03149606299213 8.78740157480315 négociations
121.60629921259843 66.33070866141732 34.01574803149607 8.78740157480315 avec
142.58267716535434 66.33070866141732 29.763779527559056 8.78740157480315 les
159.59055118110237 66.33070866141732 46.77165354330709 8.78740157480315 princes
193.60629921259843 66.33070866141732 59.52755905511811 8.78740157480315 allemands.
240.3779527559055 66.33070866141732 25.511811023622048 8.78740157480315 Le
253.13385826771653 66.33070866141732 29.763779527559056 8.78740157480315 roi
270.1417322834646 66.33070866141732 21.25984251968504 8.78740157480315 «
278.6456692913386 66.33070866141732 42.51968503937008 8.78740157480315 estoit
308.12598425196853 66.33070866141732 55.275590551181104 8.78740157480315 contraint
346.3937007874016 66.33070866141732 17.007874015748033 8.78740157480315 de

49.32283464566929 75.11811023622047 71.71653543307086 9.070866141732283 s’accommoder
107.71653543307086 75.11811023622047 31.46456692913386 9.070866141732283 aux
125.5748031496063 75.11811023622047 53.85826771653543 9.070866141732283 volontéz
165.82677165354332 75.11811023622047 26.929133858267715 9.070866141732283 du
179.43307086614172 75.11811023622047 31.46456692913386 9.070866141732283 duc
197.29133858267716 75.11811023622047 26.929133858267715 9.070866141732283 de
210.61417322834646 75.11811023622047 44.78740157480315 9.070866141732283 Guyse;
242.07874015748033 75.11811023622047 35.71653543307087 9.070866141732283 que,
264.4724409448819 75.11811023622047 49.32283464566929 9.070866141732283 depuis,
300.4724409448819 75.11811023622047 26.929133858267715 9.070866141732283 il
313.79527559055117 75.11811023622047 40.25196850393701 9.070866141732283 avoit
336.18897637795277 75.11811023622047 26.929133858267715 9.070866141732283 esté

48.75590551181102 83.90551181102362 26.929133858267715 9.354330708661417 un
62.36220472440945 83.90551181102362 58.39370078740158 9.354330708661417 perpétuel
107.14960629921259 83.90551181102362 44.78740157480315 9.354330708661417 danger
138.61417322834646 83.90551181102362 26.929133858267715 9.354330708661417 de
151.93700787401573 83.90551181102362 44.78740157480315 9.354330708661417 perdre
183.4015748031496 83.90551181102362 26.929133858267715 9.354330708661417 sa
196.7244094488189 83.90551181102362 53.85826771653543 9.354330708661417 couronne
237.25984251968504 83.90551181102362 26.929133858267715 9.354330708661417 et
250.58267716535434 83.90551181102362 26.929133858267715 9.354330708661417 sa
264.18897637795277 83.90551181102362 36.0 9.354330708661417 vie;
286.5826771653543 83.90551181102362 40.25196850393701 9.354330708661417 qu’il
313.51181102362204 83.90551181102362 49.32283464566929 9.354330708661417 n’avoit
344.9763779527559 83.90551181102362 17.858267716535433 9.354330708661417 eu

48.47244094488189 92.97637795275591 47.62204724409449 9.070866141732283 d'autre
83.05511811023622 92.97637795275591 38.83464566929134 9.070866141732283 moyen
108.85039370078741 92.97637795275591 25.79527559055118 9.070866141732283 de
121.88976377952756 92.97637795275591 69.16535433070867 9.070866141732283 s’affranchir
178.01574803149606 92.97637795275591 25.79527559055118 9.070866141732283 de
191.0551181102362 92.97637795275591 30.330708661417322 9.070866141732283 ses
208.3464566929134 92.97637795275591 51.874015748031496 9.070866141732283 offenses
247.1811023622047 92.97637795275591 30.330708661417322 9.070866141732283 que
264.4724409448819 92.97637795275591 30.330708661417322 9.070866141732283 par
281.76377952755905 92.97637795275591 25.79527559055118 9.070866141732283 la
294.5196850393701 92.97637795275591 34.58267716535433 9.070866141732283 mort
316.06299212598424 92.97637795275591 25.79527559055118 9.070866141732283 du
329.1023622047244 92.97637795275591 30.330708661417322 9.070866141732283 dit
342.1417322834646 92.97637795275591 21.543307086614174 9.070866141732283 duc

48.188976377952756 102.04724409448819 27.77952755905512 9.070866141732283 de
62.07874015748032 102.04724409448819 41.669291338582674 9.070866141732283 Guyse
89.85826771653544 102.04724409448819 27.77952755905512 9.070866141732283 ».
103.74803149606299 102.04724409448819 51.023622047244096 9.070866141732283 Bongars
140.5984251968504 102.04724409448819 23.244094488188978 9.070866141732283 a
149.95275590551182 102.04724409448819 60.09448818897638 9.070866141732283 conseillé
196.15748031496062 102.04724409448819 32.31496062992126 9.070866141732283 une
214.58267716535434 102.04724409448819 60.09448818897638 9.070866141732283 alliance.
261.07086614173227 102.04724409448819 41.669291338582674 9.070866141732283 C’est
288.8503937007874 102.04724409448819 46.20472440944882 9.070866141732283 encore
321.1653543307087 102.04724409448819 27.77952755905512 9.070866141732283 un
330.5196850393701 102.04724409448819 32.31496062992126 9.070866141732283 moyen

48.47244094488189 110.83464566929133 48.75590551181102 9.354330708661417 d’aider
84.18897637795276 110.83464566929133 26.64566929133858 9.354330708661417 le
97.51181102362204 110.83464566929133 31.181102362204726 9.354330708661417 roi
115.08661417322834 110.83464566929133 26.64566929133858 9.354330708661417 de
128.40944881889763 110.83464566929133 48.75590551181102 9.354330708661417 Navarre
163.84251968503938 110.83464566929133 22.11023622047244 9.354330708661417 «
172.91338582677164 110.83464566929133 26.64566929133858 9.354330708661417 dé
186.23622047244095 110.83464566929133 39.968503937007874 9.354330708661417 faire
212.88188976377953 110.83464566929133 26.64566929133858 9.354330708661417 un
226.20472440944883 110.83464566929133 39.968503937007874 9.354330708661417 grand
252.8503937007874 110.83464566929133 35.43307086614173 9.354330708661417 bien
274.96062992125985 110.83464566929133 22.11023622047244 9.354330708661417 à
283.748031496063 110.83464566929133 26.64566929133858 9.354330708661417 la
297.07086614173227 110.83464566929133 48.75590551181102 9.354330708661417 France,
332.503937007874 110.83464566929133 26.64566929133858 9.354330708661417 de
341.5748031496063 110.83464566929133 22.11023622047244 9.354330708661417 luy

47.90551181102362 119.62204724409449 47.05511811023622 9.354330708661417 rendre
80.78740157480316 119.62204724409449 28.062992125984252 9.354330708661417 ce
94.96062992125984 119.62204724409449 79.93700787401575 9.354330708661417 qu’autresfois
160.7244094488189 119.62204724409449 37.41732283464567 9.354330708661417 elle
184.251968503937 119.62204724409449 32.881889763779526 9.354330708661417 lui
202.96062992125985 119.62204724409449 42.23622047244095 9.354330708661417 avoit
231.0236220472441 119.62204724409449 47.05511811023622 9.354330708661417 presté
263.90551181102364 119.62204724409449 32.881889763779526 9.354330708661417 et,
282.61417322834643 119.62204724409449 32.881889763779526 9.354330708661417 par
301.6062992125984 119.62204724409449 42.23622047244095 9.354330708661417 mesme
325.13385826771656 119.62204724409449 37.41732283464567 9.354330708661417 moyen,

47.338582677165356 128.40944881889763 45.07086614173228 9.070866141732283 donner
78.80314960629921 128.40944881889763 26.929133858267715 9.070866141732283 un
92.40944881889764 128.40944881889763 40.53543307086614 9.070866141732283 grand
119.33858267716535 128.40944881889763 36.0 9.070866141732283 coup
142.01574803149606 128.40944881889763 26.929133858267715 9.070866141732283 de
155.6220472440945 128.40944881889763 36.0 9.070866141732283 pied
178.01574803149606 128.40944881889763 22.393700787401574 9.070866141732283 à
187.08661417322836 128.40944881889763 26.929133858267715 9.070866141732283 la
200.69291338582678 128.40944881889763 49.60629921259842 9.070866141732283 Papauté
236.69291338582678 128.40944881889763 26.929133858267715 9.070866141732283 ».
250.29921259842519 128.40944881889763 26.929133858267715 9.070866141732283 Le
263.62204724409446 128.40944881889763 45.07086614173228 9.070866141732283 prince
295.37007874015745 128.40944881889763 54.14173228346457 9.070866141732283 d’Anhalt
331.37007874015745 128.40944881889763 31.46456692913386 9.070866141732283 diri-

47.90551181102362 137.48031496062993 34.2992125984252 9.070866141732283 gera
69.44881889763779 137.48031496062993 30.04724409448819 9.070866141732283 les
86.45669291338582 137.48031496062993 51.59055118110236 9.070866141732283 troupes,
125.29133858267717 137.48031496062993 38.83464566929134 9.070866141732283 après
151.08661417322836 137.48031496062993 25.79527559055118 9.070866141732283 en
164.1259842519685 137.48031496062993 38.83464566929134 9.070866141732283 avoir
189.92125984251967 137.48031496062993 47.338582677165356 9.070866141732283 conféré
224.2204724409449 137.48031496062993 34.2992125984252 9.070866141732283 avec
245.76377952755905 137.48031496062993 30.04724409448819 9.070866141732283 les
258.8031496062992 137.48031496062993 51.59055118110236 9.070866141732283 Electeurs.

32.881889763779526 147.4015748031496 29.480314960629922 10.771653543307087 19
47.62204724409449 147.4015748031496 98.36220472440945 10.771653543307087 Bourgogne
131.24409448818898 147.4015748031496 54.14173228346457 10.771653543307087 (Louis,
170.36220472440945 147.4015748031496 34.2992125984252 10.771653543307087 duc
190.20472440944883 147.4015748031496 39.40157480314961 10.771653543307087 de),
214.86614173228347 147.4015748031496 68.88188976377953 10.771653543307087 petit-fils
268.7244094488189 147.4015748031496 29.480314960629922 10.771653543307087 de
283.46456692913387 147.4015748031496 44.22047244094488 10.771653543307087 Louis
313.2283464566929 147.4015748031496 39.40157480314961 10.771653543307087 XIV,
332.78740157480314 147.4015748031496 29.480314960629922 10.771653543307087 père

46.488188976377955 157.60629921259843 31.46456692913386 9.921259842519685 de
62.36220472440945 157.60629921259843 47.338582677165356 9.921259842519685 Louis
93.8267716535433 157.60629921259843 36.8503937007874 9.921259842519685 XV,
115.08661417322834 157.60629921259843 57.826771653543304 9.921259842519685 l'élève
157.03937007874015 157.60629921259843 31.46456692913386 9.921259842519685 de
172.91338582677164 157.60629921259843 68.31496062992126 9.921259842519685 Fénelon.—
225.35433070866142 157.60629921259843 41.95275590551181 9.921259842519685 Deux
251.71653543307087 157.60629921259843 57.826771653543304 9.921259842519685 dessins
293.9527559055118 157.60629921259843 41.95275590551181 9.921259842519685 aut.
320.31496062992125 157.60629921259843 41.95275590551181 9.921259842519685 dont
341.29133858267716 157.60629921259843 20.976377952755904 9.921259842519685 un

46.20472440944882 167.81102362204723 41.669291338582674 10.204724409448819 avec
72.0 167.81102362204723 41.669291338582674 10.204724409448819 deux
98.07874015748031 167.81102362204723 41.669291338582674 10.204724409448819 mots
123.8740157480315 167.81102362204723 31.181102362204726 10.204724409448819 de
139.46456692913387 167.81102362204723 31.181102362204726 10.204724409448819 la
155.0551181102362 167.81102362204723 41.669291338582674 10.204724409448819 main
181.13385826771653 167.81102362204723 31.181102362204726 10.204724409448819 du
196.7244094488189 167.81102362204723 56.976377952755904 10.204724409448819 prince;
238.11023622047244 167.81102362204723 26.078740157480315 10.204724409448819 4
248.5984251968504 167.81102362204723 56.976377952755904 10.204724409448819 février
290.26771653543307 167.81102362204723 56.976377952755904 10.204724409448819 1692-11
326.5511811023622 167.81102362204723 36.28346456692913 10.204724409448819 octo-

41.38582677165354 178.29921259842519 74.55118110236221 9.637795275590552 bre
84.18897637795276 178.29921259842519 96.09448818897638 9.637795275590552 1693,
148.251968503937 178.29921259842519 53.29133858267716 9.637795275590552 2
169.51181102362204 178.29921259842519 64.06299212598425 9.637795275590552 p.
201.54330708661416 178.29921259842519 85.32283464566929 9.637795275590552 in-8
254.83464566929135 178.29921259842519 85.32283464566929 9.637795275590552 obl.
308.12598425196853 178.29921259842519 64.06299212598425 9.637795275590552 75
329.38582677165357 178.29921259842519 32.031496062992126 9.637795275590552 »

57.54330708661417 188.2204724409449 52.15748031496063 9.354330708661417 Précieux
96.66141732283465 188.2204724409449 47.90551181102362 9.354330708661417 dessins
131.5275590551181 188.2204724409449 26.078740157480315 9.354330708661417 de
144.56692913385828 188.2204724409449 26.078740157480315 9.354330708661417 la
157.60629921259843 188.2204724409449 52.15748031496063 9.354330708661417 jeunesse
196.7244094488189 188.2204724409449 26.078740157480315 9.354330708661417 du
209.76377952755905 188.2204724409449 43.37007874015748 9.354330708661417 prince
240.09448818897638 188.2204724409449 30.330708661417322 9.354330708661417 (il
257.6692913385827 188.2204724409449 39.118110236220474 9.354330708661417 avait
283.748031496063 188.2204724409449 21.826771653543307 9.354330708661417 à
292.251968503937 188.2204724409449 39.118110236220474 9.354330708661417 peine
318.61417322834643 188.2204724409449 34.86614173228347 9.354330708661417 neuf
335.90551181102364 188.2204724409449 26.078740157480315 9.354330708661417 ans)

46.77165354330709 197.00787401574803 37.13385826771653 9.070866141732283 dont
69.73228346456693 197.00787401574803 37.13385826771653 9.070866141732283 l’un
92.97637795275591 197.00787401574803 64.91338582677166 9.070866141732283 représente
144.0 197.00787401574803 27.77952755905512 9.070866141732283 un
157.88976377952756 197.00787401574803 41.669291338582674 9.070866141732283 sujet
185.66929133858267 197.00787401574803 27.77952755905512 9.070866141732283 de
199.55905511811022 197.00787401574803 51.023622047244096 9.070866141732283 chasse:
236.69291338582678 197.00787401574803 27.77952755905512 9.070866141732283 le
250.58267716535434 197.00787401574803 32.59842519685039 9.070866141732283 duc
269.29133858267716 197.00787401574803 27.77952755905512 9.070866141732283 de
283.18110236220474 197.00787401574803 41.669291338582674 9.070866141732283 Berri
310.96062992125985 197.00787401574803 51.023622047244096 9.070866141732283 entouré
343.5590551181102 197.00787401574803 18.4251968503937 9.070866141732283 de

46.77165354330709 206.07874015748033 63.77952755905512 8.78740157480315 personnages
97.79527559055119 206.07874015748033 21.25984251968504 8.78740157480315 à
106.2992125984252 206.07874015748033 34.01574803149607 8.78740157480315 pied
127.55905511811024 206.07874015748033 25.511811023622048 8.78740157480315 et
140.5984251968504 206.07874015748033 21.25984251968504 8.78740157480315 à
149.10236220472441 206.07874015748033 46.77165354330709 8.78740157480315 cheval,
183.11811023622047 206.07874015748033 42.51968503937008 8.78740157480315 tirant
212.88188976377953 206.07874015748033 25.511811023622048 8.78740157480315 un
225.63779527559055 206.07874015748033 42.51968503937008 8.78740157480315 oiseau
255.4015748031496 206.07874015748033 34.01574803149607 8.78740157480315 dans
276.66141732283467 206.07874015748033 25.511811023622048 8.78740157480315 la
289.7007874015748 206.07874015748033 38.267716535433074 8.78740157480315 forêt
315.21259842519686 206.07874015748033 25.511811023622048 8.78740157480315 de
323.7165354330709 206.07874015748033 38.267716535433074 8.78740157480315 Fontai-

46.488188976377955 215.1496062992126 57.25984251968504 9.070866141732283 nebleau.
89.5748031496063 215.1496062992126 28.62992125984252 9.070866141732283 Le
103.74803149606299 215.1496062992126 47.62204724409449 9.070866141732283 second
137.1968503937008 215.1496062992126 66.89763779527559 9.070866141732283 représente
189.92125984251967 215.1496062992126 28.62992125984252 9.070866141732283 le
204.09448818897638 215.1496062992126 47.62204724409449 9.070866141732283 cochon
237.54330708661416 215.1496062992126 28.62992125984252 9.070866141732283 de
252.0 215.1496062992126 28.62992125984252 9.070866141732283 la
266.1732283464567 215.1496062992126 62.07874015748032 9.070866141732283 tentation
314.0787401574803 215.1496062992126 28.62992125984252 9.070866141732283 de
323.43307086614175 215.1496062992126 38.267716535433074 9.070866141732283 Saint-

46.488188976377955 224.50393700787401 50.74015748031496 8.503937007874017 Antoine,
84.4724409448819 224.50393700787401 46.488188976377955 8.503937007874017 d’après
113.95275590551181 224.50393700787401 37.98425196850393 8.503937007874017 Callot.

30.614173228346456 233.00787401574803 28.346456692913385 11.05511811023622 20
44.78740157480315 233.00787401574803 79.93700787401575 11.05511811023622 Brunei
110.83464566929133 233.00787401574803 56.40944881889764 11.05511811023622 (M.-I.),
153.0708661417323 233.00787401574803 51.874015748031496 11.05511811023622 célèbre
190.77165354330708 233.00787401574803 61.22834645669291 11.05511811023622 ingénieur
237.82677165354332 233.00787401574803 61.22834645669291 11.05511811023622 français,
284.88188976377955 233.00787401574803 75.4015748031496 11.05511811023622 constructeur
341.5748031496063 233.00787401574803 18.708661417322833 11.05511811023622 du

45.354330708661415 243.21259842519686 49.32283464566929 10.488188976377952 tunnel
79.65354330708661 243.21259842519686 39.40157480314961 10.488188976377952 sous
104.31496062992126 243.21259842519686 29.480314960629922 10.488188976377952 la
119.33858267716535 243.21259842519686 54.14173228346457 10.488188976377952 Tamise.
158.74015748031496 243.21259842519686 24.661417322834644 10.488188976377952 —
168.66141732283464 243.21259842519686 29.480314960629922 10.488188976377952 L.
183.4015748031496 243.21259842519686 29.480314960629922 10.488188976377952 a.
198.14173228346456 243.21259842519686 29.480314960629922 10.488188976377952 s.
212.88188976377953 243.21259842519686 29.480314960629922 10.488188976377952 au
227.6220472440945 243.21259842519686 44.503937007874015 10.488188976377952 baron
257.38582677165357 243.21259842519686 29.480314960629922 10.488188976377952 de
272.12598425196853 243.21259842519686 49.32283464566929 10.488188976377952 Pirch;
301.6062992125984 243.21259842519686 59.24409448818898 10.488188976377952 (Londres),

39.68503937007874 253.70078740157481 66.33070866141732 9.921259842519685 14
72.85039370078741 253.70078740157481 77.66929133858268 9.921259842519685 mai
117.07086614173228 253.70078740157481 99.77952755905511 9.921259842519685 1840,
183.68503937007873 253.70078740157481 55.275590551181104 9.921259842519685 3
205.79527559055117 253.70078740157481 66.33070866141732 9.921259842519685 p.
238.96062992125985 253.70078740157481 99.77952755905511 9.921259842519685 in-8.
305.5748031496063 253.70078740157481 66.33070866141732 9.921259842519685 45
327.68503937007875 253.70078740157481 33.16535433070866 9.921259842519685 »

55.84251968503937 263.62204724409446 90.14173228346456 7.653543307086614 Très-intéressante
133.22834645669292 263.62204724409446 43.08661417322835 7.653543307086614 lettre
163.2755905511811 263.62204724409446 51.59055118110236 7.653543307086614 relative
201.82677165354332 263.62204724409446 21.543307086614174 7.653543307086614 à
210.61417322834646 263.62204724409446 43.08661417322835 7.653543307086614 l’état
240.66141732283464 263.62204724409446 68.88188976377953 7.653543307086614 d’avancement
296.503937007874 263.62204724409446 30.04724409448819 7.653543307086614 des
313.51181102362204 263.62204724409446 47.338582677165356 7.653543307086614 travaux
343.5590551181102 263.62204724409446 17.291338582677167 7.653543307086614 du

46.20472440944882 272.12598425196853 49.60629921259842 9.354330708661417 tunnel.
82.20472440944881 272.12598425196853 31.46456692913386 9.354330708661417 «Le
100.34645669291339 272.12598425196853 49.60629921259842 9.354330708661417 travail
136.3464566929134 272.12598425196853 31.46456692913386 9.354330708661417 est
154.20472440944883 272.12598425196853 53.85826771653543 9.354330708661417 toujours
194.74015748031496 272.12598425196853 53.85826771653543 9.354330708661417 pénible,
235.2755905511811 272.12598425196853 45.07086614173228 9.354330708661417 malgré
266.74015748031496 272.12598425196853 40.53543307086614 9.354330708661417 notre
293.6692913385827 272.12598425196853 49.60629921259842 9.354330708661417 succès,
329.6692913385827 272.12598425196853 31.46456692913386 9.354330708661417 car
343.2755905511811 272.12598425196853 17.858267716535433 9.354330708661417 ce

45.63779527559055 281.4803149606299 41.10236220472441 8.78740157480315 n’est
73.13385826771653 281.4803149606299 32.031496062992126 8.78740157480315 que
91.2755905511811 281.4803149606299 32.031496062992126 8.78740157480315 par
109.7007874015748 281.4803149606299 32.031496062992126 8.78740157480315 une
127.84251968503936 281.4803149606299 59.52755905511811 8.78740157480315 vigilance
173.76377952755905 281.4803149606299 50.173228346456696 8.78740157480315 extrême
210.33070866141733 281.4803149606299 32.031496062992126 8.78740157480315 que
228.4724409448819 281.4803149606299 36.56692913385827 8.78740157480315 nous
251.43307086614172 281.4803149606299 45.63779527559055 8.78740157480315 sommes
283.46456692913387 281.4803149606299 54.99212598425197 8.78740157480315 parvenus
324.56692913385825 281.4803149606299 27.496062992125985 8.78740157480315 où
333.6377952755906 281.4803149606299 27.496062992125985 8.78740157480315 nous

46.20472440944882 290.26771653543307 36.0 9.070866141732283 nous
68.5984251968504 290.26771653543307 53.85826771653543 9.070866141732283 trouvons
109.13385826771653 290.26771653543307 67.46456692913385 9.070866141732283 maintenant,
163.2755905511811 290.26771653543307 40.53543307086614 9.070866141732283 après
190.20472440944883 290.26771653543307 40.53543307086614 9.070866141732283 avoir
217.13385826771653 290.26771653543307 53.85826771653543 9.070866141732283 surmonté
257.6692913385827 290.26771653543307 36.0 9.070866141732283 cinq
280.06299212598424 290.26771653543307 53.85826771653543 9.070866141732283 attaques
320.59842519685037 290.26771653543307 26.929133858267715 9.070866141732283 de
329.6692913385827 290.26771653543307 31.46456692913386 9.070866141732283 notre

46.20472440944882 299.0551181102362 53.29133858267716 9.070866141732283 puissant
86.1732283464567 299.0551181102362 48.75590551181102 9.070866141732283 ennemi,
121.60629921259843 299.0551181102362 84.18897637795276 9.070866141732283 irréconciliable
192.75590551181102 299.0551181102362 35.43307086614173 9.070866141732283 sous
214.86614173228347 299.0551181102362 35.43307086614173 9.070866141732283 tous
236.9763779527559 299.0551181102362 31.181102362204726 9.070866141732283 les
254.83464566929135 299.0551181102362 62.07874015748032 9.070866141732283 rapports».
303.59055118110234 299.0551181102362 26.64566929133858 9.070866141732283 Il
316.9133858267717 299.0551181102362 31.181102362204726 9.070866141732283 lui
330.23622047244095 299.0551181102362 31.181102362204726 9.070866141732283 donne

45.354330708661415 308.12598425196853 51.874015748031496 9.070866141732283 ensuite
83.05511811023622 308.12598425196853 28.346456692913385 9.070866141732283 de
97.22834645669292 308.12598425196853 51.874015748031496 9.070866141732283 curieux
134.9291338582677 308.12598425196853 51.874015748031496 9.070866141732283 détails
172.62992125984252 308.12598425196853 32.881889763779526 9.070866141732283 sur
191.33858267716536 308.12598425196853 32.881889763779526 9.070866141732283 les
210.33070866141733 308.12598425196853 79.93700787401575 9.070866141732283 circonstances
276.09448818897636 308.12598425196853 32.881889763779526 9.070866141732283 qui
295.0866141732283 308.12598425196853 32.881889763779526 9.070866141732283 ont
313.79527559055117 308.12598425196853 42.23622047244095 9.070866141732283 amené
337.3228346456693 308.12598425196853 23.52755905511811 9.070866141732283 son

45.92125984251968 316.9133858267717 51.874015748031496 9.070866141732283 mariage
83.62204724409449 316.9133858267717 37.7007874015748 9.070866141732283 avec
107.14960629921259 316.9133858267717 32.881889763779526 9.070866141732283 une
125.85826771653544 316.9133858267717 42.23622047244095 9.070866141732283 jeune
154.20472440944883 316.9133858267717 28.346456692913385 9.070866141732283 et
168.3779527559055 316.9133858267717 42.23622047244095 9.070866141732283 jolie
196.44094488188978 316.9133858267717 56.40944881889764 9.070866141732283 Anglaise
238.96062992125985 316.9133858267717 42.23622047244095 9.070866141732283 qu'il
267.0236220472441 316.9133858267717 47.05511811023622 9.070866141732283 épousa
299.90551181102364 316.9133858267717 23.52755905511811 9.070866141732283 à
309.54330708661416 316.9133858267717 32.881889763779526 9.070866141732283 son
323.43307086614175 316.9133858267717 37.7007874015748 9.070866141732283 retour

45.92125984251968 325.98425196850394 25.511811023622048 8.78740157480315 du
58.67716535433071 325.98425196850394 46.488188976377955 8.78740157480315 Canada,
92.40944881889764 325.98425196850394 25.511811023622048 8.78740157480315 où
105.16535433070867 325.98425196850394 25.511811023622048 8.78740157480315 il
117.92125984251969 325.98425196850394 46.488188976377955 8.78740157480315 s’était
151.6535433070866 325.98425196850394 42.23622047244095 8.78740157480315 retiré
181.13385826771653 325.98425196850394 21.25984251968504 8.78740157480315 à
189.63779527559055 325.98425196850394 50.74015748031496 8.78740157480315 l’époque
227.90551181102362 325.98425196850394 25.511811023622048 8.78740157480315 de
240.3779527559055 325.98425196850394 25.511811023622048 8.78740157480315 la
248.88188976377953 325.98425196850394 54.99212598425197 8.78740157480315 Révolution.

29.480314960629922 336.4724409448819 33.16535433070866 10.488188976377952 21
45.92125984251968 336.4724409448819 93.8267716535433 10.488188976377952 Brunel
123.02362204724409 336.4724409448819 66.04724409448819 10.488188976377952 (M.-I.).
172.62992125984252 336.4724409448819 27.496062992125985 10.488188976377952 —
183.68503937007873 336.4724409448819 33.16535433070866 10.488188976377952 L.
200.40944881889763 336.4724409448819 33.16535433070866 10.488188976377952 a.
216.8503937007874 336.4724409448819 38.55118110236221 10.488188976377952 s.,
238.96062992125985 336.4724409448819 49.60629921259842 10.488188976377952 1834,
272.12598425196853 336.4724409448819 27.496062992125985 10.488188976377952 1
283.18110236220474 336.4724409448819 33.16535433070866 10.488188976377952 p.
299.62204724409446 336.4724409448819 55.275590551181104 10.488188976377952 in-18.
338.1732283464567 336.4724409448819 27.496062992125985 10.488188976377952 5
343.84251968503935 336.4724409448819 16.440944881889763 10.488188976377952 »

30.04724409448819 348.9448818897638 28.62992125984252 11.05511811023622 22
44.503937007874015 348.9448818897638 95.81102362204724 11.05511811023622 Brunswick
125.85826771653544 348.9448818897638 105.44881889763779 11.05511811023622 (Frédéric-Auguste,
216.8503937007874 348.9448818897638 33.44881889763779 11.05511811023622 duc
236.1259842519685 348.9448818897638 38.267716535433074 11.05511811023622 de),
259.93700787401576 348.9448818897638 47.90551181102362 11.05511811023622 prince
293.38582677165357 348.9448818897638 57.54330708661417 11.05511811023622 célèbre,
331.93700787401576 348.9448818897638 28.62992125984252 11.05511811023622 plus

44.22047244094488 359.43307086614175 51.874015748031496 10.488188976377952 connu
78.51968503937007 359.43307086614175 51.874015748031496 10.488188976377952 comme
113.10236220472441 359.43307086614175 68.88188976377953 10.488188976377952 écrivain
164.9763779527559 359.43307086614175 40.25196850393701 10.488188976377952 que
187.93700787401573 359.43307086614175 51.874015748031496 10.488188976377952 comme
222.23622047244095 359.43307086614175 80.50393700787401 10.488188976377952 militaire,
285.4488188976378 359.43307086614175 57.54330708661417 10.488188976377952 auteur
320.0314960629921 359.43307086614175 40.25196850393701 10.488188976377952 d’une

45.07086614173228 369.6377952755906 66.61417322834646 10.771653543307087 Histoire
98.36220472440945 369.6377952755906 128.69291338582678 10.771653543307087 d'Alexandre-le-Grand,
213.73228346456693 369.6377952755906 62.07874015748032 10.771653543307087 traducteur
262.7716535433071 369.6377952755906 26.64566929133858 10.771653543307087 de
276.09448818897636 369.6377952755906 71.14960629921259 10.771653543307087 Montesquieu,
333.6377952755906 369.6377952755906 26.64566929133858 10.771653543307087 né
342.4251968503937 369.6377952755906 17.858267716535433 10.771653543307087 en

45.63779527559055 379.84251968503935 45.63779527559055 11.05511811023622 1740,
76.25196850393701 379.84251968503935 40.53543307086614 11.05511811023622 mort
101.48031496062993 379.84251968503935 30.614173228346456 11.05511811023622 en
116.78740157480316 379.84251968503935 45.63779527559055 11.05511811023622 1817.
147.11811023622047 379.84251968503935 25.511811023622048 11.05511811023622 —
157.3228346456693 379.84251968503935 30.614173228346456 11.05511811023622 L.
172.62992125984252 379.84251968503935 30.614173228346456 11.05511811023622 a.
187.93700787401573 379.84251968503935 35.43307086614173 11.05511811023622 s.,
208.06299212598427 379.84251968503935 30.614173228346456 11.05511811023622 en
223.37007874015748 379.84251968503935 66.04724409448819 11.05511811023622 français;
274.1102362204724 379.84251968503935 30.614173228346456 11.05511811023622 11
289.4173228346457 379.84251968503935 55.84251968503937 11.05511811023622 octobre
325.13385826771656 379.84251968503935 35.43307086614173 11.05511811023622 1788,

32.31496062992126 388.34645669291336 90.99212598425197 11.905511811023622 1
68.5984251968504 388.34645669291336 109.13385826771653 11.905511811023622 p.
123.30708661417323 388.34645669291336 163.84251968503938 11.905511811023622 in-4.
232.44094488188978 388.34645669291336 90.99212598425197 11.905511811023622 3
268.7244094488189 388.34645669291336 109.13385826771653 11.905511811023622 10
305.00787401574803 388.34645669291336 54.70866141732284 11.905511811023622 »

29.480314960629922 401.38582677165357 30.04724409448819 10.771653543307087 23
44.503937007874015 401.38582677165357 104.5984251968504 10.771653543307087 Burlamachi
134.36220472440945 401.38582677165357 59.811023622047244 10.771653543307087 (Renée),
179.1496062992126 401.38582677165357 59.811023622047244 10.771653543307087 deuxième
223.93700787401573 401.38582677165357 44.78740157480315 10.771653543307087 femme
253.98425196850394 401.38582677165357 64.91338582677166 10.771653543307087 d’Agrippa
298.7716535433071 401.38582677165357 59.811023622047244 10.771653543307087 d’Aubigné.

45.354330708661415 411.59055118110234 39.968503937007874 10.204724409448819 Elle
70.58267716535433 411.59055118110234 60.09448818897638 10.204724409448819 n’hésita
115.37007874015748 411.59055118110234 34.86614173228347 10.204724409448819 pas
135.49606299212599 411.59055118110234 24.944881889763778 10.204724409448819 à
145.41732283464566 411.59055118110234 64.91338582677166 10.204724409448819 l’épouser
195.30708661417322 411.59055118110234 39.968503937007874 10.204724409448819 vers
220.251968503937 411.59055118110234 45.07086614173228 10.204724409448819 1626,
250.29921259842519 411.59055118110234 39.968503937007874 10.204724409448819 bien
275.244094488189 411.59055118110234 34.86614173228347 10.204724409448819 que
295.37007874015745 411.59055118110234 30.04724409448819 10.204724409448819 le
305.29133858267716 411.59055118110234 54.99212598425197 10.204724409448819 Parlement

45.63779527559055 421.79527559055117 34.58267716535433 8.503937007874017 vint
67.18110236220473 421.79527559055117 25.79527559055118 8.503937007874017 de
79.93700787401575 421.79527559055117 56.125984251968504 8.503937007874017 condamner
123.30708661417323 421.79527559055117 25.79527559055118 8.503937007874017 au
136.06299212598427 421.79527559055117 30.04724409448819 8.503937007874017 feu
153.35433070866142 421.79527559055117 25.79527559055118 8.503937007874017 le
166.39370078740157 421.79527559055117 56.125984251968504 8.503937007874017 troisième
209.48031496062993 421.79527559055117 38.83464566929134 8.503937007874017 livre
235.2755905511811 421.79527559055117 25.79527559055118 8.503937007874017 de
248.31496062992127 421.79527559055117 73.41732283464567 8.503937007874017 l'Histoire
304.15748031496065 421.79527559055117 56.125984251968504 8.503937007874017 univer

44.78740157480315 431.7165354330709 71.14960629921259 10.771653543307087 selle
102.61417322834646 431.7165354330709 26.64566929133858 10.771653543307087 et
115.93700787401575 431.7165354330709 31.181102362204726 10.771653543307087 eût
133.79527559055117 431.7165354330709 53.29133858267716 10.771653543307087 prononcé
173.76377952755905 431.7165354330709 26.64566929133858 10.771653543307087 un
187.08661417322836 431.7165354330709 39.968503937007874 10.771653543307087 arrêt
213.73228346456693 431.7165354330709 26.64566929133858 10.771653543307087 de
227.0551181102362 431.7165354330709 35.43307086614173 10.771653543307087 mort
249.4488188976378 431.7165354330709 44.503937007874015 10.771653543307087 contre
280.62992125984255 431.7165354330709 26.64566929133858 10.771653543307087 le
293.9527559055118 431.7165354330709 57.826771653543304 10.771653543307087 satirique
333.9212598425197 431.7165354330709 26.64566929133858 10.771653543307087 pour

44.503937007874015 441.9212598425197 45.63779527559055 10.488188976377952 avoir
74.83464566929133 441.9212598425197 50.74015748031496 10.488188976377952 réparé
110.55118110236221 441.9212598425197 30.330708661417322 10.488188976377952 un
125.5748031496063 441.9212598425197 55.84251968503937 10.488188976377952 bastion
166.11023622047244 441.9212598425197 40.53543307086614 10.488188976377952 avec
191.6220472440945 441.9212598425197 35.43307086614173 10.488188976377952 les
211.748031496063 441.9212598425197 66.04724409448819 10.488188976377952 matériaux
262.48818897637796 441.9212598425197 45.63779527559055 10.488188976377952 d’une
292.81889763779526 441.9212598425197 55.84251968503937 10.488188976377952 église.
333.6377952755906 441.9212598425197 25.228346456692915 10.488188976377952 —
338.45669291338584 441.9212598425197 20.409448818897637 10.488188976377952 L.

44.503937007874015 452.12598425196853 30.04724409448819 10.204724409448819 a.
59.52755905511811 452.12598425196853 30.04724409448819 10.204724409448819 s.
74.55118110236221 452.12598425196853 24.944881889763778 10.204724409448819 à
84.75590551181102 452.12598425196853 30.04724409448819 10.204724409448819 M.
99.49606299212599 452.12598425196853 30.04724409448819 10.204724409448819 de
114.51968503937007 452.12598425196853 64.91338582677166 10.204724409448819 Villette,
164.69291338582678 452.12598425196853 24.944881889763778 10.204724409448819 à
174.61417322834646 452.12598425196853 85.03937007874016 10.204724409448819 Saint-Mursai,
244.62992125984252 452.12598425196853 39.968503937007874 10.204724409448819 près
269.5748031496063 452.12598425196853 30.04724409448819 10.204724409448819 de
284.59842519685037 452.12598425196853 49.889763779527556 10.204724409448819 Niort;
314.6456692913386 452.12598425196853 45.07086614173228 10.204724409448819 Genève,

44.78740157480315 462.3307086614173 26.362204724409448 10.488188976377952 25
57.826771653543304 462.3307086614173 35.1496062992126 10.488188976377952 juin
79.65354330708661 462.3307086614173 39.40157480314961 10.488188976377952 1641,
106.01574803149606 462.3307086614173 21.826771653543307 10.488188976377952 2
114.80314960629921 462.3307086614173 26.362204724409448 10.488188976377952 p.
127.84251968503936 462.3307086614173 30.614173228346456 10.488188976377952 3/4
145.41732283464566 462.3307086614173 39.40157480314961 10.488188976377952 in-4.
171.7795275590551 462.3307086614173 52.44094488188976 10.488188976377952 Cachets.
211.1811023622047 462.3307086614173 26.362204724409448 10.488188976377952 Un
224.2204724409449 462.3307086614173 30.614173228346456 10.488188976377952 peu
241.79527559055117 462.3307086614173 43.93700787401575 10.488188976377952 tachée
272.40944881889766 462.3307086614173 43.93700787401575 10.488188976377952 d’eau.
298.7716535433071 462.3307086614173 61.22834645669291 10.488188976377952 Très

30.89763779527559 473.1023622047244 292.251968503937 7.937007874015748 rare.
268.15748031496065 473.1023622047244 109.41732283464567 7.937007874015748 40
304.7244094488189 473.1023622047244 54.70866141732284 7.937007874015748 »

54.70866141732284 482.74015748031496 34.2992125984252 9.354330708661417 Elle
76.25196850393701 482.74015748031496 51.59055118110236 9.354330708661417 regrette
114.80314960629921 482.74015748031496 30.04724409448819 9.354330708661417 que
131.81102362204723 482.74015748031496 25.79527559055118 9.354330708661417 le
144.8503937007874 482.74015748031496 30.04724409448819 9.354330708661417 duc
161.85826771653544 482.74015748031496 25.79527559055118 9.354330708661417 de
174.61417322834646 482.74015748031496 55.84251968503937 9.354330708661417 Bouillon,
217.70078740157481 482.74015748031496 34.2992125984252 9.354330708661417 pour
238.96062992125985 482.74015748031496 38.55118110236221 9.354330708661417 aider
264.755905511811 482.74015748031496 25.79527559055118 9.354330708661417 le
277.79527559055117 482.74015748031496 38.55118110236221 9.354330708661417 comte
303.3070866141732 482.74015748031496 25.79527559055118 9.354330708661417 de
312.09448818897636 482.74015748031496 47.05511811023622 9.354330708661417 Soissons,

44.503937007874015 491.5275590551181 31.181102362204726 9.354330708661417 ait
62.36220472440945 491.5275590551181 44.503937007874015 9.354330708661417 appelé
93.54330708661418 491.5275590551181 31.181102362204726 9.354330708661417 les
111.11811023622047 491.5275590551181 57.826771653543304 9.354330708661417 Espagnols
155.6220472440945 491.5275590551181 26.64566929133858 9.354330708661417 de
168.9448818897638 491.5275590551181 44.503937007874015 9.354330708661417 Lamboi
199.84251968503938 491.5275590551181 35.43307086614173 9.354330708661417 dans
222.23622047244095 491.5275590551181 44.503937007874015 9.354330708661417 Sedan;
253.13385826771653 491.5275590551181 35.43307086614173 9.354330708661417 elle
275.5275590551181 491.5275590551181 26.64566929133858 9.354330708661417 se
288.56692913385825 491.5275590551181 53.29133858267716 9.354330708661417 souvient
324.2834645669291 491.5275590551181 35.43307086614173 9.354330708661417 encore

45.07086614173228 500.59842519685037 25.511811023622048 9.070866141732283 de
57.826771653543304 500.59842519685037 55.275590551181104 9.070866141732283 l'accueil
100.34645669291339 500.59842519685037 38.267716535433074 9.070866141732283 qu’on
125.85826771653544 500.59842519685037 29.763779527559056 9.070866141732283 lui
142.58267716535434 500.59842519685037 29.763779527559056 9.070866141732283 fit
159.59055118110237 500.59842519685037 34.01574803149607 9.070866141732283 dans
180.8503937007874 500.59842519685037 38.267716535433074 9.070866141732283 cette
206.36220472440945 500.59842519685037 38.267716535433074 9.070866141732283 ville
231.8740157480315 500.59842519685037 38.267716535433074 9.070866141732283 après
257.38582677165357 500.59842519685037 25.511811023622048 9.070866141732283 la
270.1417322834646 500.59842519685037 89.00787401574803 9.070866141732283 Saint-Barthélemy.
342.1417322834646 500.59842519685037 17.007874015748033 9.070866141732283 La

44.78740157480315 509.38582677165357 59.52755905511811 9.354330708661417 république
91.55905511811024 509.38582677165357 25.511811023622048 9.354330708661417 de
104.31496062992126 509.38582677165357 38.267716535433074 9.354330708661417 Berne
129.82677165354332 509.38582677165357 46.77165354330709 9.354330708661417 (ville)
163.84251968503938 509.38582677165357 29.763779527559056 9.354330708661417 est
180.8503937007874 509.38582677165357 25.511811023622048 9.354330708661417 en
193.60629921259843 509.38582677165357 38.267716535433074 9.354330708661417 lutte
219.11811023622047 509.38582677165357 42.51968503937008 9.354330708661417 contre
248.88188976377953 509.38582677165357 29.763779527559056 9.354330708661417 ses
265.8897637795276 509.38582677165357 42.51968503937008 9.354330708661417 sujets
295.65354330708664 509.38582677165357 25.511811023622048 9.354330708661417 de
308.40944881889766 509.38582677165357 38.267716535433074 9.354330708661417 Berne
329.6692913385827 509.38582677165357 29.763779527559056 9.354330708661417 (cam-

44.22047244094488 518.4566929133858 44.503937007874015 9.070866141732283 pagne)
75.4015748031496 518.4566929133858 22.393700787401574 9.070866141732283 à
84.4724409448819 518.4566929133858 44.503937007874015 9.070866141732283 propos
115.65354330708661 518.4566929133858 53.574803149606296 9.070866141732283 d’impôts
155.90551181102362 518.4566929133858 58.110236220472444 9.070866141732283 exagérés,
196.15748031496062 518.4566929133858 26.64566929133858 9.070866141732283 etc.

28.62992125984252 528.3779527559055 28.062992125984252 11.905511811023622 24
42.51968503937008 528.3779527559055 79.37007874015748 11.905511811023622 Butler
107.71653543307086 528.3779527559055 55.84251968503937 11.905511811023622 (Alban),
149.66929133858267 528.3779527559055 46.488188976377955 11.905511811023622 savant
182.26771653543307 528.3779527559055 70.01574803149606 11.905511811023622 hagiographe
238.11023622047244 528.3779527559055 55.84251968503937 11.905511811023622 anglais,
280.06299212598424 528.3779527559055 28.062992125984252 11.905511811023622 né
294.23622047244095 528.3779527559055 28.062992125984252 11.905511811023622 en
308.12598425196853 528.3779527559055 41.95275590551181 11.905511811023622 1710,
331.37007874015745 528.3779527559055 28.062992125984252 11.905511811023622 mort

43.08661417322835 538.5826771653543 26.362204724409448 9.921259842519685 à
53.85826771653543 538.5826771653543 73.7007874015748 9.921259842519685 Saint-Omer
111.68503937007874 538.5826771653543 31.46456692913386 9.921259842519685 en
127.2755905511811 538.5826771653543 47.338582677165356 9.921259842519685 1773.
159.0236220472441 538.5826771653543 26.362204724409448 9.921259842519685 —
169.51181102362204 538.5826771653543 31.46456692913386 9.921259842519685 L.
185.38582677165354 538.5826771653543 31.46456692913386 9.921259842519685 a.
200.9763779527559 538.5826771653543 36.8503937007874 9.921259842519685 s.,
221.95275590551182 538.5826771653543 31.46456692913386 9.921259842519685 en
237.82677165354332 538.5826771653543 68.31496062992126 9.921259842519685 français,
290.5511811023622 538.5826771653543 26.362204724409448 9.921259842519685 à
301.03937007874015 538.5826771653543 57.826771653543304 9.921259842519685 Mercier
337.8897637795276 538.5826771653543 20.976377952755904 9.921259842519685 de

42.51968503937008 547.0866141732283 88.7244094488189 12.188976377952756 Saint-Léger;
114.80314960629921 547.0866141732283 83.33858267716535 12.188976377952756 Saint-Omer,
181.41732283464566 547.0866141732283 33.16535433070866 12.188976377952756 30
197.85826771653544 547.0866141732283 44.503937007874015 12.188976377952756 août
225.63779527559055 547.0866141732283 49.889763779527556 12.188976377952756 1765,
259.0866141732283 547.0866141732283 27.77952755905512 12.188976377952756 3
270.1417322834646 547.0866141732283 33.16535433070866 12.188976377952756 p.
286.86614173228344 547.0866141732283 49.889763779527556 12.188976377952756 in-4.
314.3622047244094 547.0866141732283 44.503937007874015 12.188976377952756 Légère

27.496062992125985 558.992125984252 289.98425196850394 8.220472440944881 déchirure.
255.4015748031496 558.992125984252 124.15748031496064 8.220472440944881 12
296.78740157480314 558.992125984252 62.07874015748032 8.220472440944881 »

53.00787401574803 569.1968503937007 74.26771653543307 8.78740157480315 Intéressante
113.10236220472441 569.1968503937007 46.488188976377955 8.78740157480315 lettre
145.70078740157481 569.1968503937007 60.37795275590551 8.78740157480315 contenant
191.90551181102362 569.1968503937007 27.77952755905512 8.78740157480315 un
205.79527559055117 569.1968503937007 74.26771653543307 8.78740157480315 compte-rendu
266.1732283464567 569.1968503937007 37.13385826771653 8.78740157480315 d’un
289.4173228346457 569.1968503937007 51.023622047244096 8.78740157480315 certain
321.73228346456693 569.1968503937007 37.13385826771653 8.78740157480315 nombre

43.37007874015748 577.9842519685039 62.36220472440945 8.78740157480315 d’ouvrages
92.40944881889764 577.9842519685039 44.503937007874015 8.78740157480315 venant
123.59055118110236 577.9842519685039 26.64566929133858 8.78740157480315 de
136.91338582677164 577.9842519685039 53.29133858267716 8.78740157480315 paraître
176.88188976377953 577.9842519685039 26.64566929133858 8.78740157480315 en
185.95275590551182 577.9842519685039 57.826771653543304 8.78740157480315 Angleterre.
