403.65354330708664 656.2204724409448
175.1811023622047 24.37795275590551 32.031496062992126 7.3700787401574805 —
188.2204724409449 24.37795275590551 38.55118110236221 7.3700787401574805 11
200.9763779527559 24.37795275590551 19.275590551181104 7.3700787401574805 —

51.023622047244096 44.503937007874015 73.41732283464567 11.622047244094489 l’Académie
108.85039370078741 44.503937007874015 31.46456692913386 11.622047244094489 de
124.7244094488189 44.503937007874015 68.31496062992126 11.622047244094489 Francher,
177.16535433070865 44.503937007874015 36.8503937007874 11.622047244094489 qui
198.14173228346456 44.503937007874015 57.826771653543304 11.622047244094489 assista
240.09448818897638 44.503937007874015 47.338582677165356 11.622047244094489 aussi
271.5590551181102 44.503937007874015 31.46456692913386 11.622047244094489 au
287.1496062992126 44.503937007874015 52.44094488188976 11.622047244094489 synode
324.0 44.503937007874015 31.46456692913386 11.622047244094489 de
334.48818897637796 44.503937007874015 31.46456692913386 11.622047244094489 Dor-

49.32283464566929 54.70866141732284 82.48818897637796 11.05511811023622 drecht);
111.11811023622047 54.70866141732284 68.88188976377953 11.05511811023622 Leyde,
159.30708661417322 54.70866141732284 41.38582677165354 11.05511811023622 10
180.0 54.70866141732284 54.99212598425197 11.05511811023622 oct.
214.29921259842519 54.70866141732284 61.79527559055118 11.05511811023622 1607,
255.68503937007873 54.70866141732284 34.2992125984252 11.05511811023622 1
269.29133858267716 54.70866141732284 41.38582677165354 11.05511811023622 p.
289.98425196850394 54.70866141732284 61.79527559055118 11.05511811023622 in-f.
331.37007874015745 54.70866141732284 41.38582677165354 11.05511811023622 20
344.9763779527559 54.70866141732284 20.69291338582677 11.05511811023622 »

62.92913385826772 64.91338582677166 45.63779527559055 9.637795275590552 Belle
96.94488188976378 64.91338582677166 53.00787401574803 9.637795275590552 pièce.
138.61417322834646 64.91338582677166 22.677165354330707 9.637795275590552 Il
150.23622047244095 64.91338582677166 18.992125984251967 9.637795275590552 a
157.60629921259843 64.91338582677166 34.2992125984252 9.637795275590552 remis
180.56692913385828 64.91338582677166 22.677165354330707 9.637795275590552 sa
191.90551181102362 64.91338582677166 37.98425196850393 9.637795275590552 lettre
218.5511811023622 64.91338582677166 18.992125984251967 9.637795275590552 à
225.92125984251967 64.91338582677166 37.98425196850393 9.637795275590552 Pierre
252.56692913385828 64.91338582677166 45.63779527559055 9.637795275590552 Bertius;
286.86614173228344 64.91338582677166 22.677165354330707 9.637795275590552 il
298.20472440944883 64.91338582677166 26.64566929133858 9.637795275590552 lui
313.51181102362204 64.91338582677166 34.2992125984252 9.637795275590552 parle
332.2204724409449 64.91338582677166 34.2992125984252 9.637795275590552 d'élec-

51.59055118110236 73.98425196850394 40.53543307086614 9.637795275590552 tions
78.51968503937007 73.98425196850394 58.39370078740158 9.637795275590552 relatives
123.59055118110236 73.98425196850394 22.393700787401574 9.637795275590552 à
132.66141732283464 73.98425196850394 62.92913385826772 9.637795275590552 l’Académie
181.98425196850394 73.98425196850394 26.929133858267715 9.637795275590552 de
195.59055118110237 73.98425196850394 58.39370078740158 9.637795275590552 Francher.
240.3779527559055 73.98425196850394 22.393700787401574 9.637795275590552 A
249.4488188976378 73.98425196850394 45.07086614173228 9.637795275590552 Leyde,
280.9133858267717 73.98425196850394 26.929133858267715 9.637795275590552 on
294.23622047244095 73.98425196850394 26.929133858267715 9.637795275590552 ne
307.84251968503935 73.98425196850394 36.0 9.637795275590552 veut
330.23622047244095 73.98425196850394 31.46456692913386 9.637795275590552 pas
343.84251968503935 73.98425196850394 22.393700787401574 9.637795275590552 des

52.15748031496063 82.77165354330708 55.84251968503937 9.637795275590552 Français,
95.24409448818898 82.77165354330708 25.79527559055118 9.637795275590552 on
108.0 82.77165354330708 30.04724409448819 9.637795275590552 les
125.29133858267717 82.77165354330708 43.08661417322835 9.637795275590552 trouve
155.33858267716536 82.77165354330708 34.2992125984252 9.637795275590552 trop
172.62992125984252 82.77165354330708 55.84251968503937 9.637795275590552 bouillants.

36.56692913385827 91.55905511811024 27.77952755905512 11.905511811023622 82
50.45669291338583 91.55905511811024 79.08661417322834 11.905511811023622 Hotman
115.37007874015748 91.55905511811024 69.73228346456693 11.905511811023622 (François),
171.21259842519686 91.55905511811024 51.023622047244096 11.905511811023622 célèbre
208.3464566929134 91.55905511811024 79.08661417322834 11.905511811023622 jurisconsulte
273.25984251968504 91.55905511811024 27.77952755905512 11.905511811023622 et
287.1496062992126 91.55905511811024 64.91338582677166 11.905511811023622 publiciste
333.6377952755906 91.55905511811024 32.59842519685039 11.905511811023622 fran-

51.023622047244096 102.04724409448819 40.53543307086614 10.488188976377952 çais
76.53543307086615 102.04724409448819 30.330708661417322 10.488188976377952 du
91.55905511811024 102.04724409448819 40.53543307086614 10.488188976377952 XVIe
117.07086614173228 102.04724409448819 55.84251968503937 10.488188976377952 siècle,
157.60629921259843 102.04724409448819 30.330708661417322 10.488188976377952 né
172.91338582677164 102.04724409448819 30.330708661417322 10.488188976377952 en
187.93700787401573 102.04724409448819 45.63779527559055 10.488188976377952 1524,
218.5511811023622 102.04724409448819 40.53543307086614 10.488188976377952 mort
243.7795275590551 102.04724409448819 30.330708661417322 10.488188976377952 en
259.0866141732283 102.04724409448819 45.63779527559055 10.488188976377952 1590.
289.4173228346457 102.04724409448819 25.511811023622048 10.488188976377952 —
299.62204724409446 102.04724409448819 30.330708661417322 10.488188976377952 L.
314.92913385826773 102.04724409448819 30.330708661417322 10.488188976377952 a.
330.23622047244095 102.04724409448819 35.43307086614173 10.488188976377952 s.,
345.25984251968504 102.04724409448819 20.409448818897637 10.488188976377952 en

51.59055118110236 112.53543307086615 51.59055118110236 10.488188976377952 latin,
87.59055118110236 112.53543307086615 25.79527559055118 10.488188976377952 à
97.79527559055119 112.53543307086615 41.10236220472441 10.488188976377952 Jean
123.59055118110236 112.53543307086615 30.89763779527559 10.488188976377952 de
139.1811023622047 112.53543307086615 72.28346456692914 10.488188976377952 Clanbourg,
195.8740157480315 112.53543307086615 87.59055118110236 10.488188976377952 jurisconsulte
268.15748031496065 112.53543307086615 25.79527559055118 10.488188976377952 à
278.3622047244094 112.53543307086615 72.28346456692914 10.488188976377952 Francfort;
329.9527559055118 112.53543307086615 36.0 10.488188976377952 Bâle,

51.30708661417323 122.45669291338582 28.913385826771652 10.771653543307087 29
65.76377952755905 122.45669291338582 38.83464566929134 10.771653543307087 mars
89.85826771653544 122.45669291338582 43.653543307086615 10.771653543307087 1579,
119.05511811023622 122.45669291338582 24.094488188976378 10.771653543307087 1
128.69291338582678 122.45669291338582 28.913385826771652 10.771653543307087 p.
143.1496062992126 122.45669291338582 43.653543307086615 10.771653543307087 in-f.
172.3464566929134 122.45669291338582 48.47244094488189 10.771653543307087 Légers
206.07874015748033 122.45669291338582 87.02362204724409 10.771653543307087 raccommodages.
278.6456692913386 122.45669291338582 77.38582677165354 10.771653543307087 Rare.
341.5748031496063 122.45669291338582 28.913385826771652 10.771653543307087 35
351.21259842519686 122.45669291338582 14.456692913385826 10.771653543307087 »

36.8503937007874 132.3779527559055 27.496062992125985 11.338582677165354 83
50.45669291338583 132.3779527559055 73.13385826771653 11.338582677165354 Huber
109.98425196850394 132.3779527559055 59.52755905511811 11.338582677165354 (Michel),
155.90551181102362 132.3779527559055 45.63779527559055 11.338582677165354 fécond
187.93700787401573 132.3779527559055 73.13385826771653 11.338582677165354 littérateur,
247.1811023622047 132.3779527559055 32.031496062992126 11.338582677165354 qui
265.6062992125984 132.3779527559055 59.52755905511811 11.338582677165354 traduisit
311.244094488189 132.3779527559055 27.496062992125985 11.338582677165354 en
320.59842519685037 132.3779527559055 45.63779527559055 11.338582677165354 français

51.30708661417323 141.4488188976378 62.645669291338585 11.905511811023622 Lessing,
98.36220472440945 141.4488188976378 62.645669291338585 11.905511811023622 Gessner,
145.41732283464566 141.4488188976378 83.62204724409449 11.905511811023622 Winckelmann,
213.4488188976378 141.4488188976378 47.05511811023622 11.905511811023622 etc.,
244.62992125984252 141.4488188976378 31.46456692913386 11.905511811023622 né
260.503937007874 141.4488188976378 31.46456692913386 11.905511811023622 en
276.09448818897636 141.4488188976378 47.05511811023622 11.905511811023622 1775,
307.5590551181102 141.4488188976378 26.078740157480315 11.905511811023622 3
318.0472440944882 141.4488188976378 31.46456692913386 11.905511811023622 p.
328.53543307086613 141.4488188976378 36.56692913385827 11.905511811023622 in

38.267716535433074 153.35433070866142 291.40157480314963 7.653543307086614 Rare.
274.96062992125985 153.35433070866142 109.13385826771653 7.653543307086614 15
311.244094488189 153.35433070866142 54.70866141732284 7.653543307086614 »

61.511811023622045 163.2755905511811 24.37795275590551 9.070866141732283 Il
73.7007874015748 163.2755905511811 28.62992125984252 9.070866141732283 lui
89.85826771653544 163.2755905511811 40.818897637795274 9.070866141732283 envoie
118.48818897637796 163.2755905511811 24.37795275590551 9.070866141732283 le
130.6771653543307 163.2755905511811 44.78740157480315 9.070866141732283 premier
163.2755905511811 163.2755905511811 40.818897637795274 9.070866141732283 volume
191.6220472440945 163.2755905511811 24.37795275590551 9.070866141732283 de
203.81102362204723 163.2755905511811 24.37795275590551 9.070866141732283 sa
216.28346456692913 163.2755905511811 56.976377952755904 9.070866141732283 traduction
261.07086614173227 163.2755905511811 28.62992125984252 9.070866141732283 des
277.2283464566929 163.2755905511811 69.16535433070867 9.070866141732283 Réflexions
330.23622047244095 163.2755905511811 36.56692913385827 9.070866141732283 sur

53.29133858267716 172.06299212598427 31.748031496062993 8.78740157480315 la
74.26771653543307 172.06299212598427 60.09448818897638 8.78740157480315 peinture,
120.4724409448819 172.06299212598427 45.92125984251968 8.78740157480315 d'Hagedorn.

36.8503937007874 180.56692913385828 26.64566929133858 10.771653543307087 84
50.173228346456696 180.56692913385828 66.89763779527559 10.771653543307087 Hume
103.74803149606299 180.56692913385828 53.574803149606296 10.771653543307087 (David),
143.71653543307087 180.56692913385828 53.574803149606296 10.771653543307087 illustre
183.96850393700788 180.56692913385828 62.36220472440945 10.771653543307087 philosophe
233.00787401574803 180.56692913385828 53.574803149606296 10.771653543307087 anglais,
272.9763779527559 180.56692913385828 26.64566929133858 10.771653543307087 un
286.2992125984252 180.56692913385828 31.181102362204726 10.771653543307087 des
304.15748031496065 180.56692913385828 35.71653543307087 10.771653543307087 plus
322.01574803149606 180.56692913385828 44.503937007874015 10.771653543307087 célèbres

51.59055118110236 191.0551181102362 63.77952755905512 9.637795275590552 écrivains
100.62992125984252 191.0551181102362 29.480314960629922 9.637795275590552 du
115.37007874015748 191.0551181102362 49.039370078740156 9.637795275590552 XVIIIe
149.66929133858267 191.0551181102362 53.85826771653543 9.637795275590552 siècle,
188.78740157480314 191.0551181102362 29.480314960629922 9.637795275590552 né
203.5275590551181 191.0551181102362 29.480314960629922 9.637795275590552 en
218.26771653543307 191.0551181102362 44.22047244094488 9.637795275590552 1711,
247.748031496063 191.0551181102362 39.118110236220474 9.637795275590552 mort
272.12598425196853 191.0551181102362 29.480314960629922 9.637795275590552 en
286.86614173228344 191.0551181102362 49.039370078740156 9.637795275590552 1776.—
321.1653543307087 191.0551181102362 29.480314960629922 9.637795275590552 L.
335.90551181102364 191.0551181102362 29.480314960629922 9.637795275590552 a.
345.8267716535433 191.0551181102362 19.559055118110237 9.637795275590552 s.

51.30708661417323 201.25984251968504 27.212598425196852 10.488188976377952 à
62.07874015748032 201.25984251968504 32.59842519685039 10.488188976377952 M.
78.51968503937007 201.25984251968504 32.59842519685039 10.488188976377952 de
94.67716535433071 201.25984251968504 59.811023622047244 10.488188976377952 Brandt,
138.04724409448818 201.25984251968504 59.811023622047244 10.488188976377952 premier
181.70078740157481 201.25984251968504 54.425196850393704 10.488188976377952 écuyer
219.68503937007873 201.25984251968504 32.59842519685039 10.488188976377952 du
235.84251968503938 201.25984251968504 54.425196850393704 10.488188976377952 prince
273.8267716535433 201.25984251968504 48.75590551181102 10.488188976377952 royal
306.4251968503937 201.25984251968504 32.59842519685039 10.488188976377952 de
317.4803149606299 201.25984251968504 48.75590551181102 10.488188976377952 Prusse;

51.59055118110236 211.1811023622047 70.01574803149606 10.771653543307087 Edimbourg,
106.58267716535433 211.1811023622047 30.04724409448819 10.771653543307087 27
121.60629921259843 211.1811023622047 54.99212598425197 10.771653543307087 février
161.5748031496063 211.1811023622047 45.07086614173228 10.771653543307087 1757,
191.6220472440945 211.1811023622047 24.944881889763778 10.771653543307087 1
201.54330708661416 211.1811023622047 30.04724409448819 10.771653543307087 p.
216.56692913385828 211.1811023622047 34.86614173228347 10.771653543307087 1/2
236.40944881889763 211.1811023622047 45.07086614173228 10.771653543307087 in-f.
266.45669291338584 211.1811023622047 54.99212598425197 10.771653543307087 Cachet.
306.4251968503937 211.1811023622047 49.889763779527556 10.771653543307087 Légers
336.18897637795277 211.1811023622047 30.04724409448819 10.771653543307087 rac-

38.267716535433074 221.66929133858267 272.9763779527559 10.204724409448819 commodages.
256.53543307086613 221.66929133858267 127.2755905511811 10.204724409448819 150
310.96062992125985 221.66929133858267 54.70866141732284 10.204724409448819 »

61.22834645669291 231.59055118110237 60.37795275590551 9.070866141732283 Précieuse
110.26771653543307 231.59055118110237 56.69291338582677 9.070866141732283 lettre.
155.33858267716536 231.59055118110237 22.677165354330707 9.070866141732283 Il
166.6771653543307 231.59055118110237 18.992125984251967 9.070866141732283 a
174.33070866141733 231.59055118110237 22.677165354330707 9.070866141732283 le
185.66929133858267 231.59055118110237 41.38582677165354 9.070866141732283 dessein
215.71653543307087 231.59055118110237 22.677165354330707 9.070866141732283 de
227.0551181102362 231.59055118110237 41.38582677165354 9.070866141732283 publier
257.1023622047244 231.59055118110237 26.362204724409448 9.070866141732283 ses
272.12598425196853 231.59055118110237 64.06299212598425 9.070866141732283 dissertations
325.13385826771656 231.59055118110237 22.677165354330707 9.070866141732283 de
332.503937007874 231.59055118110237 34.01574803149607 9.070866141732283 l'hiver

52.44094488188976 240.66141732283464 56.976377952755904 9.070866141732283 précédent;
97.22834645669292 240.66141732283464 36.56692913385827 9.070866141732283 elles
121.60629921259843 240.66141732283464 49.039370078740156 9.070866141732283 traitent
158.45669291338584 240.66141732283464 24.37795275590551 9.070866141732283 de
170.64566929133858 240.66141732283464 61.22834645669291 9.070866141732283 l'histoire,
219.4015748031496 240.66141732283464 24.37795275590551 9.070866141732283 de
231.59055118110237 240.66141732283464 24.37795275590551 9.070866141732283 la
244.06299212598427 240.66141732283464 53.00787401574803 9.070866141732283 religion,
284.59842519685037 240.66141732283464 28.62992125984252 9.070866141732283 des
301.03937007874015 240.66141732283464 53.00787401574803 9.070866141732283 passions,
341.8582677165354 240.66141732283464 24.37795275590551 9.070866141732283 de
349.79527559055117 240.66141732283464 16.440944881889763 9.070866141732283 la

51.59055118110236 249.4488188976378 54.70866141732284 9.070866141732283 tragédie;
93.54330708661418 249.4488188976378 25.228346456692915 9.070866141732283 il
106.2992125984252 249.4488188976378 29.480314960629922 9.070866141732283 s’y
123.02362204724409 249.4488188976378 33.44881889763779 9.070866141732283 mêle
144.0 249.4488188976378 25.228346456692915 9.070866141732283 un
156.4724409448819 249.4488188976378 29.480314960629922 9.070866141732283 peu
173.48031496062993 249.4488188976378 25.228346456692915 9.070866141732283 de
185.95275590551182 249.4488188976378 58.67716535433071 9.070866141732283 politique.
232.15748031496062 249.4488188976378 25.228346456692915 9.070866141732283 Il
244.62992125984252 249.4488188976378 25.228346456692915 9.070866141732283 le
257.38582677165357 249.4488188976378 50.45669291338583 9.070866141732283 félicite
295.0866141732283 249.4488188976378 25.228346456692915 9.070866141732283 de
307.84251968503935 249.4488188976378 54.70866141732284 9.070866141732283 conserver
345.54330708661416 249.4488188976378 20.976377952755904 9.070866141732283 ses

51.59055118110236 258.5196850393701 39.968503937007874 8.78740157480315 goûts
78.23622047244095 258.5196850393701 79.93700787401575 8.78740157480315 philosophiques
144.8503937007874 258.5196850393701 26.64566929133858 8.78740157480315 au
158.17322834645668 258.5196850393701 44.22047244094488 8.78740157480315 milieu
189.0708661417323 258.5196850393701 26.64566929133858 8.78740157480315 du
202.39370078740157 258.5196850393701 39.968503937007874 8.78740157480315 bruit
229.03937007874015 258.5196850393701 31.181102362204726 8.78740157480315 des
246.89763779527559 258.5196850393701 44.22047244094488 8.78740157480315 armes,
277.79527559055117 258.5196850393701 26.64566929133858 8.78740157480315 en
291.11811023622045 258.5196850393701 44.22047244094488 8.78740157480315 pleine
322.2992125984252 258.5196850393701 44.22047244094488 8.78740157480315 guerre
348.66141732283467 258.5196850393701 17.858267716535433 8.78740157480315 de

52.15748031496063 267.3070866141732 34.86614173228347 8.78740157480315 sept
73.98425196850394 267.3070866141732 34.86614173228347 8.78740157480315 ans.
95.81102362204724 267.3070866141732 52.44094488188976 8.78740157480315 Frédéric
134.9291338582677 267.3070866141732 26.078740157480315 8.78740157480315 II
147.96850393700788 267.3070866141732 26.078740157480315 8.78740157480315 se
161.00787401574803 267.3070866141732 43.653543307086615 8.78740157480315 montre
191.6220472440945 267.3070866141732 21.826771653543307 8.78740157480315 à
200.40944881889763 267.3070866141732 26.078740157480315 8.78740157480315 la
213.4488188976378 267.3070866141732 34.86614173228347 8.78740157480315 fois
235.2755905511811 267.3070866141732 39.40157480314961 8.78740157480315 grand
261.6377952755906 267.3070866141732 47.90551181102362 8.78740157480315 général
296.503937007874 267.3070866141732 26.078740157480315 8.78740157480315 et
309.54330708661416 267.3070866141732 43.653543307086615 8.78740157480315 savant
335.62204724409446 267.3070866141732 30.614173228346456 8.78740157480315 esti-

52.44094488188976 276.37795275590554 41.38582677165354 8.78740157480315 mable
79.93700787401575 276.37795275590554 32.31496062992126 8.78740157480315 aux
98.36220472440945 276.37795275590554 41.38582677165354 8.78740157480315 côtés
126.14173228346456 276.37795275590554 27.77952755905512 8.78740157480315 de
135.49606299212599 276.37795275590554 59.811023622047244 8.78740157480315 Maupertuis.

36.28346456692913 284.88188976377955 26.64566929133858 10.488188976377952 85
49.60629921259842 284.88188976377955 155.90551181102362 10.488188976377952 Isabelle-Claire-Eugénie,
192.4724409448819 284.88188976377955 40.25196850393701 10.488188976377952 fille
219.11811023622047 284.88188976377955 26.64566929133858 10.488188976377952 de
232.44094488188978 284.88188976377955 53.574803149606296 10.488188976377952 Philippe
272.6929133858268 284.88188976377955 26.64566929133858 10.488188976377952 II
286.01574803149606 284.88188976377955 26.64566929133858 10.488188976377952 et
299.33858267716533 284.88188976377955 66.89763779527559 10.488188976377952 d’Elisabeth
348.37795275590554 284.88188976377955 17.858267716535433 10.488188976377952 de

50.74015748031496 295.0866141732283 56.976377952755904 9.637795275590552 France,
92.1259842519685 295.0866141732283 46.77165354330709 9.637795275590552 tante
123.30708661417323 295.0866141732283 31.181102362204726 9.637795275590552 de
138.89763779527559 295.0866141732283 31.181102362204726 9.637795275590552 la
154.20472440944883 295.0866141732283 46.77165354330709 9.637795275590552 reine
185.38582677165354 295.0866141732283 41.38582677165354 9.637795275590552 Anne
211.46456692913387 295.0866141732283 77.66929133858268 9.637795275590552 d’Autriche,
273.54330708661416 295.0866141732283 46.77165354330709 9.637795275590552 femme
304.7244094488189 295.0866141732283 31.181102362204726 9.637795275590552 de
314.92913385826773 295.0866141732283 51.874015748031496 9.637795275590552 l’archi-

51.023622047244096 305.29133858267716 36.28346456692913 10.488188976377952 duc
71.71653543307086 305.29133858267716 56.69291338582677 10.488188976377952 Albert,
112.81889763779527 305.29133858267716 56.69291338582677 10.488188976377952 célèbre
154.20472440944883 305.29133858267716 77.38582677165354 10.488188976377952 gouvernante
216.28346456692913 305.29133858267716 36.28346456692913 10.488188976377952 des
236.9763779527559 305.29133858267716 67.18110236220473 10.488188976377952 Pays-Bas.
288.56692913385825 305.29133858267716 25.79527559055118 10.488188976377952 —
298.7716535433071 305.29133858267716 41.38582677165354 10.488188976377952 Let.
324.56692913385825 305.29133858267716 41.38582677165354 10.488188976377952 sig.
345.25984251968504 305.29133858267716 20.69291338582677 10.488188976377952 en

51.023622047244096 315.496062992126 65.19685039370079 11.05511811023622 français,
101.19685039370079 315.496062992126 30.04724409448819 11.05511811023622 au
116.22047244094489 315.496062992126 35.1496062992126 11.05511811023622 duc
136.3464566929134 315.496062992126 30.04724409448819 11.05511811023622 de
151.37007874015748 315.496062992126 65.19685039370079 11.05511811023622 Lorraine;
201.54330708661416 315.496062992126 70.01574803149606 11.05511811023622 Bruxelles,
256.53543307086613 315.496062992126 24.944881889763778 11.05511811023622 5
266.45669291338584 315.496062992126 39.968503937007874 11.05511811023622 août
291.68503937007875 315.496062992126 45.07086614173228 11.05511811023622 1621,
321.73228346456693 315.496062992126 24.944881889763778 11.05511811023622 1
331.65354330708664 315.496062992126 30.04724409448819 11.05511811023622 p.
341.8582677165354 315.496062992126 24.944881889763778 11.05511811023622 1/2

45.63779527559055 324.2834645669291 96.37795275590551 11.622047244094489 in-f.
109.98425196850394 324.2834645669291 106.86614173228347 11.622047244094489 Sceau.
184.8188976377953 324.2834645669291 96.37795275590551 11.622047244094489 Belle
248.88188976377953 324.2834645669291 106.86614173228347 11.622047244094489 pièce.
323.7165354330709 324.2834645669291 53.574803149606296 11.622047244094489 6
334.48818897637796 324.2834645669291 32.031496062992126 11.622047244094489 »

36.56692913385827 335.62204724409446 26.929133858267715 10.204724409448819 86
50.173228346456696 335.62204724409446 49.039370078740156 10.204724409448819 Jean
85.88976377952756 335.62204724409446 49.039370078740156 10.204724409448819 II,
121.60629921259843 335.62204724409446 31.181102362204726 10.204724409448819 roi
139.46456692913387 335.62204724409446 26.929133858267715 10.204724409448819 de
152.78740157480314 335.62204724409446 58.110236220472444 10.204724409448819 Castille,
197.5748031496063 335.62204724409446 35.71653543307087 10.204724409448819 fils
219.96850393700788 335.62204724409446 26.929133858267715 10.204724409448819 de
233.29133858267716 335.62204724409446 40.25196850393701 10.204724409448819 Henri
260.2204724409449 335.62204724409446 35.71653543307087 10.204724409448819 III,
282.3307086614173 335.62204724409446 44.78740157480315 10.204724409448819 prince
313.79527559055117 335.62204724409446 49.039370078740156 10.204724409448819 célèbre
344.9763779527559 335.62204724409446 22.393700787401574 10.204724409448819 par

51.023622047244096 345.8267716535433 36.8503937007874 11.338582677165354 ses
72.28346456692914 345.8267716535433 52.724409448818896 11.338582677165354 vertus
109.13385826771653 345.8267716535433 31.46456692913386 11.338582677165354 et
124.7244094488189 345.8267716535433 36.8503937007874 11.338582677165354 son
145.98425196850394 345.8267716535433 57.826771653543304 11.338582677165354 courage
187.93700787401573 345.8267716535433 73.7007874015748 11.338582677165354 militaire,
246.04724409448818 345.8267716535433 36.8503937007874 11.338582677165354 qui
267.0236220472441 345.8267716535433 63.21259842519685 11.338582677165354 répandit
314.3622047244094 345.8267716535433 47.338582677165356 11.338582677165354 parmi
340.7244094488189 345.8267716535433 26.362204724409448 11.338582677165354 ses

51.30708661417323 356.0314960629921 49.32283464566929 10.488188976377952 sujets
85.60629921259843 356.0314960629921 29.480314960629922 10.488188976377952 le
100.62992125984252 356.0314960629921 39.40157480314961 10.488188976377952 goût
125.29133858267717 356.0314960629921 29.480314960629922 10.488188976377952 de
140.03149606299212 356.0314960629921 29.480314960629922 10.488188976377952 la
154.77165354330708 356.0314960629921 49.32283464566929 10.488188976377952 poésie
189.35433070866142 356.0314960629921 29.480314960629922 10.488188976377952 et
204.09448818897638 356.0314960629921 29.480314960629922 10.488188976377952 de
218.83464566929135 356.0314960629921 29.480314960629922 10.488188976377952 la
233.5748031496063 356.0314960629921 54.14173228346457 10.488188976377952 culture
272.9763779527559 356.0314960629921 93.8267716535433 10.488188976377952 intellectuelle,
346.96062992125985 356.0314960629921 19.84251968503937 10.488188976377952 né

51.874015748031496 365.9527559055118 29.480314960629922 10.771653543307087 en
66.61417322834646 365.9527559055118 44.22047244094488 10.771653543307087 1405,
96.09448818897638 365.9527559055118 39.40157480314961 10.771653543307087 mort
120.4724409448819 365.9527559055118 29.480314960629922 10.771653543307087 en
135.21259842519686 365.9527559055118 44.22047244094488 10.771653543307087 1454.
164.69291338582678 365.9527559055118 24.661417322834644 10.771653543307087 —
174.61417322834646 365.9527559055118 44.22047244094488 10.771653543307087 Pièce
204.09448818897638 365.9527559055118 44.22047244094488 10.771653543307087 sig.;
233.29133858267716 365.9527559055118 53.85826771653543 10.771653543307087 janvier
272.6929133858268 365.9527559055118 44.22047244094488 10.771653543307087 1447,
302.1732283464567 365.9527559055118 24.661417322834644 10.771653543307087 1
312.09448818897636 365.9527559055118 29.480314960629922 10.771653543307087 p.
321.73228346456693 365.9527559055118 44.22047244094488 10.771653543307087 in

42.803149606299215 376.15748031496065 295.37007874015745 8.220472440944881 Très-rare.
296.2204724409449 376.15748031496065 84.4724409448819 8.220472440944881 70
324.2834645669291 376.15748031496065 42.23622047244095 8.220472440944881 »

62.07874015748032 386.3622047244094 59.811023622047244 9.070866141732283 Privilège
108.0 386.3622047244094 50.74015748031496 9.070866141732283 accordé
144.8503937007874 386.3622047244094 27.77952755905512 9.070866141732283 au
158.74015748031496 386.3622047244094 41.38582677165354 9.070866141732283 comte
186.51968503937007 386.3622047244094 50.74015748031496 9.070866141732283 Fernand
223.37007874015748 386.3622047244094 27.77952755905512 9.070866141732283 de
232.44094488188978 386.3622047244094 46.20472440944882 9.070866141732283 Cordova.

36.56692913385827 395.1496062992126 29.19685039370079 10.204724409448819 87
51.023622047244096 395.1496062992126 63.21259842519685 10.204724409448819 Jeanne
99.77952755905511 395.1496062992126 87.59055118110236 10.204724409448819 d’Orléans,
172.62992125984252 395.1496062992126 58.39370078740158 10.204724409448819 comtesse
216.56692913385828 395.1496062992126 29.19685039370079 10.204724409448819 de
231.0236220472441 395.1496062992126 72.85039370078741 10.204724409448819 Taillebourg
289.4173228346457 395.1496062992126 29.19685039370079 10.204724409448819 et
299.33858267716533 395.1496062992126 68.03149606299213 10.204724409448819 d’Angoulême,

51.59055118110236 405.3543307086614 59.24409448818898 11.05511811023622 duchesse
95.81102362204724 405.3543307086614 29.480314960629922 11.05511811023622 de
110.83464566929133 405.3543307086614 54.425196850393704 11.05511811023622 Valois,
150.23622047244095 405.3543307086614 44.503937007874015 11.05511811023622 tante
179.71653543307087 405.3543307086614 29.480314960629922 11.05511811023622 de
194.74015748031496 405.3543307086614 59.24409448818898 11.05511811023622 François
238.96062992125985 405.3543307086614 39.40157480314961 11.05511811023622 Ier,
263.62204724409446 405.3543307086614 44.503937007874015 11.05511811023622 fille
293.38582677165357 405.3543307086614 29.480314960629922 11.05511811023622 de
308.12598425196853 405.3543307086614 44.503937007874015 11.05511811023622 Jean,
332.78740157480314 405.3543307086614 34.58267716535433 11.05511811023622 comte

51.59055118110236 414.1417322834646 87.02362204724409 11.905511811023622 d’Angoulême,
122.45669291338582 414.1417322834646 49.039370078740156 11.905511811023622 femme
155.0551181102362 414.1417322834646 32.59842519685039 11.905511811023622 de
171.21259842519686 414.1417322834646 65.48031496062993 11.905511811023622 Charles,
220.251968503937 414.1417322834646 49.039370078740156 11.905511811023622 baron
253.13385826771653 414.1417322834646 32.59842519685039 11.905511811023622 de
269.29133858267716 414.1417322834646 65.48031496062993 11.905511811023622 Coëtivy,
318.3307086614173 414.1417322834646 49.039370078740156 11.905511811023622 morte
345.54330708661416 414.1417322834646 21.826771653543307 11.905511811023622 en

52.724409448818896 425.4803149606299 44.22047244094488 11.05511811023622 1520.
82.20472440944881 425.4803149606299 24.661417322834644 11.05511811023622 —
92.1259842519685 425.4803149606299 44.22047244094488 11.05511811023622 Pièce
121.60629921259843 425.4803149606299 39.40157480314961 11.05511811023622 sig.
146.26771653543307 425.4803149606299 34.58267716535433 11.05511811023622 sur
165.82677165354332 425.4803149606299 49.32283464566929 11.05511811023622 vélin;
200.40944881889763 425.4803149606299 49.32283464566929 11.05511811023622 Blois,
234.70866141732284 425.4803149606299 29.480314960629922 11.05511811023622 20
249.4488188976378 425.4803149606299 44.22047244094488 11.05511811023622 janv.
278.92913385826773 425.4803149606299 44.22047244094488 11.05511811023622 1518,
308.6929133858268 425.4803149606299 24.661417322834644 11.05511811023622 1
318.3307086614173 425.4803149606299 29.480314960629922 11.05511811023622 p.
328.251968503937 425.4803149606299 39.40157480314961 11.05511811023622 double

45.63779527559055 435.68503937007875 91.84251968503936 8.503937007874017 in-4
103.18110236220473 435.68503937007875 91.84251968503936 8.503937007874017 obl.
160.7244094488189 435.68503937007875 183.68503937007873 8.503937007874017 Rare.
309.8267716535433 435.68503937007875 68.88188976377953 8.503937007874017 20
332.78740157480314 435.68503937007875 34.58267716535433 8.503937007874017 »

36.8503937007874 445.6062992125984 29.19685039370079 11.05511811023622 88
51.30708661417323 445.6062992125984 82.77165354330708 11.05511811023622 Judith
119.62204724409449 445.6062992125984 58.39370078740158 11.05511811023622 (Julie),
163.55905511811022 445.6062992125984 53.574803149606296 11.05511811023622 célèbre
202.39370078740157 445.6062992125984 68.31496062992126 11.05511811023622 comédienne
256.251968503937 445.6062992125984 29.19685039370079 11.05511811023622 du
270.70866141732284 445.6062992125984 102.33070866141732 11.05511811023622 Théâtre-Français.
353.4803149606299 445.6062992125984 14.740157480314961 11.05511811023622 —

50.74015748031496 456.09448818897636 34.58267716535433 10.488188976377952 L.
68.03149606299213 456.09448818897636 34.58267716535433 10.488188976377952 a.
85.32283464566929 456.09448818897636 34.58267716535433 10.488188976377952 s.
102.61417322834646 456.09448818897636 28.913385826771652 10.488188976377952 à
113.95275590551181 456.09448818897636 51.874015748031496 10.488188976377952 Emile
148.53543307086613 456.09448818897636 34.58267716535433 10.488188976377952 de
165.82677165354332 456.09448818897636 74.83464566929133 10.488188976377952 Girardin,
223.37007874015748 456.09448818897636 28.913385826771652 10.488188976377952 1
234.99212598425197 456.09448818897636 34.58267716535433 10.488188976377952 p.
252.28346456692913 456.09448818897636 51.874015748031496 10.488188976377952 in-8.
286.86614173228344 456.09448818897636 74.83464566929133 10.488188976377952 Curieuse.
344.40944881889766 456.09448818897636 28.913385826771652 10.488188976377952 4
350.0787401574803 456.09448818897636 17.291338582677167 10.488188976377952 »

36.8503937007874 466.01574803149606 28.346456692913385 10.488188976377952 89
51.023622047244096 466.01574803149606 85.03937007874016 10.488188976377952 Jussieu
121.88976377952756 466.01574803149606 80.22047244094489 10.488188976377952 (Ant.-Laurent
188.2204724409449 466.01574803149606 37.7007874015748 10.488188976377952 de),
211.748031496063 466.01574803149606 42.51968503937008 10.488188976377952 neveu
240.09448818897638 466.01574803149606 28.346456692913385 10.488188976377952 de
254.26771653543307 466.01574803149606 51.874015748031496 10.488188976377952 Bernard
291.9685039370079 466.01574803149606 28.346456692913385 10.488188976377952 et
306.1417322834646 466.01574803149606 28.346456692913385 10.488188976377952 le
315.7795275590551 466.01574803149606 51.874015748031496 10.488188976377952 continua

51.30708661417323 476.503937007874 41.95275590551181 10.488188976377952 teur
77.66929133858268 476.503937007874 31.46456692913386 10.488188976377952 de
93.54330708661418 476.503937007874 36.8503937007874 10.488188976377952 ses
114.51968503937007 476.503937007874 78.80314960629921 10.488188976377952 découvertes
177.4488188976378 476.503937007874 31.46456692913386 10.488188976377952 de
193.03937007874015 476.503937007874 73.41732283464567 10.488188976377952 botanique,
250.86614173228347 476.503937007874 31.46456692913386 10.488188976377952 né
266.45669291338584 476.503937007874 26.362204724409448 10.488188976377952 à
276.9448818897638 476.503937007874 47.338582677165356 10.488188976377952 Lyon.
308.40944881889766 476.503937007874 26.362204724409448 10.488188976377952 —
318.8976377952756 476.503937007874 31.46456692913386 10.488188976377952 L.
334.7716535433071 476.503937007874 31.46456692913386 10.488188976377952 a.
345.25984251968504 476.503937007874 20.976377952755904 10.488188976377952 s.

51.874015748031496 486.1417322834646 29.19685039370079 11.05511811023622 à
63.77952755905512 486.1417322834646 64.06299212598425 11.05511811023622 Jacques
110.26771653543307 486.1417322834646 75.96850393700787 11.05511811023622 Laffitte;
168.66141732283464 486.1417322834646 35.1496062992126 11.05511811023622 14
186.23622047244095 486.1417322834646 70.01574803149606 11.05511811023622 novembre
238.6771653543307 486.1417322834646 52.44094488188976 11.05511811023622 1830,
273.8267716535433 486.1417322834646 29.19685039370079 11.05511811023622 1
285.4488188976378 486.1417322834646 35.1496062992126 11.05511811023622 p.
303.0236220472441 486.1417322834646 52.44094488188976 11.05511811023622 in-4.
337.8897637795276 486.1417322834646 35.1496062992126 11.05511811023622 15
349.51181102362204 486.1417322834646 17.5748031496063 11.05511811023622 »

37.41732283464567 496.34645669291336 26.078740157480315 10.771653543307087 90
50.45669291338583 496.34645669291336 69.73228346456693 10.771653543307087 Keith
106.86614173228347 496.34645669291336 39.118110236220474 10.771653543307087 (lord
132.9448818897638 496.34645669291336 52.15748031496063 10.771653543307087 George),
172.06299212598427 496.34645669291336 30.330708661417322 10.771653543307087 dit
189.63779527559055 496.34645669291336 56.69291338582677 10.771653543307087 Mylord
233.00787401574803 496.34645669291336 73.98425196850394 10.771653543307087 Maréchal,
293.9527559055118 496.34645669291336 60.94488188976378 10.771653543307087 gouverneur
341.8582677165354 496.34645669291336 26.078740157480315 10.771653543307087 de
350.6456692913386 496.34645669291336 17.291338582677167 10.771653543307087 la

52.15748031496063 506.5511811023622 75.11811023622047 10.771653543307087 principauté
112.25196850393701 506.5511811023622 30.04724409448819 10.771653543307087 de
127.2755905511811 506.5511811023622 70.01574803149606 10.771653543307087 Neuchâtel,
182.5511811023622 506.5511811023622 54.99212598425197 10.771653543307087 célèbre
222.51968503937007 506.5511811023622 35.1496062992126 10.771653543307087 par
242.64566929133858 506.5511811023622 35.1496062992126 10.771653543307087 ses
262.7716535433071 506.5511811023622 65.19685039370079 10.771653543307087 relations
312.9448818897638 506.5511811023622 39.968503937007874 10.771653543307087 avec
332.78740157480314 506.5511811023622 35.1496062992126 10.771653543307087 J.

51.874015748031496 516.7559055118111 67.46456692913385 10.771653543307087 Rousseau,
103.74803149606299 516.7559055118111 36.28346456692913 10.771653543307087 qui
124.44094488188976 516.7559055118111 72.56692913385827 10.771653543307087 l’appelait
181.41732283464566 516.7559055118111 36.28346456692913 10.771653543307087 son
202.11023622047244 516.7559055118111 46.77165354330709 10.771653543307087 père.
233.29133858267716 516.7559055118111 25.79527559055118 10.771653543307087 —
243.49606299212599 516.7559055118111 41.38582677165354 10.771653543307087 Let.
269.5748031496063 516.7559055118111 46.77165354330709 10.771653543307087 sig.,
300.4724409448819 516.7559055118111 31.181102362204726 10.771653543307087 en
310.96062992125985 516.7559055118111 56.976377952755904 10.771653543307087 français;

50.173228346456696 527.2440944881889 98.64566929133858 10.488188976377952 Neuchâtel,
127.84251968503936 527.2440944881889 42.23622047244095 10.488188976377952 21
148.8188976377953 527.2440944881889 84.4724409448819 10.488188976377952 novembre
212.31496062992127 527.2440944881889 63.496062992125985 10.488188976377952 1757,
254.5511811023622 527.2440944881889 35.1496062992126 10.488188976377952 2
268.7244094488189 527.2440944881889 42.23622047244095 10.488188976377952 p.
289.98425196850394 527.2440944881889 63.496062992125985 10.488188976377952 in-4.
332.2204724409449 527.2440944881889 42.23622047244095 10.488188976377952 25
346.1102362204724 527.2440944881889 21.25984251968504 10.488188976377952 »

61.79527559055118 537.4488188976378 50.173228346456696 7.3700787401574805 Curieuse
99.49606299212599 537.4488188976378 41.95275590551181 7.3700787401574805 lettre
128.9763779527559 537.4488188976378 29.19685039370079 7.3700787401574805 sur
145.70078740157481 537.4488188976378 54.425196850393704 7.3700787401574805 l'affaire
187.37007874015748 537.4488188976378 37.7007874015748 7.3700787401574805 d'une
212.5984251968504 537.4488188976378 58.67716535433071 7.3700787401574805 demoiselle
254.5511811023622 537.4488188976378 45.92125984251968 7.3700787401574805 Groulart.

36.8503937007874 546.2362204724409 29.19685039370079 10.204724409448819 91
51.30708661417323 546.2362204724409 92.40944881889764 10.204724409448819 Kinglake
129.25984251968504 546.2362204724409 58.39370078740158 10.204724409448819 (A.-W.),
172.91338582677164 546.2362204724409 53.574803149606296 10.204724409448819 célèbre
212.03149606299212 546.2362204724409 63.21259842519685 10.204724409448819 historien
260.503937007874 546.2362204724409 53.574803149606296 10.204724409448819 anglais
294.8031496062992 546.2362204724409 72.85039370078741 10.204724409448819 contemporain,

50.173228346456696 556.4409448818898 42.23622047244095 10.204724409448819 né
71.43307086614173 556.4409448818898 42.23622047244095 10.204724409448819 en
92.40944881889764 556.4409448818898 63.496062992125985 10.204724409448819 1811.
134.9291338582677 556.4409448818898 35.1496062992126 10.204724409448819 —
148.8188976377953 556.4409448818898 42.23622047244095 10.204724409448819 L.
170.07874015748033 556.4409448818898 42.23622047244095 10.204724409448819 a.
191.0551181102362 556.4409448818898 35.1496062992126 10.204724409448819 s
205.22834645669292 556.4409448818898 35.1496062992126 10.204724409448819 ,
219.4015748031496 556.4409448818898 63.496062992125985 10.204724409448819 1865,
261.6377952755906 556.4409448818898 35.1496062992126 10.204724409448819 1
275.81102362204723 556.4409448818898 42.23622047244095 10.204724409448819 p.
296.78740157480314 556.4409448818898 63.496062992125985 10.204724409448819 in-8.
339.3070866141732 556.4409448818898 35.1496062992126 10.204724409448819 5
346.1102362204724 556.4409448818898 21.25984251968504 10.204724409448819 »

37.13385826771653 566.0787401574803 29.19685039370079 10.771653543307087 92
51.59055118110236 566.0787401574803 92.40944881889764 10.771653543307087 Kotzebue
129.54330708661416 566.0787401574803 63.21259842519685 10.771653543307087 (A,-F.-F.
178.29921259842519 566.0787401574803 38.83464566929134 10.771653543307087 de),
202.39370078740157 566.0787401574803 63.21259842519685 10.771653543307087 romancier
251.1496062992126 566.0787401574803 58.39370078740158 10.771653543307087 célèbre,
295.0866141732283 566.0787401574803 68.03149606299213 10.771653543307087 publiciste
343.5590551181102 566.0787401574803 24.37795275590551 10.771653543307087 aux

52.15748031496063 576.2834645669292 45.92125984251968 11.05511811023622 gages
82.77165354330708 576.2834645669292 30.614173228346456 11.05511811023622 de
98.07874015748031 576.2834645669292 30.614173228346456 11.05511811023622 la
113.38582677165354 576.2834645669292 102.04724409448819 11.05511811023622 Sainte-Alliance,
200.1259842519685 576.2834645669292 66.33070866141732 11.05511811023622 assassiné
250.86614173228347 576.2834645669292 35.71653543307087 11.05511811023622 par
271.2755905511811 576.2834645669292 45.92125984251968 11.05511811023622 Sand.
301.8897637795276 576.2834645669292 25.511811023622048 11.05511811023622 —
312.09448818897636 576.2834645669292 30.614173228346456 11.05511811023622 L.
327.40157480314963 576.2834645669292 30.614173228346456 11.05511811023622 a.
342.70866141732284 576.2834645669292 30.614173228346456 11.05511811023622 s.
352.9133858267717 576.2834645669292 15.307086614173228 11.05511811023622 à

52.724409448818896 586.7716535433071 28.062992125984252 10.204724409448819 M.
66.89763779527559 586.7716535433071 51.59055118110236 10.204724409448819 Kummer;
104.5984251968504 586.7716535433071 51.59055118110236 10.204724409448819 Berlin,
142.01574803149606 586.7716535433071 42.23622047244095 10.204724409448819 1804,
170.36220472440945 586.7716535433071 23.52755905511811 10.204724409448819 1
179.71653543307087 586.7716535433071 28.062992125984252 10.204724409448819 p.
193.88976377952756 586.7716535433071 32.881889763779526 10.204724409448819 pl,
212.5984251968504 586.7716535433071 42.23622047244095 10.204724409448819 in-4,
240.66141732283464 586.7716535433071 51.59055118110236 10.204724409448819 cachet.
278.3622047244094 586.7716535433071 42.23622047244095 10.204724409448819 Belle
306.70866141732284 586.7716535433071 51.59055118110236 10.204724409448819 lettre.
344.12598425196853 586.7716535433071 28.062992125984252 10.204724409448819 10
353.4803149606299 586.7716535433071 14.173228346456693 10.204724409448819 »
