477.07086614173227 625.6062992125984
370.7716535433071 2.5511811023622046 104.5984251968504 23.244094488188978 BELGIQUE

82.77165354330708 121.03937007874016 74.83464566929133 24.944881889763778 Commissaire
142.86614173228347 121.03937007874016 54.99212598425197 24.944881889763778 Général
182.83464566929135 121.03937007874016 24.944881889763778 24.944881889763778 :
192.75590551181102 121.03937007874016 54.99212598425197 24.944881889763778 Jean
232.7244094488189 121.03937007874016 34.86614173228347 24.944881889763778 Van
247.748031496063 121.03937007874016 70.01574803149606 24.944881889763778 Lerberghe

83.62204724409449 136.06299212598427 66.89763779527559 20.976377952755904 Conseiller
136.3464566929134 136.06299212598427 66.89763779527559 20.976377952755904 Artistique
188.78740157480314 136.06299212598427 28.62992125984252 20.976377952755904 du
203.24409448818898 136.06299212598427 62.07874015748032 20.976377952755904 Ministère
251.1496062992126 136.06299212598427 28.62992125984252 20.976377952755904 de
265.3228346456693 136.06299212598427 81.35433070866142 20.976377952755904 l’Instruction
327.40157480314963 136.06299212598427 52.724409448818896 20.976377952755904 Publique.

37.7007874015748 218.83464566929135 31.46456692913386 21.543307086614174 La
53.574803149606296 218.83464566929135 57.826771653543304 21.543307086614174 cimaise
95.5275590551181 218.83464566929135 31.46456692913386 21.543307086614174 de
111.4015748031496 218.83464566929135 31.46456692913386 21.543307086614174 la
127.2755905511811 218.83464566929135 63.21259842519685 21.543307086614174 Biennale
174.61417322834646 218.83464566929135 31.46456692913386 21.543307086614174 de
190.20472440944883 218.83464566929135 47.338582677165356 21.543307086614174 Paris
221.95275590551182 218.83464566929135 47.338582677165356 21.543307086614174 étant
253.41732283464566 218.83464566929135 63.21259842519685 21.543307086614174 réservée
300.755905511811 218.83464566929135 89.29133858267717 21.543307086614174 exclusivement
374.1732283464567 218.83464566929135 36.8503937007874 21.543307086614174 aux
390.0472440944882 218.83464566929135 47.338582677165356 21.543307086614174 jeunes,

27.496062992125985 234.70866141732284 34.2992125984252 24.944881889763778 je
44.503937007874015 234.70866141732284 34.2992125984252 24.944881889763778 me
61.79527559055118 234.70866141732284 45.63779527559055 24.944881889763778 suis
90.14173228346456 234.70866141732284 62.645669291338585 24.944881889763778 demandé
135.7795275590551 234.70866141732284 68.5984251968504 24.944881889763778 pourquoi
187.08661417322836 234.70866141732284 34.2992125984252 24.944881889763778 ne
204.3779527559055 234.70866141732284 39.968503937007874 24.944881889763778 pas
227.0551181102362 234.70866141732284 68.5984251968504 24.944881889763778 réserver
278.3622047244094 234.70866141732284 28.62992125984252 24.944881889763778 à
289.98425196850394 234.70866141732284 39.968503937007874 24.944881889763778 ces
312.66141732283467 234.70866141732284 68.5984251968504 24.944881889763778 artistes
363.9685039370079 234.70866141732284 74.26771653543307 24.944881889763778 également
415.2755905511811 234.70866141732284 22.96062992125984 24.944881889763778 la

28.913385826771652 248.88188976377953 54.425196850393704 23.244094488188978 partie
66.89763779527559 248.88188976377953 27.212598425196852 23.244094488188978 «
77.95275590551181 248.88188976377953 54.425196850393704 23.244094488188978 textes
115.93700787401575 248.88188976377953 32.59842519685039 23.244094488188978 ».
132.3779527559055 248.88188976377953 43.653543307086615 23.244094488188978 J’ai
159.59055118110237 248.88188976377953 43.653543307086615 23.244094488188978 donc
186.8031496062992 248.88188976377953 60.09448818897638 23.244094488188978 demandé
230.45669291338584 248.88188976377953 27.212598425196852 23.244094488188978 à
241.51181102362204 248.88188976377953 65.48031496062993 23.244094488188978 certains
290.5511811023622 248.88188976377953 60.09448818897638 23.244094488188978 d’entre
334.20472440944883 248.88188976377953 38.267716535433074 23.244094488188978 eux
356.0314960629921 248.88188976377953 32.59842519685039 23.244094488188978 de
372.18897637795277 248.88188976377953 65.48031496062993 23.244094488188978 formuler
415.84251968503935 248.88188976377953 21.826771653543307 23.244094488188978 en

28.913385826771652 263.0551181102362 37.13385826771653 23.52755905511811 peu
50.173228346456696 263.0551181102362 31.748031496062993 23.52755905511811 de
66.04724409448819 263.0551181102362 42.23622047244095 23.52755905511811 mots
92.40944881889764 263.0551181102362 31.748031496062993 23.52755905511811 ce
108.28346456692914 263.0551181102362 52.724409448818896 23.52755905511811 qu’ils
145.41732283464566 263.0551181102362 63.496062992125985 23.52755905511811 désirent
192.75590551181102 263.0551181102362 63.496062992125985 23.52755905511811 réaliser
240.3779527559055 263.0551181102362 31.748031496062993 23.52755905511811 en
256.251968503937 263.0551181102362 63.496062992125985 23.52755905511811 peignant
303.87401574803147 263.0551181102362 31.748031496062993 23.52755905511811 ou
319.748031496063 263.0551181102362 31.748031496062993 23.52755905511811 en
330.23622047244095 263.0551181102362 63.496062992125985 23.52755905511811 sculptant.

38.267716535433074 270.1417322834646 38.83464566929134 29.763779527559056 Jef
60.661417322834644 270.1417322834646 72.28346456692914 29.763779527559056 Verheyen,
116.22047244094489 270.1417322834646 89.00787401574803 29.763779527559056 représentant
188.50393700787401 270.1417322834646 33.44881889763779 29.763779527559056 du
205.22834645669292 270.1417322834646 55.55905511811024 29.763779527559056 groupe
244.06299212598427 270.1417322834646 72.28346456692914 29.763779527559056 anversois
299.90551181102364 270.1417322834646 83.33858267716535 29.763779527559056 Hessenhuis,
366.5196850393701 270.1417322834646 38.83464566929134 29.763779527559056 qui
383.244094488189 270.1417322834646 55.55905511811024 29.763779527559056 s’impose

30.04724409448819 293.1023622047244 36.28346456692913 22.96062992125984 par
50.74015748031496 293.1023622047244 36.28346456692913 22.96062992125984 une
71.43307086614173 293.1023622047244 41.38582677165354 22.96062992125984 très
97.22834645669292 293.1023622047244 51.874015748031496 22.96062992125984 grande
133.51181102362204 293.1023622047244 67.46456692913385 22.96062992125984 activité,
185.38582677165354 293.1023622047244 36.28346456692913 22.96062992125984 est
206.07874015748033 293.1023622047244 31.181102362204726 22.96062992125984 un
221.66929133858267 293.1023622047244 67.46456692913385 22.96062992125984 subjectif
273.25984251968504 293.1023622047244 46.488188976377955 22.96062992125984 avoué
304.4409448818898 293.1023622047244 25.79527559055118 22.96062992125984 :
314.92913385826773 293.1023622047244 25.79527559055118 22.96062992125984 «
325.13385826771656 293.1023622047244 62.07874015748032 22.96062992125984 L’action
371.90551181102364 293.1023622047244 67.46456692913385 22.96062992125984 qu’exerce
418.3937007874016 293.1023622047244 20.69291338582677 22.96062992125984 la

29.763779527559056 309.25984251968504 65.76377952755905 19.559055118110237 peinture,
80.22047244094489 309.25984251968504 65.76377952755905 19.559055118110237 écrit-il,
130.96062992125985 309.25984251968504 30.330708661417322 19.559055118110237 se
145.98425196850394 309.25984251968504 65.76377952755905 19.559055118110237 développe
196.44094488188978 309.25984251968504 30.330708661417322 19.559055118110237 au
211.748031496063 309.25984251968504 40.53543307086614 19.559055118110237 plus
236.9763779527559 309.25984251968504 50.45669291338583 19.559055118110237 intime
272.40944881889766 309.25984251968504 30.330708661417322 19.559055118110237 de
287.43307086614175 309.25984251968504 45.354330708661415 19.559055118110237 notre
317.76377952755905 309.25984251968504 45.354330708661415 19.559055118110237 être.
348.09448818897636 309.25984251968504 65.76377952755905 19.559055118110237 Echappant
398.5511811023622 309.25984251968504 25.228346456692915 19.559055118110237 à
403.65354330708664 309.25984251968504 35.43307086614173 19.559055118110237 toute

29.480314960629922 322.86614173228344 67.18110236220473 18.708661417322833 approche
79.93700787401575 322.86614173228344 78.51968503937007 18.708661417322833 raisonnée,
141.73228346456693 322.86614173228344 44.78740157480315 18.708661417322833 elle
169.79527559055117 322.86614173228344 50.45669291338583 18.708661417322833 prend
203.24409448818898 322.86614173228344 56.125984251968504 18.708661417322833 racine
242.64566929133858 322.86614173228344 44.78740157480315 18.708661417322833 dans
270.70866141732284 322.86614173228344 33.732283464566926 18.708661417322833 la
287.43307086614175 322.86614173228344 67.18110236220473 18.708661417322833 totalité
337.8897637795276 322.86614173228344 39.118110236220474 18.708661417322833 des
354.61417322834643 322.86614173228344 84.18897637795276 18.708661417322833 phénomènes...

30.89763779527559 335.33858267716533 29.19685039370079 20.69291338582677 Ni
45.354330708661415 335.33858267716533 73.13385826771653 20.69291338582677 l’histoire,
104.03149606299213 335.33858267716533 29.19685039370079 20.69291338582677 ni
118.48818897637796 335.33858267716533 29.19685039370079 20.69291338582677 le
133.22834645669292 335.33858267716533 43.93700787401575 20.69291338582677 temps
162.4251968503937 335.33858267716533 29.19685039370079 20.69291338582677 ne
177.16535433070865 335.33858267716533 58.39370078740158 20.69291338582677 pourront
220.8188976377953 335.33858267716533 29.19685039370079 20.69291338582677 un
235.55905511811022 335.33858267716533 39.118110236220474 20.69291338582677 jour
259.93700787401576 335.33858267716533 53.574803149606296 20.69291338582677 révéler
298.7716535433071 335.33858267716533 29.19685039370079 20.69291338582677 la
313.51181102362204 335.33858267716533 48.75590551181102 20.69291338582677 vérité
347.5275590551181 335.33858267716533 68.31496062992126 20.69291338582677 picturale,
396.2834645669291 335.33858267716533 43.93700787401575 20.69291338582677 puisque

30.330708661417322 352.62992125984255 60.94488188976378 17.5748031496063 celle-ci
75.96850393700787 352.62992125984255 50.74015748031496 17.5748031496063 existe
111.4015748031496 352.62992125984255 40.53543307086614 17.5748031496063 dans
136.62992125984252 352.62992125984255 81.07086614173228 17.5748031496063 l’instant...
202.6771653543307 352.62992125984255 30.330708661417322 17.5748031496063 Il
217.98425196850394 352.62992125984255 35.43307086614173 17.5748031496063 n’y
238.11023622047244 352.62992125984255 40.53543307086614 17.5748031496063 aura
263.33858267716533 352.62992125984255 50.74015748031496 17.5748031496063 jamais
299.0551181102362 352.62992125984255 60.94488188976378 17.5748031496063 d’étalon
344.40944881889766 352.62992125984255 35.43307086614173 17.5748031496063 qui
364.81889763779526 352.62992125984255 50.74015748031496 17.5748031496063 puisse
395.1496062992126 352.62992125984255 45.63779527559055 17.5748031496063 mesurer

30.89763779527559 363.68503937007875 34.86614173228347 21.826771653543307 les
51.023622047244096 363.68503937007875 59.811023622047244 21.826771653543307 pouvoirs
95.81102362204724 363.68503937007875 34.86614173228347 21.826771653543307 (ou
115.93700787401575 363.68503937007875 59.811023622047244 21.826771653543307 limites)
160.7244094488189 363.68503937007875 30.04724409448819 21.826771653543307 de
175.748031496063 363.68503937007875 89.85826771653544 21.826771653543307 l’imagination.
250.86614173228347 363.68503937007875 45.07086614173228 21.826771653543307 Quant
280.62992125984255 363.68503937007875 24.944881889763778 21.826771653543307 à
290.5511811023622 363.68503937007875 30.04724409448819 21.826771653543307 ce
305.5748031496063 363.68503937007875 45.07086614173228 21.826771653543307 qu’on
335.62204724409446 363.68503937007875 54.99212598425197 21.826771653543307 appelle
370.48818897637796 363.68503937007875 70.01574803149606 21.826771653543307 l’évolution,

30.89763779527559 381.54330708661416 40.53543307086614 19.84251968503937 elle
56.125984251968504 381.54330708661416 35.43307086614173 19.84251968503937 n’a
76.53543307086615 381.54330708661416 30.330708661417322 19.84251968503937 de
91.55905511811024 381.54330708661416 55.55905511811024 19.84251968503937 limites
132.09448818897638 381.54330708661416 35.43307086614173 19.84251968503937 que
152.2204724409449 381.54330708661416 40.53543307086614 19.84251968503937 chez
177.73228346456693 381.54330708661416 40.53543307086614 19.84251968503937 ceux
202.96062992125985 381.54330708661416 35.43307086614173 19.84251968503937 qui
223.08661417322836 381.54330708661416 30.330708661417322 19.84251968503937 ne
238.39370078740157 381.54330708661416 30.330708661417322 19.84251968503937 la
253.41732283464566 381.54330708661416 50.45669291338583 19.84251968503937 vivent
288.8503937007874 381.54330708661416 50.45669291338583 19.84251968503937 point.
319.18110236220474 381.54330708661416 15.307086614173228 19.84251968503937 »

41.10236220472441 382.96062992125985 75.68503937007874 34.86614173228347 L’attitude
100.62992125984252 382.96062992125985 32.31496062992126 34.86614173228347 du
116.78740157480316 382.96062992125985 81.07086614173228 34.86614173228347 dessinateur
181.70078740157481 382.96062992125985 37.98425196850393 34.86614173228347 Van
203.24409448818898 382.96062992125985 64.91338582677166 34.86614173228347 Thienen,
252.0 382.96062992125985 37.98425196850393 34.86614173228347 par
273.54330708661416 382.96062992125985 59.52755905511811 34.86614173228347 contre,
316.9133858267717 382.96062992125985 37.98425196850393 34.86614173228347 est
338.45669291338584 382.96062992125985 81.07086614173228 34.86614173228347 entièrement
397.98425196850394 382.96062992125985 43.37007874015748 34.86614173228347 diffé-

32.59842519685039 405.3543307086614 42.23622047244095 23.244094488188978 rente
60.94488188976378 405.3543307086614 23.52755905511811 23.244094488188978 :
70.2992125984252 405.3543307086614 23.52755905511811 23.244094488188978 «
79.65354330708661 405.3543307086614 37.7007874015748 23.244094488188978 Pour
103.18110236220473 405.3543307086614 37.7007874015748 23.244094488188978 moi,
126.70866141732283 405.3543307086614 42.23622047244095 23.244094488188978 l’art
155.0551181102362 405.3543307086614 32.881889763779526 23.244094488188978 est
173.76377952755905 405.3543307086614 28.346456692913385 23.244094488188978 un
187.93700787401573 405.3543307086614 70.58267716535433 23.244094488188978 dialogue...
244.3464566929134 405.3543307086614 28.346456692913385 23.244094488188978 Je
258.5196850393701 405.3543307086614 28.346456692913385 23.244094488188978 ne
272.6929133858268 405.3543307086614 37.7007874015748 23.244094488188978 puis
296.2204724409449 405.3543307086614 61.22834645669291 23.244094488188978 concevoir
343.2755905511811 405.3543307086614 61.22834645669291 23.244094488188978 l’artiste
390.0472440944882 405.3543307086614 23.52755905511811 23.244094488188978 «
399.68503937007875 405.3543307086614 32.881889763779526 23.244094488188978 œil
413.5748031496063 405.3543307086614 28.346456692913385 23.244094488188978 »...

32.031496062992126 422.3622047244094 53.29133858267716 20.409448818897637 Ouvert
69.44881889763779 422.3622047244094 32.031496062992126 20.409448818897637 au
85.32283464566929 422.3622047244094 53.29133858267716 20.409448818897637 monde,
122.45669291338582 422.3622047244094 32.031496062992126 20.409448818897637 il
138.61417322834646 422.3622047244094 26.64566929133858 20.409448818897637 y
149.10236220472441 422.3622047244094 47.90551181102362 20.409448818897637 prend
181.13385826771653 422.3622047244094 37.13385826771653 20.409448818897637 son
202.39370078740157 422.3622047244094 53.29133858267716 20.409448818897637 sujet,
239.81102362204723 422.3622047244094 37.13385826771653 20.409448818897637 pas
261.07086614173227 422.3622047244094 42.51968503937008 20.409448818897637 pour
287.43307086614175 422.3622047244094 79.93700787401575 20.409448818897637 l’anecdote,
351.496062992126 422.3622047244094 42.51968503937008 20.409448818897637 sans
378.1417322834646 422.3622047244094 53.29133858267716 20.409448818897637 doute,
409.8897637795276 422.3622047244094 32.031496062992126 20.409448818897637 mais

32.31496062992126 435.40157480314963 32.031496062992126 21.826771653543307 un
48.47244094488189 435.40157480314963 37.41732283464567 21.826771653543307 peu
69.73228346456693 435.40157480314963 47.90551181102362 21.826771653543307 comme
101.76377952755905 435.40157480314963 32.031496062992126 21.826771653543307 un
117.63779527559055 435.40157480314963 47.90551181102362 21.826771653543307 point
149.66929133858267 435.40157480314963 58.67716535433071 21.826771653543307 d’appui
192.18897637795277 435.40157480314963 32.031496062992126 21.826771653543307 en
208.3464566929134 435.40157480314963 53.29133858267716 21.826771653543307 dehors
245.48031496062993 435.40157480314963 32.031496062992126 21.826771653543307 de
261.6377952755906 435.40157480314963 79.93700787401575 21.826771653543307 lui-même...
325.4173228346457 435.40157480314963 32.031496062992126 21.826771653543307 Le
341.5748031496063 435.40157480314963 37.41732283464567 21.826771653543307 ton
362.8346456692913 435.40157480314963 32.031496062992126 21.826771653543307 de
378.70866141732284 435.40157480314963 32.031496062992126 21.826771653543307 ce
389.4803149606299 435.40157480314963 53.29133858267716 21.826771653543307 dialogue

32.31496062992126 450.1417322834646 38.267716535433074 21.543307086614174 est
54.14173228346457 450.1417322834646 49.32283464566929 21.543307086614174 celui
87.02362204724409 450.1417322834646 49.32283464566929 21.543307086614174 d’une
119.62204724409449 450.1417322834646 87.59055118110236 21.543307086614174 conversation
190.77165354330708 450.1417322834646 49.32283464566929 21.543307086614174 entre
223.6535433070866 450.1417322834646 49.32283464566929 21.543307086614174 vieux
256.53543307086613 450.1417322834646 49.32283464566929 21.543307086614174 amis,
289.4173228346457 450.1417322834646 49.32283464566929 21.543307086614174 faite
322.01574803149606 450.1417322834646 32.881889763779526 21.543307086614174 de
338.45669291338584 450.1417322834646 49.32283464566929 21.543307086614174 longs
365.9527559055118 450.1417322834646 76.53543307086615 21.543307086614174 cheminements

32.881889763779526 466.5826771653543 74.83464566929133 19.84251968503937 silencieux
91.55905511811024 466.5826771653543 32.031496062992126 19.84251968503937 et
107.71653543307086 466.5826771653543 64.06299212598425 19.84251968503937 jalonnés
155.6220472440945 466.5826771653543 85.32283464566929 19.84251968503937 d’apparentes
219.68503937007873 466.5826771653543 69.44881889763779 19.84251968503937 banalités.»

42.51968503937008 478.48818897637796 45.07086614173228 21.543307086614174 Pour
70.86614173228347 478.48818897637796 56.40944881889764 21.543307086614174 Pierre
110.26771653543307 478.48818897637796 62.07874015748032 21.543307086614174 Lahaut,
155.33858267716536 478.48818897637796 33.732283464566926 21.543307086614174 la
172.3464566929134 478.48818897637796 79.08661417322834 21.543307086614174 projection
234.4251968503937 478.48818897637796 45.07086614173228 21.543307086614174 d’un
262.7716535433071 478.48818897637796 50.74015748031496 21.543307086614174 monde
296.503937007874 478.48818897637796 84.75590551181102 21.543307086614174 imaginaire,
364.251968503937 478.48818897637796 45.07086614173228 21.543307086614174 dans
392.59842519685037 478.48818897637796 39.40157480314961 21.543307086614174 les
409.6062992125984 478.48818897637796 33.732283464566926 21.543307086614174 deux

33.16535433070866 492.66141732283467 73.7007874015748 22.393700787401574 dimensions
90.99212598425197 492.66141732283467 31.46456692913386 22.393700787401574 de
106.86614173228347 492.66141732283467 36.8503937007874 22.393700787401574 ses
127.84251968503936 492.66141732283467 57.826771653543304 22.393700787401574 toiles,
170.07874015748033 492.66141732283467 52.44094488188976 22.393700787401574 révèle
206.64566929133858 492.66141732283467 31.46456692913386 22.393700787401574 un
222.51968503937007 492.66141732283467 47.338582677165356 22.393700787401574 autre
253.98425196850394 492.66141732283467 68.31496062992126 22.393700787401574 processus
306.70866141732284 492.66141732283467 26.362204724409448 22.393700787401574 :
317.1968503937008 492.66141732283467 26.362204724409448 22.393700787401574 «
327.68503937007875 492.66141732283467 31.46456692913386 22.393700787401574 Le
343.5590551181102 492.66141732283467 63.21259842519685 22.393700787401574 peintre,
385.51181102362204 492.66141732283467 57.826771653543304 22.393700787401574 écrit

34.2992125984252 506.8346456692913 44.503937007874015 20.409448818897637 ouvre
63.77952755905512 506.8346456692913 29.480314960629922 20.409448818897637 sa
78.51968503937007 506.8346456692913 44.503937007874015 20.409448818897637 toile
108.28346456692914 506.8346456692913 24.661417322834644 20.409448818897637 à
118.20472440944881 506.8346456692913 29.480314960629922 20.409448818897637 un
132.9448818897638 506.8346456692913 49.32283464566929 20.409448818897637 monde,
167.5275590551181 506.8346456692913 34.58267716535433 20.409448818897637 qui
187.08661417322836 506.8346456692913 69.16535433070867 20.409448818897637 rapidement
241.51181102362204 506.8346456692913 34.58267716535433 20.409448818897637 lui
261.3543307086614 506.8346456692913 54.425196850393704 20.409448818897637 devient
300.755905511811 506.8346456692913 73.98425196850394 20.409448818897637 indépendant
360.0 506.8346456692913 29.480314960629922 20.409448818897637 et
374.74015748031496 506.8346456692913 34.58267716535433 20.409448818897637 où,
389.4803149606299 506.8346456692913 54.425196850393704 20.409448818897637 voisinant

34.2992125984252 522.1417322834645 45.07086614173228 20.976377952755904 entre
64.34645669291339 522.1417322834645 39.968503937007874 20.976377952755904 ciel
89.29133858267717 522.1417322834645 30.04724409448819 20.976377952755904 et
104.31496062992126 522.1417322834645 49.889763779527556 20.976377952755904 terre,
139.1811023622047 522.1417322834645 45.07086614173228 20.976377952755904 l’eau
169.22834645669292 522.1417322834645 49.889763779527556 20.976377952755904 contre
204.09448818897638 522.1417322834645 59.811023622047244 20.976377952755904 l’écorce
249.16535433070865 522.1417322834645 30.04724409448819 20.976377952755904 et
264.18897637795277 522.1417322834645 34.86614173228347 20.976377952755904 sur
284.0314960629921 522.1417322834645 30.04724409448819 20.976377952755904 la
299.0551181102362 522.1417322834645 54.99212598425197 20.976377952755904 pierre,
339.0236220472441 522.1417322834645 30.04724409448819 20.976377952755904 se
354.0472440944882 522.1417322834645 54.99212598425197 20.976377952755904 meuvent
394.01574803149606 522.1417322834645 34.86614173228347 20.976377952755904 des
409.03937007874015 522.1417322834645 34.86614173228347 20.976377952755904 êtres

33.44881889763779 538.5826771653543 69.44881889763779 19.559055118110237 étranges
85.60629921259843 538.5826771653543 52.15748031496063 19.559055118110237 munis
120.18897637795276 538.5826771653543 34.86614173228347 19.559055118110237 de
137.48031496062993 538.5826771653543 57.826771653543304 19.559055118110237 toutes
178.29921259842519 538.5826771653543 40.53543307086614 19.559055118110237 les
201.25984251968504 538.5826771653543 69.44881889763779 19.559055118110237 passions
253.41732283464566 538.5826771653543 40.53543307086614 19.559055118110237 des
270.99212598425197 538.5826771653543 57.826771653543304 19.559055118110237 hommes.»

43.653543307086615 550.488188976378 45.63779527559055 22.393700787401574 Voici
73.98425196850394 550.488188976378 45.63779527559055 22.393700787401574 trois
104.5984251968504 550.488188976378 50.74015748031496 22.393700787401574 points
140.03149606299212 550.488188976378 30.330708661417322 22.393700787401574 de
155.33858267716536 550.488188976378 35.43307086614173 22.393700787401574 vue
175.46456692913387 550.488188976378 75.96850393700787 22.393700787401574 différents.
236.40944881889763 550.488188976378 35.43307086614173 22.393700787401574 Ces
256.53543307086613 550.488188976378 50.74015748031496 22.393700787401574 textes
291.9685039370079 550.488188976378 35.43307086614173 22.393700787401574 ont
312.37795275590554 550.488188976378 30.330708661417322 22.393700787401574 la
327.68503937007875 550.488188976378 50.74015748031496 22.393700787401574 valeur
363.11811023622045 550.488188976378 30.330708661417322 22.393700787401574 de
373.3228346456693 550.488188976378 70.86614173228347 22.393700787401574 témoignages,

396.0 590.4566929133858 27.77952755905512 21.826771653543307 15
