515.3385826771654 622.7716535433071
70.86614173228347 1.984251968503937 84.18897637795276 18.141732283464567 MEXIQUE

156.4724409448819 125.29133858267717 62.92913385826772 16.440944881889763 Commissaire
206.9291338582677 125.29133858267717 50.45669291338583 16.440944881889763 Général:
244.62992125984252 125.29133858267717 54.70866141732284 16.440944881889763 Victor
286.5826771653543 125.29133858267717 25.228346456692915 16.440944881889763 M.
295.0866141732283 125.29133858267717 46.20472440944882 16.440944881889763 Reyes

155.6220472440945 136.3464566929134 81.92125984251969 19.559055118110237 Sous-Directeur
223.93700787401573 136.3464566929134 22.677165354330707 19.559055118110237 à
233.00787401574803 136.3464566929134 63.77952755905512 19.559055118110237 l’Institut
283.18110236220474 136.3464566929134 54.70866141732284 19.559055118110237 National
324.2834645669291 136.3464566929134 32.031496062992126 19.559055118110237 des
337.8897637795276 136.3464566929134 54.70866141732284 19.559055118110237 Beaux

124.44094488188976 217.13385826771653 29.480314960629922 21.826771653543307 La
139.1811023622047 217.13385826771653 64.06299212598425 21.826771653543307 sélection
188.50393700787401 217.13385826771653 34.58267716535433 21.826771653543307 des
208.3464566929134 217.13385826771653 49.32283464566929 21.826771653543307 œuvres
242.64566929133858 217.13385826771653 29.480314960629922 21.826771653543307 de
257.6692913385827 217.13385826771653 49.32283464566929 21.826771653543307 jeunes
291.9685039370079 217.13385826771653 29.480314960629922 21.826771653543307 en
306.99212598425197 217.13385826771653 34.58267716535433 21.826771653543307 vue
326.5511811023622 217.13385826771653 29.480314960629922 21.826771653543307 de
341.5748031496063 217.13385826771653 39.40157480314961 21.826771653543307 leur
366.23622047244095 217.13385826771653 83.90551181102362 21.826771653543307 participation
435.11811023622045 217.13385826771653 24.661417322834644 21.826771653543307 à
445.03937007874015 217.13385826771653 29.480314960629922 21.826771653543307 la
454.96062992125985 217.13385826771653 49.32283464566929 21.826771653543307 deuxième

113.66929133858268 231.8740157480315 61.511811023622045 18.992125984251967 Biennale
159.8740157480315 231.8740157480315 30.89763779527559 18.992125984251967 de
175.1811023622047 231.8740157480315 46.20472440944882 18.992125984251967 Paris
206.07874015748033 231.8740157480315 25.79527559055118 18.992125984251967 a
216.28346456692913 231.8740157480315 36.0 18.992125984251967 été
236.69291338582678 231.8740157480315 66.61417322834646 18.992125984251967 effectuée
288.2834645669291 231.8740157480315 36.0 18.992125984251967 par
308.6929133858268 231.8740157480315 30.89763779527559 18.992125984251967 le
324.0 231.8740157480315 77.10236220472441 18.992125984251967 Département
385.79527559055117 231.8740157480315 36.0 18.992125984251967 des
406.20472440944883 231.8740157480315 41.10236220472441 18.992125984251967 Arts
432.0 231.8740157480315 71.71653543307086 18.992125984251967 Plastiques
483.3070866141732 231.8740157480315 20.409448818897637 18.992125984251967 de

113.38582677165354 247.46456692913387 70.01574803149606 18.708661417322833 l’Institut
168.66141732283464 247.46456692913387 60.09448818897638 18.708661417322833 National
213.73228346456693 247.46456692913387 35.1496062992126 18.708661417322833 des
233.5748031496063 247.46456692913387 75.11811023622047 18.708661417322833 Beaux-Arts,
293.6692913385827 247.46456692913387 50.173228346456696 18.708661417322833 compte
328.81889763779526 247.46456692913387 39.968503937007874 18.708661417322833 tenu
353.76377952755905 247.46456692913387 35.1496062992126 18.708661417322833 des
373.8897637795276 247.46456692913387 65.19685039370079 18.708661417322833 critiques
423.7795275590551 247.46456692913387 70.01574803149606 18.708661417322833 élogieuses
473.9527559055118 247.46456692913387 30.04724409448819 18.708661417322833 dont

113.38582677165354 262.48818897637796 34.58267716535433 17.291338582677167 ont
132.9448818897638 262.48818897637796 39.40157480314961 17.291338582677167 fait
157.60629921259843 262.48818897637796 54.425196850393704 17.291338582677167 l’objet
197.29133858267716 262.48818897637796 34.58267716535433 17.291338582677167 les
217.13385826771653 262.48818897637796 59.24409448818898 17.291338582677167 artistes
261.6377952755906 262.48818897637796 49.32283464566929 17.291338582677167 sortis
296.2204724409449 262.48818897637796 34.58267716535433 17.291338582677167 des
315.7795275590551 262.48818897637796 49.32283464566929 17.291338582677167 Ecoles
350.3622047244094 262.48818897637796 44.503937007874015 17.291338582677167 d’art
380.12598425196853 262.48818897637796 29.763779527559056 17.291338582677167 du
394.86614173228344 262.48818897637796 59.24409448818898 17.291338582677167 Mexique,
439.37007874015745 262.48818897637796 24.661417322834644 17.291338582677167 à
444.4724409448819 262.48818897637796 59.24409448818898 17.291338582677167 l’occasion

112.81889763779527 276.09448818897636 85.32283464566929 18.992125984251967 d’expositions
183.11811023622047 276.09448818897636 85.32283464566929 18.992125984251967 individuelles
253.41732283464566 276.09448818897636 30.04724409448819 18.992125984251967 ou
268.4409448818898 276.09448818897636 80.22047244094489 18.992125984251967 collectives.
333.6377952755906 276.09448818897636 35.1496062992126 18.992125984251967 Sur
353.76377952755905 276.09448818897636 45.07086614173228 18.992125984251967 trois
383.81102362204723 276.09448818897636 30.04724409448819 18.992125984251967 ou
398.8346456692913 276.09448818897636 50.173228346456696 18.992125984251967 quatre
433.98425196850394 276.09448818897636 60.09448818897638 18.992125984251967 tableaux
474.23622047244095 276.09448818897636 30.04724409448819 18.992125984251967 pré-

112.53543307086615 289.7007874015748 53.00787401574803 22.677165354330707 sentés
149.66929133858267 289.7007874015748 37.13385826771653 22.677165354330707 par
170.9291338582677 289.7007874015748 53.00787401574803 22.677165354330707 chacun
208.06299212598427 289.7007874015748 31.748031496062993 22.677165354330707 de
223.93700787401573 289.7007874015748 37.13385826771653 22.677165354330707 ces
245.1968503937008 289.7007874015748 68.88188976377953 22.677165354330707 artistes,
298.20472440944883 289.7007874015748 31.748031496062993 22.677165354330707 le
314.0787401574803 289.7007874015748 79.37007874015748 22.677165354330707 Département
377.5748031496063 289.7007874015748 31.748031496062993 22.677165354330707 en
393.4488188976378 289.7007874015748 26.362204724409448 22.677165354330707 a
404.2204724409449 289.7007874015748 53.00787401574803 22.677165354330707 choisi
441.3543307086614 289.7007874015748 31.748031496062993 22.677165354330707 un
457.2283464566929 289.7007874015748 31.748031496062993 22.677165354330707 ou
467.7165354330709 289.7007874015748 37.13385826771653 22.677165354330707 deux,

122.74015748031496 303.0236220472441 30.89763779527559 22.393700787401574 Il
138.04724409448818 303.0236220472441 41.38582677165354 22.393700787401574 nous
164.1259842519685 303.0236220472441 25.79527559055118 22.393700787401574 a
174.33070866141733 303.0236220472441 41.38582677165354 22.393700787401574 paru
200.1259842519685 303.0236220472441 67.18110236220473 22.393700787401574 pertinent
252.0 303.0236220472441 30.89763779527559 22.393700787401574 de
267.59055118110234 303.0236220472441 46.488188976377955 22.393700787401574 faire
298.48818897637796 303.0236220472441 77.66929133858268 22.393700787401574 représenter
360.56692913385825 303.0236220472441 51.59055118110236 22.393700787401574 toutes
396.8503937007874 303.0236220472441 36.28346456692913 22.393700787401574 les
417.54330708661416 303.0236220472441 67.18110236220473 22.393700787401574 tendances
469.13385826771656 303.0236220472441 36.28346456692913 22.393700787401574 qui
484.7244094488189 303.0236220472441 20.69291338582677 22.393700787401574 se

112.81889763779527 319.748031496063 76.53543307086615 21.25984251968504 manifestent
174.04724409448818 319.748031496063 81.63779527559055 21.25984251968504 actuellement
240.09448818897638 319.748031496063 30.614173228346456 21.25984251968504 au
255.4015748031496 319.748031496063 61.22834645669291 21.25984251968504 Mexique,
301.3228346456693 319.748031496063 30.614173228346456 21.25984251968504 et
316.62992125984255 319.748031496063 35.71653543307087 21.25984251968504 que
337.03937007874015 319.748031496063 35.71653543307087 21.25984251968504 les
357.4488188976378 319.748031496063 51.023622047244096 21.25984251968504 jeunes
393.1653543307087 319.748031496063 61.22834645669291 21.25984251968504 artistes
438.8031496062992 319.748031496063 66.33070866141732 21.25984251968504 reflètent
484.7244094488189 319.748031496063 20.409448818897637 21.25984251968504 ou

112.81889763779527 333.3543307086614 62.92913385826772 18.4251968503937 initient.
161.29133858267716 333.3543307086614 43.653543307086615 18.4251968503937 Outre
190.20472440944883 333.3543307086614 29.19685039370079 18.4251968503937 la
204.9448818897638 333.3543307086614 62.92913385826772 18.4251968503937 tradition
253.41732283464566 333.3543307086614 29.19685039370079 18.4251968503937 de
267.87401574803147 333.3543307086614 29.19685039370079 18.4251968503937 ce
282.3307086614173 333.3543307086614 34.01574803149607 18.4251968503937 que
301.8897637795276 333.3543307086614 38.83464566929134 18.4251968503937 l’on
325.98425196850394 333.3543307086614 53.29133858267716 18.4251968503937 connaît
364.81889763779526 333.3543307086614 38.83464566929134 18.4251968503937 sous
389.1968503937008 333.3543307086614 29.19685039370079 18.4251968503937 le
403.65354330708664 333.3543307086614 34.01574803149607 18.4251968503937 nom
422.92913385826773 333.3543307086614 53.29133858267716 18.4251968503937 d’Ecole
456.9448818897638 333.3543307086614 48.47244094488189 18.4251968503937 Réaliste

112.25196850393701 347.81102362204723 73.41732283464567 18.708661417322833 Mexicaine,
169.79527559055117 347.81102362204723 31.46456692913386 18.708661417322833 un
185.38582677165354 347.81102362204723 62.92913385826772 18.708661417322833 réalisme
232.7244094488189 347.81102362204723 99.49606299212599 18.708661417322833 expressionniste
316.34645669291336 347.81102362204723 31.46456692913386 18.708661417322833 de
332.2204724409449 347.81102362204723 62.92913385826772 18.708661417322833 tendance
379.2755905511811 347.81102362204723 47.05511811023622 18.708661417322833 libre
410.74015748031496 347.81102362204723 36.56692913385827 18.708661417322833 s’y
431.7165354330709 347.81102362204723 52.44094488188976 18.708661417322833 trouve
463.18110236220474 347.81102362204723 41.95275590551181 18.708661417322833 repré-

111.68503937007874 364.53543307086613 55.84251968503937 15.874015748031496 senté,
150.8031496062992 364.53543307086613 27.77952755905512 15.874015748031496 à
161.85826771653544 364.53543307086613 44.503937007874015 15.874015748031496 côté
189.92125984251967 364.53543307086613 33.44881889763779 15.874015748031496 de
206.64566929133858 364.53543307086613 66.89763779527559 15.874015748031496 diverses
256.53543307086613 364.53543307086613 61.22834645669291 15.874015748031496 nuances
301.3228346456693 364.53543307086613 39.118110236220474 15.874015748031496 des
323.43307086614175 364.53543307086613 72.56692913385827 15.874015748031496 tendances
379.2755905511811 364.53543307086613 39.118110236220474 15.874015748031496 non
396.0 364.53543307086613 77.95275590551181 15.874015748031496 figuratives.

123.02362204724409 375.0236220472441 49.889763779527556 19.559055118110237 Plusie
157.88976377952756 375.0236220472441 34.86614173228347 19.559055118110237 urs
178.01574803149606 375.0236220472441 29.763779527559056 19.559055118110237 de
192.75590551181102 375.0236220472441 34.86614173228347 19.559055118110237 ces
212.5984251968504 375.0236220472441 59.811023622047244 19.559055118110237 artistes
257.38582677165357 375.0236220472441 34.86614173228347 19.559055118110237 ont
277.51181102362204 375.0236220472441 39.68503937007874 19.559055118110237 déjà
302.1732283464567 375.0236220472441 64.62992125984252 19.559055118110237 participé
352.06299212598424 375.0236220472441 24.944881889763778 19.559055118110237 à
361.98425196850394 375.0236220472441 34.86614173228347 19.559055118110237 des
381.8267716535433 375.0236220472441 74.55118110236221 19.559055118110237 expositions
441.6377952755906 375.0236220472441 24.944881889763778 19.559055118110237 à
446.45669291338584 375.0236220472441 59.811023622047244 19.559055118110237 l’étranger

112.53543307086615 391.18110236220474 60.661417322834644 17.291338582677167 D’autres
157.88976377952756 391.18110236220474 25.228346456692915 17.291338582677167 y
168.09448818897638 391.18110236220474 65.48031496062993 17.291338582677167 prendront
218.5511811023622 391.18110236220474 40.25196850393701 17.291338582677167 part
243.7795275590551 391.18110236220474 40.25196850393701 17.291338582677167 pour
269.00787401574803 391.18110236220474 30.330708661417322 17.291338582677167 la
284.0314960629921 391.18110236220474 60.661417322834644 17.291338582677167 première
329.38582677165357 391.18110236220474 45.354330708661415 17.291338582677167 fois.
359.7165354330709 391.18110236220474 30.330708661417322 17.291338582677167 Il
374.74015748031496 391.18110236220474 50.45669291338583 17.291338582677167 semble
410.1732283464567 391.18110236220474 35.43307086614173 17.291338582677167 que
430.2992125984252 391.18110236220474 70.58267716535433 17.291338582677167 l’ensemble
480.755905511811 391.18110236220474 25.228346456692915 17.291338582677167 des

111.96850393700787 403.65354330708664 49.32283464566929 22.393700787401574 œuvres
146.26771653543307 403.65354330708664 59.24409448818898 22.393700787401574 reflète,
190.77165354330708 403.65354330708664 44.503937007874015 22.393700787401574 d’une
220.251968503937 403.65354330708664 54.14173228346457 22.393700787401574 manière
259.65354330708664 403.65354330708664 54.14173228346457 22.393700787401574 fidèle,
299.33858267716533 403.65354330708664 49.32283464566929 22.393700787401574 l’état
333.6377952755906 403.65354330708664 54.14173228346457 22.393700787401574 général
373.03937007874015 403.65354330708664 49.32283464566929 22.393700787401574 actuel
407.62204724409446 403.65354330708664 34.58267716535433 22.393700787401574 des
427.46456692913387 403.65354330708664 39.40157480314961 22.393700787401574 arts
447.0236220472441 403.65354330708664 59.24409448818898 22.393700787401574 plastiques

110.26771653543307 416.9763779527559 36.56692913385827 18.708661417322833 au
122.74015748031496 416.9763779527559 60.94488188976378 18.708661417322833 Mexique.

122.74015748031496 595.2755905511812 27.77952755905512 16.440944881889763 80
