535.4645669291339 622.7716535433071
336.4724409448819 -1.984251968503937 118.77165354330708 20.125984251968504 MANIFESTATIONS
432.56692913385825 -1.984251968503937 73.41732283464567 20.125984251968504 ANNEXES

147.4015748031496 36.0 89.29133858267717 19.275590551181104 DESSINS
217.70078740157481 36.0 38.267716535433074 19.275590551181104 DE
236.9763779527559 36.0 63.77952755905512 19.275590551181104 JEUNES
275.244094488189 36.0 102.04724409448819 19.275590551181104 SCULPTEURS

72.28346456692914 61.22834645669291 37.13385826771653 13.88976377952756 Les
93.54330708661418 61.22834645669291 74.26771653543307 13.88976377952756 sculpteurs
151.93700787401573 61.22834645669291 42.51968503937008 13.88976377952756 dont
178.29921259842519 61.22834645669291 37.13385826771653 13.88976377952756 les
199.55905511811022 61.22834645669291 53.00787401574803 13.88976377952756 œuvres
236.69291338582678 61.22834645669291 37.13385826771653 13.88976377952756 ont
257.9527559055118 61.22834645669291 37.13385826771653 13.88976377952756 été
279.21259842519686 61.22834645669291 63.496062992125985 13.88976377952756 retenues
326.8346456692913 61.22834645669291 37.13385826771653 13.88976377952756 par
348.09448818897636 61.22834645669291 31.748031496062993 13.88976377952756 le
363.9685039370079 61.22834645669291 58.39370078740158 13.88976377952756 Conseil
401.1023622047244 61.22834645669291 63.496062992125985 13.88976377952756 d’Adminis-

62.07874015748032 68.5984251968504 56.976377952755904 16.15748031496063 tration
103.46456692913385 68.5984251968504 30.89763779527559 16.15748031496063 de
118.77165354330708 68.5984251968504 30.89763779527559 16.15748031496063 la
134.36220472440945 68.5984251968504 67.18110236220473 16.15748031496063 Biennale,
185.95275590551182 68.5984251968504 30.89763779527559 16.15748031496063 ou
201.54330708661416 68.5984251968504 62.07874015748032 16.15748031496063 choisies
248.03149606299212 68.5984251968504 36.28346456692913 16.15748031496063 par
268.7244094488189 68.5984251968504 30.89763779527559 16.15748031496063 le
284.31496062992125 68.5984251968504 41.38582677165354 16.15748031496063 Jury
310.1102362204724 68.5984251968504 36.28346456692913 16.15748031496063 des
330.8031496062992 68.5984251968504 51.59055118110236 16.15748031496063 Jeunes
367.0866141732283 68.5984251968504 72.28346456692914 16.15748031496063 Critiques,
423.7795275590551 68.5984251968504 36.28346456692913 16.15748031496063 ont
439.37007874015745 68.5984251968504 25.79527559055118 16.15748031496063 été

62.36220472440945 82.20472440944881 59.24409448818898 16.724409448818896 invités
105.44881889763779 82.20472440944881 26.929133858267715 16.724409448818896 à
116.22047244094489 82.20472440944881 70.01574803149606 16.724409448818896 présenter
170.07874015748033 82.20472440944881 48.47244094488189 16.724409448818896 leurs
202.39370078740157 82.20472440944881 59.24409448818898 16.724409448818896 dessins
245.1968503937008 82.20472440944881 26.929133858267715 16.724409448818896 à
255.96850393700788 82.20472440944881 32.31496062992126 16.724409448818896 la
272.12598425196853 82.20472440944881 59.24409448818898 16.724409448818896 Galerie
315.21259842519686 82.20472440944881 32.31496062992126 16.724409448818896 de
325.98425196850394 82.20472440944881 53.85826771653543 16.724409448818896 Varenne.

54.99212598425197 104.31496062992126 50.74015748031496 16.724409448818896 Brusse

55.84251968503937 116.50393700787401 41.95275590551181 13.039370078740157 Clerc

57.25984251968504 126.4251968503937 54.99212598425197 14.456692913385826 Lartigue

55.84251968503937 138.33070866141733 48.75590551181102 11.905511811023622 Lhoste

57.25984251968504 146.83464566929135 56.40944881889764 14.740157480314961 Martinez

55.275590551181104 158.74015748031496 60.37795275590551 14.456692913385826 Neuhaus

207.21259842519686 100.91338582677166 49.889763779527556 14.740157480314961 Oudot

208.91338582677164 112.81889763779527 52.44094488188976 12.755905511811024 Raysse

209.76377952755905 123.59055118110236 58.110236220472444 14.173228346456693 Selinger

208.91338582677164 134.36220472440945 55.84251968503937 13.039370078740157 Sherdin

209.1968503937008 145.13385826771653 52.724409448818896 13.32283464566929 Szekeli

344.6929133858268 98.92913385826772 65.19685039370079 15.307086614173228 Cardenas

346.6771653543307 111.68503937007874 50.74015748031496 13.606299212598426 Hiquily

344.9763779527559 122.1732283464567 53.29133858267716 13.606299212598426 Poncet

345.8267716535433 132.9448818897638 51.874015748031496 15.590551181102363 Viseux

190.20472440944883 172.91338582677164 84.75590551181102 18.708661417322833 GALERIE
252.0 172.91338582677164 46.20472440944882 18.708661417322833 DE
267.3070866141732 172.91338582677164 69.44881889763779 18.708661417322833 VARENNE

146.26771653543307 188.2204724409449 36.8503937007874 18.4251968503937 61,
167.5275590551181 188.2204724409449 36.8503937007874 18.4251968503937 rue
188.50393700787401 188.2204724409449 31.46456692913386 18.4251968503937 de
204.09448818897638 188.2204724409449 62.92913385826772 18.4251968503937 Varenne,
251.43307086614172 188.2204724409449 47.338582677165356 18.4251968503937 Paris
282.8976377952756 188.2204724409449 41.95275590551181 18.4251968503937 (7e)
309.25984251968504 188.2204724409449 26.362204724409448 18.4251968503937 —
319.748031496063 188.2204724409449 41.95275590551181 18.4251968503937 SOL.
340.7244094488189 188.2204724409449 41.95275590551181 18.4251968503937 55

165.25984251968504 202.96062992125985 77.66929133858268 19.275590551181104 Exposition
226.48818897637796 202.96062992125985 33.16535433070866 19.275590551181104 du
242.9291338582677 202.96062992125985 27.77952755905512 19.275590551181104 6
254.26771653543307 202.96062992125985 33.16535433070866 19.275590551181104 au
270.70866141732284 202.96062992125985 33.16535433070866 19.275590551181104 21
287.43307086614175 202.96062992125985 60.94488188976378 19.275590551181104 octobre
326.26771653543307 202.96062992125985 38.83464566929134 19.275590551181104 1961.

150.23622047244095 218.83464566929135 77.95275590551181 12.188976377952756 Vernissage
211.748031496063 218.83464566929135 33.44881889763779 12.188976377952756 le
228.18897637795277 218.83464566929135 66.89763779527559 12.188976377952756 vendredi
278.3622047244094 218.83464566929135 27.77952755905512 12.188976377952756 6
289.7007874015748 218.83464566929135 61.22834645669291 12.188976377952756 octobre
334.20472440944883 218.83464566929135 27.77952755905512 12.188976377952756 à
345.25984251968504 218.83464566929135 33.44881889763779 12.188976377952756 16
356.31496062992125 218.83464566929135 22.393700787401574 12.188976377952756 h.

64.06299212598425 227.33858267716536 39.968503937007874 21.826771653543307 Tous
89.00787401574803 227.33858267716536 34.86614173228347 21.826771653543307 les
109.13385826771653 227.33858267716536 49.889763779527556 21.826771653543307 jours,
143.71653543307087 227.33858267716536 39.968503937007874 21.826771653543307 sauf
168.66141732283464 227.33858267716536 29.763779527559056 21.826771653543307 le
183.68503937007873 227.33858267716536 59.811023622047244 21.826771653543307 dimanche
228.4724409448819 227.33858267716536 29.763779527559056 21.826771653543307 et
243.49606299212599 227.33858267716536 29.763779527559056 21.826771653543307 le
258.23622047244095 227.33858267716536 44.78740157480315 21.826771653543307 lundi
288.2834645669291 227.33858267716536 49.889763779527556 21.826771653543307 matin,
323.1496062992126 227.33858267716536 29.763779527559056 21.826771653543307 de
337.8897637795276 227.33858267716536 29.763779527559056 21.826771653543307 11
352.9133858267717 227.33858267716536 24.944881889763778 21.826771653543307 h
362.8346456692913 227.33858267716536 24.944881889763778 21.826771653543307 à
372.755905511811 227.33858267716536 39.968503937007874 21.826771653543307 midi
397.7007874015748 227.33858267716536 29.763779527559056 21.826771653543307 et
412.7244094488189 227.33858267716536 29.763779527559056 21.826771653543307 de
427.748031496063 227.33858267716536 29.763779527559056 21.826771653543307 14
442.48818897637796 227.33858267716536 24.944881889763778 21.826771653543307 h
447.59055118110234 227.33858267716536 19.84251968503937 21.826771653543307 30

230.17322834645668 240.3779527559055 31.181102362204726 16.440944881889763 à
242.64566929133858 240.3779527559055 37.41732283464567 16.440944881889763 18
261.3543307086614 240.3779527559055 31.181102362204726 16.440944881889763 h
267.59055118110234 240.3779527559055 31.181102362204726 16.440944881889763 30.

191.90551181102362 305.5748031496063 69.16535433070867 21.826771653543307 THÈSE
243.7795275590551 305.5748031496063 34.58267716535433 21.826771653543307 ET
255.11811023622047 305.5748031496063 86.45669291338582 21.826771653543307 ANTITHÈSE

75.11811023622047 328.251968503937 32.031496062992126 19.559055118110237 Ce
91.2755905511811 328.251968503937 47.90551181102362 19.559055118110237 n’est
123.02362204724409 328.251968503937 37.13385826771653 19.559055118110237 pas
144.28346456692913 328.251968503937 37.13385826771653 19.559055118110237 une
165.54330708661416 328.251968503937 79.93700787401575 19.559055118110237 opposition,
229.60629921259843 328.251968503937 42.51968503937008 19.559055118110237 mais
256.251968503937 328.251968503937 37.13385826771653 19.559055118110237 une
277.51181102362204 328.251968503937 79.93700787401575 19.559055118110237 proposition
341.29133858267716 328.251968503937 42.51968503937008 19.559055118110237 pour
367.93700787401576 328.251968503937 63.77952755905512 19.559055118110237 dissiper
410.45669291338584 328.251968503937 58.67716535433071 19.559055118110237 peut

65.76377952755905 342.4251968503937 31.748031496062993 17.858267716535433 un
81.63779527559055 342.4251968503937 58.39370078740158 17.858267716535433 certain
124.15748031496064 342.4251968503937 37.13385826771653 17.858267716535433 mal
145.41732283464566 342.4251968503937 26.64566929133858 17.858267716535433 à
155.90551181102362 342.4251968503937 47.62204724409449 17.858267716535433 voir.
187.93700787401573 342.4251968503937 68.88188976377953 17.858267716535433 L’univers
240.9448818897638 342.4251968503937 31.748031496062993 17.858267716535433 de
256.81889763779526 342.4251968503937 31.748031496062993 17.858267716535433 la
272.6929133858268 342.4251968503937 84.75590551181102 17.858267716535433 connaissance
341.5748031496063 342.4251968503937 37.13385826771653 17.858267716535433 est
362.8346456692913 342.4251968503937 63.496062992125985 17.858267716535433 visible,
410.45669291338584 342.4251968503937 31.748031496062993 17.858267716535433 ou
426.3307086614173 342.4251968503937 42.51968503937008 17.858267716535433 bien
447.59055118110234 342.4251968503937 21.25984251968504 17.858267716535433 il

65.48031496062993 352.9133858267717 50.45669291338583 16.15748031496063 reste
99.21259842519684 352.9133858267717 28.062992125984252 16.15748031496063 à
110.55118110236221 352.9133858267717 78.51968503937007 16.15748031496063 découvrir,
172.06299212598427 352.9133858267717 44.78740157480315 16.15748031496063 mais
200.1259842519685 352.9133858267717 33.732283464566926 16.15748031496063 sa
217.13385826771653 352.9133858267717 67.18110236220473 16.15748031496063 présence
267.59055118110234 352.9133858267717 67.18110236220473 16.15748031496063 demeure:
318.0472440944882 352.9133858267717 39.40157480314961 16.15748031496063 les
340.4409448818898 352.9133858267717 61.79527559055118 16.15748031496063 chemins
385.2283464566929 352.9133858267717 28.062992125984252 16.15748031496063 à
396.56692913385825 352.9133858267717 61.79527559055118 16.15748031496063 prendre
435.68503937007875 352.9133858267717 33.732283464566926 16.15748031496063 pour

65.76377952755905 362.5511811023622 67.18110236220473 19.275590551181104 parvenir
116.22047244094489 362.5511811023622 28.062992125984252 19.275590551181104 à
127.55905511811024 362.5511811023622 33.732283464566926 19.275590551181104 ce
144.28346456692913 362.5511811023622 56.125984251968504 19.275590551181104 nouvel
183.68503937007873 362.5511811023622 72.85039370078741 19.275590551181104 humanisme
239.81102362204723 362.5511811023622 72.85039370078741 19.275590551181104 diffèrent
295.93700787401576 362.5511811023622 78.51968503937007 19.275590551181104 totalement
357.4488188976378 362.5511811023622 33.732283464566926 19.275590551181104 et
368.78740157480314 362.5511811023622 100.91338582677166 19.275590551181104 individuellement

66.04724409448819 374.74015748031496 47.338582677165356 15.590551181102363 selon
97.79527559055119 374.74015748031496 31.46456692913386 15.590551181102363 la
113.38582677165354 374.74015748031496 41.95275590551181 15.590551181102363 voie
139.748031496063 374.74015748031496 62.92913385826772 15.590551181102363 choisie,
186.8031496062992 374.74015748031496 41.95275590551181 15.590551181102363 mais
213.16535433070865 374.74015748031496 78.80314960629921 15.590551181102363 l’obscurité
276.09448818897636 374.74015748031496 47.338582677165356 15.590551181102363 n’est
307.5590551181102 374.74015748031496 52.44094488188976 15.590551181102363 totale
344.40944881889766 374.74015748031496 36.8503937007874 15.590551181102363 que
365.38582677165357 374.74015748031496 57.826771653543304 15.590551181102363 lorsque
407.33858267716533 374.74015748031496 36.8503937007874 15.590551181102363 les
428.31496062992125 374.74015748031496 41.95275590551181 15.590551181102363 yeux
449.29133858267716 374.74015748031496 20.976377952755904 15.590551181102363 se

60.37795275590551 389.4803149606299 54.99212598425197 13.32283464566929 ferment.

77.38582677165354 390.8976377952756 28.062992125984252 20.976377952755904 Il
91.2755905511811 390.8976377952756 32.59842519685039 20.976377952755904 n’y
109.98425196850394 390.8976377952756 23.244094488188978 20.976377952755904 a
119.33858267716535 390.8976377952756 28.062992125984252 20.976377952755904 ni
133.22834645669292 390.8976377952756 56.125984251968504 20.976377952755904 querelle
175.1811023622047 390.8976377952756 28.062992125984252 20.976377952755904 ni
189.35433070866142 390.8976377952756 56.125984251968504 20.976377952755904 conflit.
231.30708661417322 390.8976377952756 51.30708661417323 20.976377952755904 L’homme
268.7244094488189 390.8976377952756 32.59842519685039 20.976377952755904 est
287.43307086614175 390.8976377952756 51.30708661417323 20.976377952755904 présent
324.56692913385825 390.8976377952756 37.41732283464567 20.976377952755904 avec
348.09448818897636 390.8976377952756 28.062992125984252 20.976377952755904 sa
361.98425196850394 390.8976377952756 41.95275590551181 20.976377952755904 force
390.0472440944882 390.8976377952756 28.062992125984252 20.976377952755904 et
403.93700787401576 390.8976377952756 28.062992125984252 20.976377952755904 sa
413.29133858267716 390.8976377952756 56.125984251968504 20.976377952755904 faiblesse.

76.25196850393701 406.48818897637796 50.74015748031496 16.440944881889763 Qu’il
109.98425196850394 406.48818897637796 67.46456692913385 16.440944881889763 proclame
160.7244094488189 406.48818897637796 33.732283464566926 16.440944881889763 ou
177.73228346456693 406.48818897637796 67.46456692913385 16.440944881889763 suggère,
228.18897637795277 406.48818897637796 61.79527559055118 16.440944881889763 affirme
273.25984251968504 406.48818897637796 33.732283464566926 16.440944881889763 ou
290.26771653543307 406.48818897637796 67.46456692913385 16.440944881889763 estompe,
340.7244094488189 406.48818897637796 56.40944881889764 16.440944881889763 domine
380.12598425196853 406.48818897637796 33.732283464566926 16.440944881889763 ou
397.13385826771656 406.48818897637796 73.13385826771653 16.440944881889763 subjugue,
447.87401574803147 406.48818897637796 22.393700787401574 16.440944881889763 le

66.33070866141732 421.51181102362204 64.91338582677166 14.740157480314961 peintre
113.66929133858268 421.51181102362204 53.29133858267716 14.740157480314961 vient
149.10236220472441 421.51181102362204 29.480314960629922 14.740157480314961 à
155.0551181102362 421.51181102362204 41.38582677165354 14.740157480314961 nous.

76.81889763779527 427.18110236220474 64.06299212598425 20.69291338582677 Objectif
125.00787401574803 427.18110236220474 32.031496062992126 20.69291338582677 ou
141.16535433070865 427.18110236220474 37.41732283464567 20.69291338582677 non
162.4251968503937 427.18110236220474 69.44881889763779 20.69291338582677 objectif?
216.0 427.18110236220474 69.44881889763779 20.69291338582677 Désormais
269.29133858267716 427.18110236220474 32.031496062992126 20.69291338582677 il
285.4488188976378 427.18110236220474 37.41732283464567 20.69291338582677 n’y
306.70866141732284 427.18110236220474 26.64566929133858 20.69291338582677 a
317.4803149606299 427.18110236220474 42.803149606299215 20.69291338582677 plus
344.12598425196853 427.18110236220474 53.574803149606296 20.69291338582677 aucune
376.4409448818898 427.18110236220474 64.06299212598425 20.69291338582677 objection.

58.39370078740158 443.90551181102364 141.73228346456693 20.69291338582677 Carron
157.60629921259843 443.90551181102364 183.96850393700788 20.69291338582677 Zucchelli
284.88188976377955 443.90551181102364 127.55905511811024 20.69291338582677 Godenne

58.39370078740158 456.66141732283467 174.61417322834646 20.69291338582677 Padamsee
189.35433070866142 456.66141732283467 160.15748031496062 20.69291338582677 Gasquet
291.11811023622045 456.66141732283467 102.04724409448819 20.69291338582677 Iscan

185.38582677165354 478.7716535433071 86.45669291338582 20.125984251968504 GALERIE
248.31496062992127 478.7716535433071 47.05511811023622 20.125984251968504 DE
263.90551181102364 478.7716535433071 86.45669291338582 20.125984251968504 VENTADOUR

130.96062992125985 490.96062992125985 34.01574803149607 22.96062992125984 9,
147.96850393700788 490.96062992125985 39.68503937007874 22.96062992125984 rue
170.64566929133858 490.96062992125985 39.68503937007874 22.96062992125984 des
193.3228346456693 490.96062992125985 85.03937007874016 22.96062992125984 Beaux-Arts,
261.3543307086614 490.96062992125985 51.023622047244096 22.96062992125984 Paris
295.65354330708664 490.96062992125985 45.354330708661415 22.96062992125984 (6e)
324.0 490.96062992125985 28.346456692913385 22.96062992125984 —
335.33858267716533 490.96062992125985 45.354330708661415 22.96062992125984 ODE.
358.01574803149606 490.96062992125985 45.354330708661415 22.96062992125984 00

151.6535433070866 513.6377952755905 74.83464566929133 18.141732283464567 Exposition
210.61417322834646 513.6377952755905 32.031496062992126 18.141732283464567 du
226.48818897637796 513.6377952755905 26.64566929133858 18.141732283464567 6
237.25984251968504 513.6377952755905 58.67716535433071 18.141732283464567 octobre
280.06299212598424 513.6377952755905 32.031496062992126 18.141732283464567 au
295.93700787401576 513.6377952755905 26.64566929133858 18.141732283464567 6
306.70866141732284 513.6377952755905 64.06299212598425 18.141732283464567 novembre
349.51181102362204 513.6377952755905 37.41732283464567 18.141732283464567 1961.

133.79527559055117 535.4645669291339 77.38582677165354 15.023622047244094 Vernissage
194.45669291338584 535.4645669291339 33.16535433070866 15.023622047244094 le
211.1811023622047 535.4645669291339 66.33070866141732 15.023622047244094 vendredi
260.78740157480314 535.4645669291339 27.77952755905512 15.023622047244094 6
271.84251968503935 535.4645669291339 60.94488188976378 15.023622047244094 octobre
316.06299212598424 535.4645669291339 33.16535433070866 15.023622047244094 de
332.78740157480314 535.4645669291339 33.16535433070866 15.023622047244094 17
349.2283464566929 535.4645669291339 27.77952755905512 15.023622047244094 h
360.2834645669291 535.4645669291339 27.77952755905512 15.023622047244094 à
371.33858267716533 535.4645669291339 33.16535433070866 15.023622047244094 21
382.3937007874016 535.4645669291339 22.11023622047244 15.023622047244094 h.

68.5984251968504 541.9842519685039 40.25196850393701 20.409448818897637 Tous
93.8267716535433 541.9842519685039 35.1496062992126 20.409448818897637 les
113.95275590551181 541.9842519685039 50.45669291338583 20.409448818897637 jours,
149.38582677165354 541.9842519685039 40.25196850393701 20.409448818897637 sauf
174.61417322834646 541.9842519685039 30.330708661417322 20.409448818897637 le
189.63779527559055 541.9842519685039 65.48031496062993 20.409448818897637 dimanche,
240.09448818897638 541.9842519685039 30.330708661417322 20.409448818897637 de
255.11811023622047 541.9842519685039 30.330708661417322 20.409448818897637 10
270.4251968503937 541.9842519685039 25.228346456692915 20.409448818897637 h
280.34645669291336 541.9842519685039 30.330708661417322 20.409448818897637 30
295.65354330708664 541.9842519685039 25.228346456692915 20.409448818897637 à
305.5748031496063 541.9842519685039 30.330708661417322 20.409448818897637 12
320.59842519685037 541.9842519685039 25.228346456692915 20.409448818897637 h
330.8031496062992 541.9842519685039 30.330708661417322 20.409448818897637 30
345.8267716535433 541.9842519685039 30.330708661417322 20.409448818897637 et
361.13385826771656 541.9842519685039 30.330708661417322 20.409448818897637 de
376.15748031496065 541.9842519685039 30.330708661417322 20.409448818897637 14
391.18110236220474 541.9842519685039 25.228346456692915 20.409448818897637 n
401.38582677165357 541.9842519685039 30.330708661417322 20.409448818897637 30
416.40944881889766 541.9842519685039 25.228346456692915 20.409448818897637 à
426.61417322834643 541.9842519685039 30.330708661417322 20.409448818897637 19
441.6377952755906 541.9842519685039 25.228346456692915 20.409448818897637 h
446.74015748031496 541.9842519685039 25.228346456692915 20.409448818897637 30.

420.37795275590554 589.6062992125984 32.031496062992126 16.440944881889763 147
