504.2834645669291 625.6062992125984
416.12598425196853 5.952755905511811 73.98425196850394 22.393700787401574 JAPON

99.21259842519684 134.36220472440945 64.34645669291339 12.472440944881889 Commissaire
150.51968503937007 134.36220472440945 47.05511811023622 12.472440944881889 Général
184.8188976377953 134.36220472440945 21.543307086614174 12.472440944881889 :
193.3228346456693 134.36220472440945 59.811023622047244 12.472440944881889 Toshiro
236.1259842519685 134.36220472440945 38.55118110236221 12.472440944881889 Uno

98.36220472440945 140.03149606299212 69.44881889763779 18.708661417322833 Secrétaire
152.78740157480314 140.03149606299212 74.26771653543307 18.708661417322833 d’Ambassade
212.31496062992127 140.03149606299212 49.60629921259842 18.708661417322833 chargé
246.89763779527559 140.03149606299212 34.58267716535433 18.708661417322833 des
266.74015748031496 140.03149606299212 59.52755905511811 18.708661417322833 Affaires
306.4251968503937 140.03149606299212 64.34645669291339 18.708661417322833 Culturelles

98.64566929133858 153.35433070866142 41.669291338582674 13.88976377952756 près
124.44094488188976 153.35433070866142 77.95275590551181 13.88976377952756 l’Ambassade
186.8031496062992 153.35433070866142 31.181102362204726 13.88976377952756 du
202.39370078740157 153.35433070866142 46.77165354330709 13.88976377952756 Japon
233.5748031496063 153.35433070866142 26.078740157480315 13.88976377952756 à
238.6771653543307 153.35433070866142 41.669291338582674 13.88976377952756 Paris.

53.29133858267716 228.75590551181102 33.16535433070866 17.5748031496063 Il
69.73228346456693 228.75590551181102 38.55118110236221 17.5748031496063 est
91.84251968503936 228.75590551181102 44.22047244094488 17.5748031496063 bien
119.33858267716535 228.75590551181102 33.16535433070866 17.5748031496063 de
136.06299212598427 228.75590551181102 49.60629921259842 17.5748031496063 notre
169.22834645669292 228.75590551181102 55.275590551181104 17.5748031496063 époque
207.7795275590551 228.75590551181102 38.55118110236221 17.5748031496063 que
229.88976377952756 228.75590551181102 38.55118110236221 17.5748031496063 des
252.0 228.75590551181102 66.33070866141732 17.5748031496063 artistes
301.6062992125984 228.75590551181102 33.16535433070866 17.5748031496063 se
318.3307086614173 228.75590551181102 82.77165354330708 17.5748031496063 rencontrent
384.37795275590554 228.75590551181102 44.22047244094488 17.5748031496063 d’un
412.15748031496065 228.75590551181102 44.22047244094488 17.5748031496063 bout
434.26771653543307 228.75590551181102 16.440944881889763 17.5748031496063 à

42.23622047244095 242.64566929133858 60.09448818897638 16.724409448818896 l’autre
85.88976377952756 242.64566929133858 32.59842519685039 16.724409448818896 du
102.04724409448819 242.64566929133858 49.039370078740156 16.724409448818896 monde
134.9291338582677 242.64566929133858 43.653543307086615 16.724409448818896 dans
162.14173228346456 242.64566929133858 32.59842519685039 16.724409448818896 un
178.58267716535434 242.64566929133858 65.48031496062993 16.724409448818896 concours
227.6220472440945 242.64566929133858 70.86614173228347 16.724409448818896 stimulant
282.0472440944882 242.64566929133858 32.59842519685039 16.724409448818896 et
298.48818897637796 242.64566929133858 70.86614173228347 16.724409448818896 fructueux
353.1968503937008 242.64566929133858 49.039370078740156 16.724409448818896 comme
385.79527559055117 242.64566929133858 49.039370078740156 16.724409448818896 celui
418.6771653543307 242.64566929133858 32.59842519685039 16.724409448818896 de
429.4488188976378 242.64566929133858 21.826771653543307 16.724409448818896 la

42.803149606299215 259.0866141732283 26.362204724409448 16.15748031496063 «
53.574803149606296 259.0866141732283 63.496062992125985 16.15748031496063 Biennale
101.19685039370079 259.0866141732283 31.748031496062993 16.15748031496063 de
117.07086614173228 259.0866141732283 47.62204724409449 16.15748031496063 Paris
148.8188976377953 259.0866141732283 31.748031496062993 16.15748031496063 ».
164.69291338582678 259.0866141732283 31.748031496062993 16.15748031496063 Je
180.56692913385828 259.0866141732283 42.51968503937008 16.15748031496063 suis
207.21259842519686 259.0866141732283 42.51968503937008 16.15748031496063 très
233.5748031496063 259.0866141732283 58.39370078740158 16.15748031496063 heureux
276.09448818897636 259.0866141732283 31.748031496062993 16.15748031496063 de
291.9685039370079 259.0866141732283 68.88188976377953 16.15748031496063 présenter
344.9763779527559 259.0866141732283 42.51968503937008 16.15748031496063 dans
371.62204724409446 259.0866141732283 47.62204724409449 16.15748031496063 cette
397.98425196850394 259.0866141732283 53.00787401574803 16.15748031496063 confron-

42.23622047244095 270.1417322834646 50.45669291338583 18.141732283464567 tation
77.66929133858268 270.1417322834646 90.70866141732283 18.141732283464567 internationale
153.35433070866142 270.1417322834646 35.43307086614173 18.141732283464567 nos
173.48031496062993 270.1417322834646 50.45669291338583 18.141732283464567 jeunes
208.62992125984252 270.1417322834646 85.60629921259843 18.141732283464567 représentants
279.21259842519686 270.1417322834646 25.228346456692915 18.141732283464567 —
289.4173228346457 270.1417322834646 45.354330708661415 18.141732283464567 trois
319.748031496063 270.1417322834646 60.37795275590551 18.141732283464567 peintres
365.1023622047244 270.1417322834646 30.330708661417322 18.141732283464567 et
380.12598425196853 270.1417322834646 40.25196850393701 18.141732283464567 sept
400.251968503937 270.1417322834646 50.45669291338583 18.141732283464567 graveurs

41.95275590551181 287.1496062992126 28.346456692913385 13.88976377952756 —
53.29133858267716 287.1496062992126 39.68503937007874 13.88976377952756 qui
75.96850393700787 287.1496062992126 45.63779527559055 13.88976377952756 sont
104.5984251968504 287.1496062992126 51.30708661417323 13.88976377952756 comme
138.61417322834646 287.1496062992126 39.68503937007874 13.88976377952756 des
161.29133858267716 287.1496062992126 73.98425196850394 13.88976377952756 messagers
218.26771653543307 287.1496062992126 62.645669291338585 13.88976377952756 envoyés
263.90551181102364 287.1496062992126 34.01574803149607 13.88976377952756 en
280.9133858267717 287.1496062992126 62.645669291338585 13.88976377952756 mission
326.26771653543307 287.1496062992126 68.31496062992126 13.88976377952756 spéciale
377.5748031496063 287.1496062992126 45.63779527559055 13.88976377952756 pour
400.251968503937 287.1496062992126 51.30708661417323 13.88976377952756 montrer

42.51968503937008 299.62204724409446 60.661417322834644 16.15748031496063 combien
86.45669291338582 299.62204724409446 38.55118110236221 16.15748031496063 les
108.56692913385827 299.62204724409446 99.49606299212599 16.15748031496063 préoccupations
191.6220472440945 299.62204724409446 38.55118110236221 16.15748031496063 des
213.73228346456693 299.62204724409446 55.275590551181104 16.15748031496063 jeunes
252.28346456692913 299.62204724409446 66.33070866141732 16.15748031496063 artistes
302.1732283464567 299.62204724409446 33.16535433070866 16.15748031496063 au
318.61417322834643 299.62204724409446 49.60629921259842 16.15748031496063 Japon
351.7795275590551 299.62204724409446 44.22047244094488 16.15748031496063 sont
379.5590551181102 299.62204724409446 77.38582677165354 16.15748031496063 identiques
434.8346456692913 299.62204724409446 16.440944881889763 16.15748031496063 à

42.803149606299215 309.8267716535433 51.874015748031496 19.275590551181104 celles
79.08661417322834 309.8267716535433 31.181102362204726 19.275590551181104 de
94.39370078740157 309.8267716535433 46.488188976377955 19.275590551181104 leurs
125.5748031496063 309.8267716535433 67.18110236220473 19.275590551181104 confrères
177.16535433070865 309.8267716535433 77.66929133858268 19.275590551181104 occidentaux
239.24409448818898 309.8267716535433 31.181102362204726 19.275590551181104 et
254.83464566929135 309.8267716535433 62.07874015748032 19.275590551181104 pourtant
301.6062992125984 309.8267716535433 56.976377952755904 19.275590551181104 combien
342.99212598425197 309.8267716535433 36.28346456692913 19.275590551181104 les
363.68503937007875 309.8267716535433 67.18110236220473 19.275590551181104 solutions
410.1732283464567 309.8267716535433 41.38582677165354 19.275590551181104 qu’ils

42.803149606299215 323.43307086614175 70.86614173228347 16.15748031496063 proposent
97.22834645669292 323.43307086614175 43.653543307086615 16.15748031496063 sont
124.44094488188976 323.43307086614175 87.30708661417323 16.15748031496063 différentes.
195.59055118110237 323.43307086614175 32.59842519685039 16.15748031496063 En
211.748031496063 323.43307086614175 60.09448818897638 16.15748031496063 Europe,
255.4015748031496 323.43307086614175 32.59842519685039 16.15748031496063 on
271.84251968503935 323.43307086614175 70.86614173228347 16.15748031496063 s’imagine
326.26771653543307 323.43307086614175 60.09448818897638 16.15748031496063 souvent
369.9212598425197 323.43307086614175 49.039370078740156 16.15748031496063 qu’au
402.8031496062992 323.43307086614175 49.039370078740156 16.15748031496063 Japon
430.01574803149606 323.43307086614175 21.826771653543307 16.15748031496063 de

41.95275590551181 339.3070866141732 53.29133858267716 13.88976377952756 jeunes
79.37007874015748 339.3070866141732 63.77952755905512 13.88976377952756 peintres
126.99212598425197 339.3070866141732 32.031496062992126 13.88976377952756 de
143.1496062992126 339.3070866141732 32.031496062992126 13.88976377952756 la
159.0236220472441 339.3070866141732 63.77952755905512 13.88976377952756 nouvelle
206.9291338582677 339.3070866141732 74.55118110236221 13.88976377952756 génération
265.3228346456693 339.3070866141732 42.51968503937008 13.88976377952756 sont
291.9685039370079 339.3070866141732 37.13385826771653 13.88976377952756 mal
313.2283464566929 339.3070866141732 26.64566929133858 13.88976377952756 à
323.7165354330709 339.3070866141732 58.39370078740158 13.88976377952756 l’aise,
366.23622047244095 339.3070866141732 69.16535433070867 13.88976377952756 écartelés
414.1417322834646 339.3070866141732 37.13385826771653 13.88976377952756 comme

43.08661417322835 350.3622047244094 36.28346456692913 16.440944881889763 ils
63.77952755905512 350.3622047244094 41.38582677165354 16.440944881889763 sont
89.5748031496063 350.3622047244094 46.488188976377955 16.440944881889763 entre
120.75590551181102 350.3622047244094 36.28346456692913 16.440944881889763 les
141.4488188976378 350.3622047244094 41.38582677165354 16.440944881889763 deux
167.24409448818898 350.3622047244094 51.874015748031496 16.440944881889763 excès:
203.5275590551181 350.3622047244094 46.488188976377955 16.440944881889763 celui
234.70866141732284 350.3622047244094 31.181102362204726 16.440944881889763 de
250.29921259842519 350.3622047244094 82.77165354330708 16.440944881889763 l’esthétique
317.4803149606299 350.3622047244094 93.25984251968504 16.440944881889763 traditionnelle
395.1496062992126 350.3622047244094 46.488188976377955 16.440944881889763 d’une
420.9448818897638 350.3622047244094 31.181102362204726 16.440944881889763 part

43.08661417322835 364.81889763779526 30.330708661417322 15.874015748031496 et
58.39370078740158 364.81889763779526 45.354330708661415 15.874015748031496 celui
88.44094488188976 364.81889763779526 30.330708661417322 15.874015748031496 de
103.74803149606299 364.81889763779526 75.68503937007874 15.874015748031496 l’influence
164.1259842519685 364.81889763779526 75.68503937007874 15.874015748031496 occidentale
224.78740157480314 364.81889763779526 30.330708661417322 15.874015748031496 de
239.81102362204723 364.81889763779526 60.37795275590551 15.874015748031496 l’autre.
285.1653543307087 364.81889763779526 30.330708661417322 15.874015748031496 Ce
300.18897637795277 364.81889763779526 45.354330708661415 15.874015748031496 point
330.5196850393701 364.81889763779526 30.330708661417322 15.874015748031496 de
345.54330708661416 364.81889763779526 35.43307086614173 15.874015748031496 vue
365.9527559055118 364.81889763779526 35.43307086614173 15.874015748031496 est
386.0787401574803 364.81889763779526 30.330708661417322 15.874015748031496 la
401.1023622047244 364.81889763779526 40.25196850393701 15.874015748031496 fois
421.2283464566929 364.81889763779526 30.330708661417322 15.874015748031496 vrai

43.08661417322835 379.2755905511811 30.614173228346456 14.456692913385826 et
58.39370078740158 379.2755905511811 45.92125984251968 14.456692913385826 faux.
89.00787401574803 379.2755905511811 30.614173228346456 14.456692913385826 Il
104.31496062992126 379.2755905511811 35.71653543307087 14.456692913385826 est
124.7244094488189 379.2755905511811 45.92125984251968 14.456692913385826 vrai,
155.33858267716536 379.2755905511811 30.614173228346456 14.456692913385826 en
170.64566929133858 379.2755905511811 30.614173228346456 14.456692913385826 ce
185.95275590551182 379.2755905511811 45.92125984251968 14.456692913385826 sens,
216.56692913385828 379.2755905511811 45.92125984251968 14.456692913385826 qu’il
247.1811023622047 379.2755905511811 51.023622047244096 14.456692913385826 existe
283.18110236220474 379.2755905511811 30.614173228346456 14.456692913385826 au
298.48818897637796 379.2755905511811 45.92125984251968 14.456692913385826 Japon
329.1023622047244 379.2755905511811 35.71653543307087 14.456692913385826 une
349.51181102362204 379.2755905511811 66.33070866141732 14.456692913385826 puissante
395.43307086614175 379.2755905511811 56.125984251968504 14.456692913385826 tradition

42.51968503937008 388.06299212598424 77.38582677165354 17.007874015748033 artistique
103.46456692913385 388.06299212598424 55.275590551181104 17.007874015748033 encore
142.29921259842519 388.06299212598424 60.94488188976378 17.007874015748033 vivante
186.51968503937007 388.06299212598424 27.77952755905512 17.007874015748033 —
197.5748031496063 388.06299212598424 88.7244094488189 17.007874015748033 heureusement
269.5748031496063 388.06299212598424 27.77952755905512 17.007874015748033 —
280.62992125984255 388.06299212598424 33.16535433070866 17.007874015748033 et
297.3543307086614 388.06299212598424 49.889763779527556 17.007874015748033 qu’en
330.5196850393701 388.06299212598424 44.22047244094488 17.007874015748033 même
358.2992125984252 388.06299212598424 49.889763779527556 17.007874015748033 temps
391.46456692913387 388.06299212598424 38.83464566929134 17.007874015748033 nos
408.18897637795277 388.06299212598424 44.22047244094488 17.007874015748033 jeunes

42.51968503937008 402.23622047244095 65.48031496062993 17.5748031496063 artistes
91.55905511811024 402.23622047244095 43.653543307086615 17.5748031496063 sont
118.77165354330708 402.23622047244095 81.92125984251969 17.5748031496063 extrêmement
184.251968503937 402.23622047244095 70.86614173228347 17.5748031496063 sensibles
238.96062992125985 402.23622047244095 27.212598425196852 17.5748031496063 à
249.73228346456693 402.23622047244095 43.653543307086615 17.5748031496063 tout
276.9448818897638 402.23622047244095 32.59842519685039 17.5748031496063 ce
293.38582677165357 402.23622047244095 38.267716535433074 17.5748031496063 qui
315.21259842519686 402.23622047244095 32.59842519685039 17.5748031496063 se
331.65354330708664 402.23622047244095 49.039370078740156 17.5748031496063 passe
364.251968503937 402.23622047244095 32.59842519685039 17.5748031496063 en
380.6929133858268 402.23622047244095 54.425196850393704 17.5748031496063 Europe
418.96062992125985 402.23622047244095 32.59842519685039 17.5748031496063 et
429.73228346456693 402.23622047244095 21.826771653543307 17.5748031496063 en

43.08661417322835 417.54330708661416 70.86614173228347 14.740157480314961 Amérique.
97.51181102362204 417.54330708661416 49.039370078740156 14.740157480314961 Mais,
130.39370078740157 417.54330708661416 43.653543307086615 14.740157480314961 loin
157.60629921259843 417.54330708661416 76.53543307086615 14.740157480314961 d’entraver
217.70078740157481 417.54330708661416 49.039370078740156 14.740157480314961 leurs
250.58267716535434 417.54330708661416 76.53543307086615 14.740157480314961 activités,
310.3937007874016 417.54330708661416 38.267716535433074 14.740157480314961 ces
332.2204724409449 417.54330708661416 49.039370078740156 14.740157480314961 excès
365.1023622047244 417.54330708661416 76.53543307086615 14.740157480314961 chaotiques
419.5275590551181 417.54330708661416 32.881889763779526 14.740157480314961 sont

44.503937007874015 429.1653543307087 64.62992125984252 15.590551181102363 d’heureux
94.39370078740157 429.1653543307087 69.73228346456693 15.590551181102363 stimulants
149.10236220472441 429.1653543307087 39.68503937007874 15.590551181102363 pour
174.04724409448818 429.1653543307087 34.86614173228347 15.590551181102363 nos
193.88976377952756 429.1653543307087 49.60629921259842 15.590551181102363 jeunes
228.75590551181102 429.1653543307087 64.62992125984252 15.590551181102363 peintres,
278.3622047244094 429.1653543307087 34.86614173228347 15.590551181102363 qui
298.20472440944883 429.1653543307087 24.944881889763778 15.590551181102363 y
308.12598425196853 429.1653543307087 54.70866141732284 15.590551181102363 puisent
348.09448818897636 429.1653543307087 49.60629921259842 15.590551181102363 chacun
382.6771653543307 429.1653543307087 29.763779527559056 15.590551181102363 la
392.59842519685037 429.1653543307087 59.811023622047244 15.590551181102363 nourriture

43.08661417322835 442.20472440944883 76.53543307086615 15.874015748031496 convenable
103.18110236220473 442.20472440944883 43.653543307086615 15.874015748031496 pour
130.39370078740157 442.20472440944883 76.53543307086615 15.874015748031496 développer
190.48818897637796 442.20472440944883 76.53543307086615 15.874015748031496 pleinement
250.58267716535434 442.20472440944883 43.653543307086615 15.874015748031496 leur
277.79527559055117 442.20472440944883 92.69291338582677 15.874015748031496 personnalité.
354.0472440944882 442.20472440944883 38.267716535433074 15.874015748031496 Car
375.87401574803147 442.20472440944883 49.039370078740156 15.874015748031496 c’est
408.755905511811 442.20472440944883 43.653543307086615 15.874015748031496 bien
430.5826771653543 442.20472440944883 21.826771653543307 15.874015748031496 la

43.93700787401575 457.2283464566929 80.78740157480316 14.173228346456693 personnalité
109.41732283464567 457.2283464566929 65.48031496062993 14.173228346456693 originale
159.8740157480315 457.2283464566929 35.43307086614173 14.173228346456693 des
180.0 457.2283464566929 60.37795275590551 14.173228346456693 artistes
225.63779527559055 457.2283464566929 35.43307086614173 14.173228346456693 qui
245.76377952755905 457.2283464566929 55.55905511811024 14.173228346456693 compte.
286.01574803149606 457.2283464566929 60.37795275590551 14.173228346456693 Laissons
331.37007874015745 457.2283464566929 40.25196850393701 14.173228346456693 donc
356.59842519685037 457.2283464566929 30.330708661417322 14.173228346456693 de
371.62204724409446 457.2283464566929 40.25196850393701 14.173228346456693 côté
396.8503937007874 457.2283464566929 30.330708661417322 14.173228346456693 de
407.0551181102362 457.2283464566929 45.354330708661415 14.173228346456693 faciles

43.37007874015748 468.8503937007874 74.55118110236221 14.173228346456693 imitations
102.04724409448819 468.8503937007874 37.13385826771653 14.173228346456693 que
123.30708661417323 468.8503937007874 42.51968503937008 14.173228346456693 l’on
149.66929133858267 468.8503937007874 53.29133858267716 14.173228346456693 trouve
187.08661417322836 468.8503937007874 63.77952755905512 14.173228346456693 toujours
234.70866141732284 468.8503937007874 63.77952755905512 14.173228346456693 partout;
282.61417322834643 468.8503937007874 63.77952755905512 14.173228346456693 laissons
330.5196850393701 468.8503937007874 69.16535433070867 14.173228346456693 également
383.5275590551181 468.8503937007874 37.13385826771653 14.173228346456693 cet
399.68503937007875 468.8503937007874 53.29133858267716 14.173228346456693 exotisme

43.653543307086615 479.90551181102364 32.31496062992126 17.291338582677167 un
59.811023622047244 479.90551181102364 37.7007874015748 17.291338582677167 peu
81.35433070866142 479.90551181102364 59.24409448818898 17.291338582677167 pompeux
124.44094488188976 479.90551181102364 37.7007874015748 17.291338582677167 qui
145.98425196850394 479.90551181102364 64.62992125984252 17.291338582677167 convient
194.17322834645668 479.90551181102364 43.08661417322835 17.291338582677167 plus
221.10236220472441 479.90551181102364 32.31496062992126 17.291338582677167 au
237.25984251968504 479.90551181102364 64.62992125984252 17.291338582677167 tourisme
285.73228346456693 479.90551181102364 43.08661417322835 17.291338582677167 qu’à
312.66141732283467 479.90551181102364 53.85826771653543 17.291338582677167 l’art.
350.3622047244094 479.90551181102364 53.85826771653543 17.291338582677167 Alors,
387.7795275590551 479.90551181102364 43.08661417322835 17.291338582677167 vous
409.3228346456693 479.90551181102364 43.08661417322835 17.291338582677167 verrez

43.93700787401575 496.62992125984255 38.267716535433074 14.173228346456693 que
65.76377952755905 496.62992125984255 38.267716535433074 14.173228346456693 nos
87.59055118110236 496.62992125984255 65.48031496062993 14.173228346456693 artistes
136.62992125984252 496.62992125984255 43.653543307086615 14.173228346456693 sont
163.84251968503938 496.62992125984255 49.039370078740156 14.173228346456693 aussi
196.44094488188978 496.62992125984255 54.425196850393704 14.173228346456693 hardis
234.70866141732284 496.62992125984255 43.653543307086615 14.173228346456693 dans
261.9212598425197 496.62992125984255 43.653543307086615 14.173228346456693 leur
289.13385826771656 496.62992125984255 70.86614173228347 14.173228346456693 aventure,
343.5590551181102 496.62992125984255 49.039370078740156 14.173228346456693 aussi
376.4409448818898 496.62992125984255 65.48031496062993 14.173228346456693 sincères
420.09448818897636 496.62992125984255 32.59842519685039 14.173228346456693 dans

43.93700787401575 508.251968503937 46.488188976377955 16.724409448818896 leurs
74.83464566929133 508.251968503937 72.56692913385827 16.724409448818896 recherches
131.81102362204723 508.251968503937 31.181102362204726 16.724409448818896 et
147.4015748031496 508.251968503937 46.488188976377955 16.724409448818896 aussi
178.58267716535434 508.251968503937 67.46456692913385 16.724409448818896 créateurs
230.17322834645668 508.251968503937 41.38582677165354 16.724409448818896 dans
256.251968503937 508.251968503937 41.38582677165354 16.724409448818896 leur
282.0472440944882 508.251968503937 56.976377952755904 16.724409448818896 travail
323.43307086614175 508.251968503937 36.28346456692913 16.724409448818896 que
344.12598425196853 508.251968503937 36.28346456692913 16.724409448818896 les
364.81889763779526 508.251968503937 62.07874015748032 16.724409448818896 artistes
406.48818897637796 508.251968503937 46.488188976377955 16.724409448818896 contem-

43.37007874015748 521.8582677165355 64.34645669291339 16.15748031496063 porains
90.14173228346456 521.8582677165355 35.1496062992126 16.15748031496063 de
101.76377952755905 521.8582677165355 75.96850393700787 16.15748031496063 l’Occident.

373.8897637795276 546.8031496062993 66.89763779527559 27.77952755905512 Toshiro
416.40944881889766 546.8031496062993 36.56692913385827 27.77952755905512 Uno.

403.0866141732283 601.2283464566929 27.212598425196852 17.5748031496063 71
