515.3385826771654 625.6062992125984
51.30708661417323 2.5511811023622046 58.67716535433071 21.543307086614174 CHILI

148.8188976377953 104.88188976377953 63.21259842519685 16.440944881889763 Commissaire
199.2755905511811 104.88188976377953 46.20472440944882 16.440944881889763 Général
233.00787401574803 104.88188976377953 20.976377952755904 16.440944881889763 :
241.51181102362204 104.88188976377953 50.45669291338583 16.440944881889763 Jorge
279.496062992126 104.88188976377953 54.70866141732284 16.440944881889763 Caballero
317.4803149606299 104.88188976377953 50.45669291338583 16.440944881889763 Cristi

149.38582677165354 118.77165354330708 56.125984251968504 12.188976377952756 Directeur
192.4724409448819 118.77165354330708 25.79527559055118 12.188976377952756 de
200.9763779527559 118.77165354330708 51.874015748031496 12.188976377952756 l’Institut

148.8188976377953 125.00787401574803 37.98425196850393 17.007874015748033 pour
172.62992125984252 125.00787401574803 71.14960629921259 17.007874015748033 l’Extension
229.3228346456693 125.00787401574803 33.16535433070866 17.007874015748033 des
248.31496062992127 125.00787401574803 37.98425196850393 17.007874015748033 Arts
267.3070866141732 125.00787401574803 61.511811023622045 17.007874015748033 Plastiques.

103.18110236220473 187.93700787401573 73.98425196850394 24.944881889763778 L’Institut
161.29133858267716 187.93700787401573 42.23622047244095 24.944881889763778 pour
187.6535433070866 187.93700787401573 79.08661417322834 24.944881889763778 l’Extension
251.1496062992126 187.93700787401573 36.8503937007874 24.944881889763778 des
272.12598425196853 187.93700787401573 42.23622047244095 24.944881889763778 Arts
298.7716535433071 187.93700787401573 73.98425196850394 24.944881889763778 Plastiques
356.59842519685037 187.93700787401573 31.748031496062993 24.944881889763778 de
372.4724409448819 187.93700787401573 84.4724409448819 24.944881889763778 l’Université
441.07086614173227 187.93700787401573 31.748031496062993 24.944881889763778 du
451.84251968503935 187.93700787401573 36.8503937007874 24.944881889763778 Chili

93.25984251968504 208.62992125984252 37.41732283464567 17.007874015748033 est
114.80314960629921 208.62992125984252 80.22047244094489 17.007874015748033 l’organisme
178.86614173228347 208.62992125984252 64.06299212598425 17.007874015748033 officiel
226.77165354330708 208.62992125984252 58.67716535433071 17.007874015748033 chargé,
269.5748031496063 208.62992125984252 42.803149606299215 17.007874015748033 dans
296.2204724409449 208.62992125984252 32.031496062992126 17.007874015748033 le
312.37795275590554 208.62992125984252 58.67716535433071 17.007874015748033 domaine
355.18110236220474 208.62992125984252 80.22047244094489 17.007874015748033 artistique,
419.244094488189 208.62992125984252 37.41732283464567 17.007874015748033 des
435.40157480314963 208.62992125984252 53.29133858267716 17.007874015748033 échanges

93.25984251968504 224.78740157480314 66.89763779527559 13.606299212598426 culturels
144.56692913385828 224.78740157480314 41.10236220472441 13.606299212598426 avec
170.36220472440945 224.78740157480314 77.10236220472441 13.606299212598426 l’étranger.
231.8740157480315 224.78740157480314 51.30708661417323 13.606299212598426 Ainsi,
267.87401574803147 224.78740157480314 41.10236220472441 13.606299212598426 pour
293.6692913385827 224.78740157480314 30.89763779527559 13.606299212598426 la
308.9763779527559 224.78740157480314 56.40944881889764 13.606299212598426 seconde
350.0787401574803 224.78740157480314 46.20472440944882 13.606299212598426 fois,
380.9763779527559 224.78740157480314 72.0 13.606299212598426 l’Institut
437.6692913385827 224.78740157480314 25.79527559055118 13.606299212598426 a
447.87401574803147 224.78740157480314 41.10236220472441 13.606299212598426 reçu
468.2834645669291 224.78740157480314 20.69291338582677 13.606299212598426 la

93.8267716535433 238.96062992125985 60.37795275590551 14.173228346456693 mission
137.76377952755905 238.96062992125985 32.881889763779526 14.173228346456693 de
154.20472440944883 238.96062992125985 60.37795275590551 14.173228346456693 choisir
198.14173228346456 238.96062992125985 38.55118110236221 14.173228346456693 les
219.96850393700788 238.96062992125985 54.99212598425197 14.173228346456693 œuvres
258.5196850393701 238.96062992125985 38.55118110236221 14.173228346456693 qui
280.62992125984255 238.96062992125985 98.92913385826772 14.173228346456693 représenteront
362.8346456692913 238.96062992125985 32.881889763779526 14.173228346456693 le
379.2755905511811 238.96062992125985 49.32283464566929 14.173228346456693 Chili
412.4409448818898 238.96062992125985 27.496062992125985 14.173228346456693 à
423.21259842519686 238.96062992125985 32.881889763779526 14.173228346456693 la
434.26771653543307 238.96062992125985 54.99212598425197 14.173228346456693 deuxième

93.54330708661418 250.58267716535434 63.21259842519685 16.15748031496063 Biennale
141.16535433070865 250.58267716535434 31.748031496062993 16.15748031496063 de
151.6535433070866 250.58267716535434 42.23622047244095 16.15748031496063 Paris.

102.61417322834646 257.1023622047244 30.614173228346456 28.062992125984252 Un
117.92125984251969 257.1023622047244 40.818897637795274 28.062992125984252 jury
143.43307086614172 257.1023622047244 25.511811023622048 28.062992125984252 a
153.63779527559055 257.1023622047244 35.71653543307087 28.062992125984252 été
174.04724409448818 257.1023622047244 71.43307086614173 28.062992125984252 constitué,
229.88976377952756 257.1023622047244 56.125984251968504 28.062992125984252 composé
270.70866141732284 257.1023622047244 30.614173228346456 28.062992125984252 du
286.01574803149606 257.1023622047244 66.33070866141732 28.062992125984252 Directeur
337.03937007874015 257.1023622047244 30.614173228346456 28.062992125984252 de
352.34645669291336 257.1023622047244 45.92125984251968 28.062992125984252 notre
382.96062992125985 257.1023622047244 66.33070866141732 28.062992125984252 Institut,
433.7007874015748 257.1023622047244 30.614173228346456 28.062992125984252 le
443.90551181102364 257.1023622047244 45.92125984251968 28.062992125984252 peintre

92.97637795275591 280.62992125984255 47.62204724409449 17.5748031496063 Jorge
124.7244094488189 280.62992125984255 73.98425196850394 17.5748031496063 Caballero,
183.11811023622047 280.62992125984255 31.748031496062993 17.5748031496063 du
198.99212598425197 280.62992125984255 58.110236220472444 17.5748031496063 peintre
241.22834645669292 280.62992125984255 53.00787401574803 17.5748031496063 Sergio
278.3622047244094 280.62992125984255 73.98425196850394 17.5748031496063 Montecino,
336.4724409448819 280.62992125984255 73.98425196850394 17.5748031496063 Secrétaire
394.5826771653543 280.62992125984255 31.748031496062993 17.5748031496063 de
410.45669291338584 280.62992125984255 31.748031496062993 17.5748031496063 la
426.3307086614173 280.62992125984255 58.110236220472444 17.5748031496063 Faculté
463.46456692913387 280.62992125984255 26.362204724409448 17.5748031496063 des

93.25984251968504 295.65354330708664 78.23622047244095 14.173228346456693 Beaux-Arts,
155.6220472440945 295.65354330708664 47.05511811023622 14.173228346456693 ainsi
187.08661417322836 295.65354330708664 36.56692913385827 14.173228346456693 que
207.7795275590551 295.65354330708664 36.56692913385827 14.173228346456693 des
228.75590551181102 295.65354330708664 88.7244094488189 14.173228346456693 représentants
301.8897637795276 295.65354330708664 36.56692913385827 14.173228346456693 des
322.5826771653543 295.65354330708664 78.23622047244095 14.173228346456693 différentes
385.2283464566929 295.65354330708664 83.33858267716535 14.173228346456693 associations
447.87401574803147 295.65354330708664 41.669291338582674 14.173228346456693 artis-

92.69291338582677 308.9763779527559 52.15748031496063 19.275590551181104 tiques
129.25984251968504 308.9763779527559 31.46456692913386 19.275590551181104 du
144.8503937007874 308.9763779527559 47.05511811023622 19.275590551181104 Chili
176.31496062992127 308.9763779527559 26.078740157480315 19.275590551181104 :
186.51968503937007 308.9763779527559 31.46456692913386 19.275590551181104 M.
202.39370078740157 308.9763779527559 47.05511811023622 19.275590551181104 Pedro
233.5748031496063 308.9763779527559 62.645669291338585 19.275590551181104 Labowitz
280.62992125984255 308.9763779527559 41.95275590551181 19.275590551181104 pour
306.99212598425197 308.9763779527559 31.46456692913386 19.275590551181104 le
322.5826771653543 308.9763779527559 26.078740157480315 19.275590551181104 «
333.07086614173227 308.9763779527559 52.15748031496063 19.275590551181104 Cercle
369.6377952755906 308.9763779527559 36.56692913385827 19.275590551181104 des
390.61417322834643 308.9763779527559 68.03149606299213 19.275590551181104 Critiques
442.7716535433071 308.9763779527559 47.05511811023622 19.275590551181104 d’Art
468.8503937007874 308.9763779527559 20.976377952755904 19.275590551181104 »,

92.69291338582677 320.88188976377955 32.59842519685039 21.543307086614174 M.
108.85039370078741 320.88188976377955 43.653543307086615 21.543307086614174 José
136.3464566929134 320.88188976377955 59.811023622047244 21.543307086614174 Caracci
179.71653543307087 320.88188976377955 43.653543307086615 21.543307086614174 pour
206.9291338582677 320.88188976377955 32.59842519685039 21.543307086614174 la
223.37007874015748 320.88188976377955 27.212598425196852 21.543307086614174 «
234.4251968503937 320.88188976377955 59.811023622047244 21.543307086614174 Société
277.79527559055117 320.88188976377955 70.86614173228347 21.543307086614174 Nationale
332.503937007874 320.88188976377955 38.267716535433074 21.543307086614174 des
354.0472440944882 320.88188976377955 76.25196850393701 21.543307086614174 Beaux-Arts
414.1417322834646 320.88188976377955 32.59842519685039 21.543307086614174 »,
430.5826771653543 320.88188976377955 38.267716535433074 21.543307086614174 Mme
446.74015748031496 320.88188976377955 43.653543307086615 21.543307086614174 Maruja

93.54330708661418 335.90551181102364 52.15748031496063 19.559055118110237 Pinedo
130.11023622047244 335.90551181102364 41.95275590551181 19.559055118110237 pour
156.18897637795277 335.90551181102364 36.56692913385827 19.559055118110237 l’«
177.16535433070865 335.90551181102364 78.51968503937007 19.559055118110237 Association
239.81102362204723 335.90551181102364 36.56692913385827 19.559055118110237 des
260.78740157480314 335.90551181102364 62.645669291338585 19.559055118110237 Peintres
307.84251968503935 335.90551181102364 31.46456692913386 19.559055118110237 et
323.43307086614175 335.90551181102364 73.13385826771653 19.559055118110237 Sculpteurs
375.59055118110234 335.90551181102364 20.976377952755904 19.559055118110237 ».

101.76377952755905 352.9133858267717 32.031496062992126 17.858267716535433 Ce
117.92125984251969 352.9133858267717 42.51968503937008 17.858267716535433 jury
144.56692913385828 352.9133858267717 26.64566929133858 17.858267716535433 a
155.0551181102362 352.9133858267717 64.06299212598425 17.858267716535433 organisé
202.96062992125985 352.9133858267717 32.031496062992126 17.858267716535433 un
219.11811023622047 352.9133858267717 64.06299212598425 17.858267716535433 concours
267.0236220472441 352.9133858267717 58.67716535433071 17.858267716535433 public,
309.54330708661416 352.9133858267717 53.29133858267716 17.858267716535433 ouvert
346.96062992125985 352.9133858267717 26.64566929133858 17.858267716535433 à
357.4488188976378 352.9133858267717 42.51968503937008 17.858267716535433 tous
384.09448818897636 352.9133858267717 37.41732283464567 17.858267716535433 les
405.3543307086614 352.9133858267717 53.29133858267716 17.858267716535433 jeunes
437.38582677165357 352.9133858267717 53.29133858267716 17.858267716535433 artistes

92.97637795275591 368.78740157480314 66.33070866141732 17.858267716535433 répondant
144.0 368.78740157480314 35.71653543307087 17.858267716535433 aux
164.40944881889763 368.78740157480314 71.43307086614173 17.858267716535433 conditions
220.251968503937 368.78740157480314 51.023622047244096 17.858267716535433 posées
255.96850393700788 368.78740157480314 35.71653543307087 17.858267716535433 par
276.37795275590554 368.78740157480314 30.614173228346456 17.858267716535433 le
291.68503937007875 368.78740157480314 66.33070866141732 17.858267716535433 règlement
342.70866141732284 368.78740157480314 30.614173228346456 17.858267716535433 de
358.01574803149606 368.78740157480314 30.614173228346456 17.858267716535433 la
373.3228346456693 368.78740157480314 66.33070866141732 17.858267716535433 Biennale:
424.06299212598424 368.78740157480314 35.71653543307087 17.858267716535433 120
439.37007874015745 368.78740157480314 51.023622047244096 17.858267716535433 peintres

92.69291338582677 381.25984251968504 25.79527559055118 18.992125984251967 y
102.89763779527559 381.25984251968504 36.28346456692913 18.992125984251967 ont
123.59055118110236 381.25984251968504 67.18110236220473 18.992125984251967 participé
175.46456692913387 381.25984251968504 41.38582677165354 18.992125984251967 avec
201.25984251968504 381.25984251968504 36.28346456692913 18.992125984251967 223
221.95275590551182 381.25984251968504 56.976377952755904 18.992125984251967 œuvres.
263.33858267716533 381.25984251968504 46.488188976377955 18.992125984251967 L’art
294.5196850393701 381.25984251968504 62.07874015748032 18.992125984251967 abstrait
341.00787401574803 381.25984251968504 31.181102362204726 18.992125984251967 et
356.59842519685037 381.25984251968504 36.28346456692913 18.992125984251967 non
377.29133858267716 381.25984251968504 67.18110236220473 18.992125984251967 figuratif
423.7795275590551 381.25984251968504 67.18110236220473 18.992125984251967 l’emportait

92.40944881889764 396.56692913385825 70.01574803149606 17.007874015748033 nettement
146.26771653543307 396.56692913385825 43.08661417322835 17.007874015748033 dans
173.1968503937008 396.56692913385825 37.7007874015748 17.007874015748033 ces
194.74015748031496 396.56692913385825 53.85826771653543 17.007874015748033 envois
232.15748031496062 396.56692913385825 37.7007874015748 17.007874015748033 sur
253.70078740157481 396.56692913385825 37.7007874015748 17.007874015748033 les
275.244094488189 396.56692913385825 53.85826771653543 17.007874015748033 autres
312.9448818897638 396.56692913385825 75.4015748031496 17.007874015748033 tendances,
372.18897637795277 396.56692913385825 53.85826771653543 17.007874015748033 allant
409.6062992125984 396.56692913385825 32.31496062992126 17.007874015748033 du
425.76377952755905 396.56692913385825 64.62992125984252 17.007874015748033 réalisme
468.8503937007874 396.56692913385825 21.543307086614174 17.007874015748033 le

92.69291338582677 410.45669291338584 41.38582677165354 17.291338582677167 plus
118.48818897637796 410.45669291338584 51.874015748031496 17.291338582677167 strict
154.77165354330708 410.45669291338584 31.181102362204726 17.291338582677167 au
170.36220472440945 410.45669291338584 124.44094488188976 17.291338582677167 post-impressionnisme
279.21259842519686 410.45669291338584 31.181102362204726 17.291338582677167 et
289.4173228346457 410.45669291338584 51.874015748031496 17.291338582677167 au

101.48031496062993 421.2283464566929 38.55118110236221 21.826771653543307 Les
123.30708661417323 421.2283464566929 54.99212598425197 21.826771653543307 œuvres
161.85826771653544 421.2283464566929 65.76377952755905 21.826771653543307 retenues
211.1811023622047 421.2283464566929 76.81889763779527 21.826771653543307 traduisent
271.5590551181102 421.2283464566929 38.55118110236221 21.826771653543307 les
293.38582677165357 421.2283464566929 71.43307086614173 21.826771653543307 problèmes
348.37795275590554 421.2283464566929 82.20472440944881 21.826771653543307 esthétiques
414.1417322834646 421.2283464566929 38.55118110236221 21.826771653543307 qui
435.9685039370079 421.2283464566929 32.881889763779526 21.826771653543307 se
447.0236220472441 421.2283464566929 43.93700787401575 21.826771653543307 posent

92.69291338582677 439.0866141732283 73.7007874015748 20.69291338582677 aujourd’hui
151.6535433070866 439.0866141732283 24.661417322834644 20.69291338582677 à
161.5748031496063 439.0866141732283 44.22047244094488 20.69291338582677 notre
191.0551181102362 439.0866141732283 64.06299212598425 20.69291338582677 jeunesse;
240.09448818897638 439.0866141732283 44.22047244094488 20.69291338582677 elles
269.5748031496063 439.0866141732283 39.40157480314961 20.69291338582677 sont
294.23622047244095 439.0866141732283 29.480314960629922 20.69291338582677 le
308.9763779527559 439.0866141732283 49.32283464566929 20.69291338582677 reflet
343.5590551181102 439.0866141732283 29.480314960629922 20.69291338582677 de
358.2992125984252 439.0866141732283 78.80314960629921 20.69291338582677 l’inquiétude
422.0787401574803 439.0866141732283 34.2992125984252 20.69291338582677 qui
441.9212598425197 439.0866141732283 34.2992125984252 20.69291338582677 lui
456.66141732283467 439.0866141732283 34.2992125984252 20.69291338582677 dicte

92.69291338582677 451.5590551181102 30.330708661417322 23.811023622047244 la
108.0 451.5590551181102 65.76377952755905 23.811023622047244 diversité
158.45669291338584 451.5590551181102 30.330708661417322 23.811023622047244 de
173.48031496062993 451.5590551181102 35.43307086614173 23.811023622047244 son
193.60629921259843 451.5590551181102 55.55905511811024 23.811023622047244 langage
234.14173228346456 451.5590551181102 55.55905511811024 23.811023622047244 formel.
274.3937007874016 451.5590551181102 40.25196850393701 23.811023622047244 Bien
299.62204724409446 451.5590551181102 35.43307086614173 23.811023622047244 que
320.0314960629921 451.5590551181102 35.43307086614173 23.811023622047244 non
340.15748031496065 451.5590551181102 80.78740157480316 23.811023622047244 figuratives,
405.6377952755906 451.5590551181102 30.330708661417322 23.811023622047244 on
420.9448818897638 451.5590551181102 45.354330708661415 23.811023622047244 voit,
451.2755905511811 451.5590551181102 35.43307086614173 23.811023622047244 par
466.2992125984252 451.5590551181102 25.228346456692915 23.811023622047244 les

92.40944881889764 467.43307086614175 79.65354330708661 17.858267716535433 différences
156.18897637795277 467.43307086614175 37.13385826771653 17.858267716535433 qui
177.4488188976378 467.43307086614175 37.13385826771653 17.858267716535433 les
198.70866141732284 467.43307086614175 69.16535433070867 17.858267716535433 séparent,
252.0 467.43307086614175 63.77952755905512 17.858267716535433 qu’elles
299.90551181102364 467.43307086614175 32.031496062992126 17.858267716535433 ne
315.7795275590551 467.43307086614175 63.77952755905512 17.858267716535433 relèvent
363.68503937007875 467.43307086614175 32.031496062992126 17.858267716535433 ni
379.5590551181102 467.43307086614175 42.51968503937008 17.858267716535433 d’un
406.20472440944883 467.43307086614175 42.51968503937008 17.858267716535433 même
432.8503937007874 467.43307086614175 58.39370078740158 17.858267716535433 concept
469.98425196850394 467.43307086614175 21.25984251968504 17.858267716535433 ni

92.40944881889764 479.33858267716533 49.32283464566929 17.5748031496063 d’une
125.29133858267717 479.33858267716533 60.37795275590551 17.5748031496063 formule
163.84251968503938 479.33858267716533 49.32283464566929 17.5748031496063 unique.

101.19685039370079 493.2283464566929 53.574803149606296 23.244094488188978 Toutes
138.61417322834646 493.2283464566929 42.803149606299215 23.244094488188978 sont
165.54330708661416 493.2283464566929 85.60629921259843 23.244094488188978 l’expression
234.99212598425197 493.2283464566929 32.031496062992126 23.244094488188978 la
251.1496062992126 493.2283464566929 42.803149606299215 23.244094488188978 plus
277.79527559055117 493.2283464566929 53.574803149606296 23.244094488188978 exacte
315.21259842519686 493.2283464566929 32.031496062992126 23.244094488188978 de
331.37007874015745 493.2283464566929 32.031496062992126 23.244094488188978 la
347.244094488189 493.2283464566929 64.34645669291339 23.244094488188978 position
395.43307086614175 493.2283464566929 64.34645669291339 23.244094488188978 actuelle
443.62204724409446 493.2283464566929 32.031496062992126 23.244094488188978 de
454.3937007874016 493.2283464566929 37.41732283464567 23.244094488188978 l’art

92.69291338582677 509.9527559055118 61.511811023622045 17.5748031496063 chilien,
138.61417322834646 509.9527559055118 35.71653543307087 17.5748031496063 tel
159.30708661417322 509.9527559055118 35.71653543307087 17.5748031496063 que
179.71653543307087 509.9527559055118 35.71653543307087 17.5748031496063 nos
200.1259842519685 509.9527559055118 51.30708661417323 17.5748031496063 jeunes
235.84251968503938 509.9527559055118 61.511811023622045 17.5748031496063 artistes
282.0472440944882 509.9527559055118 30.614173228346456 17.5748031496063 le
297.3543307086614 509.9527559055118 71.71653543307086 17.5748031496063 conçoivent
353.76377952755905 509.9527559055118 30.614173228346456 17.5748031496063 et
369.07086614173227 509.9527559055118 30.614173228346456 17.5748031496063 le
384.37795275590554 509.9527559055118 56.40944881889764 17.5748031496063 créent.
425.1968503937008 509.9527559055118 30.614173228346456 17.5748031496063 Le
440.503937007874 509.9527559055118 40.818897637795274 17.5748031496063 fait
461.1968503937008 509.9527559055118 30.614173228346456 17.5748031496063 même

93.54330708661418 524.1259842519685 36.56692913385827 18.141732283464567 que
114.23622047244095 524.1259842519685 68.03149606299213 18.141732283464567 plusieurs
166.6771653543307 524.1259842519685 57.54330708661417 18.141732283464567 d’entre
208.62992125984252 524.1259842519685 36.56692913385827 18.141732283464567 eux
229.60629921259843 524.1259842519685 89.00787401574803 18.141732283464567 appartiennent
303.0236220472441 524.1259842519685 26.078740157480315 18.141732283464567 à
313.51181102362204 524.1259842519685 57.54330708661417 18.141732283464567 l’Ecole
355.46456692913387 524.1259842519685 36.56692913385827 18.141732283464567 des
376.4409448818898 524.1259842519685 73.41732283464567 18.141732283464567 Beaux-Arts
434.26771653543307 524.1259842519685 26.078740157480315 18.141732283464567 à
444.755905511811 524.1259842519685 47.05511811023622 18.141732283464567 titre
470.8346456692913 524.1259842519685 20.976377952755904 18.141732283464567 de

93.25984251968504 538.0157480314961 76.53543307086615 20.69291338582677 professeurs
154.48818897637796 538.0157480314961 30.614173228346456 20.69291338582677 ou
169.79527559055117 538.0157480314961 81.63779527559055 20.69291338582677 d’assistants
236.40944881889763 538.0157480314961 35.71653543307087 20.69291338582677 est
256.81889763779526 538.0157480314961 30.614173228346456 20.69291338582677 la
272.12598425196853 538.0157480314961 51.023622047244096 20.69291338582677 preuve
307.84251968503935 538.0157480314961 30.614173228346456 20.69291338582677 de
323.1496062992126 538.0157480314961 30.614173228346456 20.69291338582677 la
338.45669291338584 538.0157480314961 61.22834645669291 20.69291338582677 vitalité
384.37795275590554 538.0157480314961 35.71653543307087 20.69291338582677 qui
405.07086614173227 538.0157480314961 51.023622047244096 20.69291338582677 anime,
440.78740157480314 538.0157480314961 30.614173228346456 20.69291338582677 de
450.99212598425197 538.0157480314961 40.818897637795274 20.69291338582677 maître

93.54330708661418 551.6220472440945 24.661417322834644 23.244094488188978 à
103.18110236220473 551.6220472440945 49.60629921259842 23.244094488188978 élève,
138.04724409448818 551.6220472440945 44.503937007874015 23.244094488188978 l’art
167.81102362204723 551.6220472440945 29.763779527559056 23.244094488188978 de
182.5511811023622 551.6220472440945 44.503937007874015 23.244094488188978 notre
207.49606299212599 551.6220472440945 34.58267716535433 23.244094488188978 pays.

104.5984251968504 594.992125984252 28.346456692913385 17.858267716535433 26
