483.0236220472441 625.6062992125984
363.9685039370079 4.535433070866142 109.98425196850394 22.677165354330707 ARGENTINE

92.1259842519685 134.9291338582677 68.31496062992126 16.440944881889763 Commissaire
146.83464566929135 134.9291338582677 54.70866141732284 16.440944881889763 Général:
187.93700787401573 134.9291338582677 59.24409448818898 16.440944881889763 Miguel
233.5748031496063 134.9291338582677 27.496062992125985 16.440944881889763 S.
247.1811023622047 134.9291338582677 68.31496062992126 16.440944881889763 Ocampo
301.8897637795276 134.9291338582677 63.77952755905512 16.440944881889763 Conseiller
347.5275590551181 134.9291338582677 45.63779527559055 16.440944881889763 Culturel

91.55905511811024 145.98425196850394 42.23622047244095 18.992125984251967 près
117.92125984251969 145.98425196850394 79.08661417322834 18.992125984251967 l’Ambassade
181.41732283464566 145.98425196850394 79.08661417322834 18.992125984251967 d’Argentine
244.62992125984252 145.98425196850394 26.362204724409448 18.992125984251967 à
250.01574803149606 145.98425196850394 42.23622047244095 18.992125984251967 Paris.

44.78740157480315 216.8503937007874 45.07086614173228 24.094488188976378 Pour
73.13385826771653 216.8503937007874 33.732283464566926 24.094488188976378 la
89.85826771653544 216.8503937007874 62.07874015748032 24.094488188976378 seconde
134.9291338582677 216.8503937007874 50.74015748031496 24.094488188976378 fois,
168.9448818897638 216.8503937007874 33.732283464566926 24.094488188976378 la
185.66929133858267 216.8503937007874 78.80314960629921 24.094488188976378 République
247.748031496063 216.8503937007874 73.41732283464567 24.094488188976378 Argentine
304.15748031496065 216.8503937007874 50.74015748031496 24.094488188976378 prend
337.8897637795276 216.8503937007874 45.07086614173228 24.094488188976378 part
366.23622047244095 216.8503937007874 28.062992125984252 24.094488188976378 à
377.29133858267716 216.8503937007874 33.732283464566926 24.094488188976378 la
388.62992125984255 216.8503937007874 56.40944881889764 24.094488188976378 Biennale

35.1496062992126 237.54330708661416 100.91338582677166 18.708661417322833 Internationale
119.33858267716535 237.54330708661416 39.118110236220474 18.708661417322833 des
141.73228346456693 237.54330708661416 56.125984251968504 18.708661417322833 jeunes
180.8503937007874 237.54330708661416 67.18110236220473 18.708661417322833 artistes
231.30708661417322 237.54330708661416 28.062992125984252 18.708661417322833 à
242.64566929133858 237.54330708661416 56.125984251968504 18.708661417322833 Paris,
281.76377952755905 237.54330708661416 33.732283464566926 18.708661417322833 en
298.7716535433071 237.54330708661416 78.51968503937007 18.708661417322833 présentant
360.2834645669291 237.54330708661416 33.732283464566926 18.708661417322833 un
377.29133858267716 237.54330708661416 67.18110236220473 18.708661417322833 ensemble
422.0787401574803 237.54330708661416 22.393700787401574 18.708661417322833 de

35.1496062992126 252.56692913385828 73.98425196850394 18.4251968503937 peintres,
91.84251968503936 252.56692913385828 85.32283464566929 18.4251968503937 sculpteurs,
160.15748031496062 252.56692913385828 68.31496062992126 18.4251968503937 graveurs
211.1811023622047 252.56692913385828 34.01574803149607 18.4251968503937 et
228.18897637795277 252.56692913385828 34.01574803149607 18.4251968503937 un
245.48031496062993 252.56692913385828 90.99212598425197 18.4251968503937 dessinateur,
319.18110236220474 252.56692913385828 62.36220472440945 18.4251968503937 choisis
364.53543307086613 252.56692913385828 39.68503937007874 18.4251968503937 par
387.496062992126 252.56692913385828 34.01574803149607 18.4251968503937 le
398.8346456692913 252.56692913385828 45.354330708661415 18.4251968503937 Comité

34.86614173228347 266.1732283464567 72.85039370078741 20.69291338582677 Assesseur
90.99212598425197 266.1732283464567 33.732283464566926 20.69291338582677 et
108.0 266.1732283464567 33.732283464566926 20.69291338582677 le
124.7244094488189 266.1732283464567 44.78740157480315 20.69291338582677 jury
152.78740157480314 266.1732283464567 33.732283464566926 20.69291338582677 de
169.51181102362204 266.1732283464567 72.85039370078741 20.69291338582677 sélection
225.63779527559055 266.1732283464567 33.732283464566926 20.69291338582677 de
242.64566929133858 266.1732283464567 33.732283464566926 20.69291338582677 la
259.37007874015745 266.1732283464567 72.85039370078741 20.69291338582677 Direction
315.496062992126 266.1732283464567 67.46456692913385 20.69291338582677 Générale
365.9527559055118 266.1732283464567 78.51968503937007 20.69291338582677 culturelle
422.0787401574803 266.1732283464567 22.393700787401574 20.69291338582677 du

36.28346456692913 281.4803149606299 66.33070866141732 17.858267716535433 Ministère
87.30708661417323 281.4803149606299 30.614173228346456 17.858267716535433 de
102.61417322834646 281.4803149606299 76.25196850393701 17.858267716535433 l’Education
163.55905511811022 281.4803149606299 30.614173228346456 17.858267716535433 et
178.86614173228347 281.4803149606299 30.614173228346456 17.858267716535433 de
194.17322834645668 281.4803149606299 30.614173228346456 17.858267716535433 la
209.48031496062993 281.4803149606299 56.125984251968504 17.858267716535433 Justice
250.29921259842519 281.4803149606299 30.614173228346456 17.858267716535433 de
265.3228346456693 281.4803149606299 30.614173228346456 17.858267716535433 la
275.5275590551181 281.4803149606299 45.92125984251968 17.858267716535433 Nation.

45.07086614173228 296.78740157480314 48.75590551181102 17.291338582677167 Cette
77.38582677165354 296.78740157480314 86.45669291338582 17.291338582677167 présentation
147.68503937007873 296.78740157480314 37.98425196850393 17.291338582677167 est
169.51181102362204 296.78740157480314 64.91338582677166 17.291338582677167 conforme
218.26771653543307 296.78740157480314 26.929133858267715 17.291338582677167 à
229.03937007874015 296.78740157480314 70.2992125984252 17.291338582677167 l’esprit,
283.18110236220474 296.78740157480314 37.98425196850393 17.291338582677167 aux
304.7244094488189 296.78740157480314 64.91338582677166 17.291338582677167 mobiles,
353.4803149606299 296.78740157480314 32.31496062992126 17.291338582677167 et
369.6377952755906 296.78740157480314 37.98425196850393 17.291338582677167 aux
385.79527559055117 296.78740157480314 59.52755905511811 17.291338582677167 objectifs

35.71653543307087 308.9763779527559 30.614173228346456 18.992125984251967 de
51.023622047244096 308.9763779527559 87.02362204724409 18.992125984251967 l’exposition.
122.74015748031496 308.9763779527559 41.10236220472441 18.992125984251967 Elle
148.251968503937 308.9763779527559 46.20472440944882 18.992125984251967 offre
179.1496062992126 308.9763779527559 35.71653543307087 18.992125984251967 aux
199.55905511811022 308.9763779527559 51.30708661417323 18.992125984251967 jeunes
235.2755905511811 308.9763779527559 61.511811023622045 18.992125984251967 artistes
281.4803149606299 308.9763779527559 30.614173228346456 18.992125984251967 du
296.78740157480314 308.9763779527559 46.20472440944882 18.992125984251967 monde
327.68503937007875 308.9763779527559 71.71653543307086 18.992125984251967 l’occasion
383.81102362204723 308.9763779527559 30.614173228346456 18.992125984251967 de
394.01574803149606 308.9763779527559 51.30708661417323 18.992125984251967 confron-

35.1496062992126 324.8503937007874 35.71653543307087 16.440944881889763 ter
55.55905511811024 324.8503937007874 45.92125984251968 16.440944881889763 leurs
86.1732283464567 324.8503937007874 56.125984251968504 16.440944881889763 travaux
126.70866141732283 324.8503937007874 25.511811023622048 16.440944881889763 à
136.91338582677164 324.8503937007874 40.818897637795274 16.440944881889763 ceux
162.4251968503937 324.8503937007874 35.71653543307087 16.440944881889763 des
182.83464566929135 324.8503937007874 61.22834645669291 16.440944881889763 artistes
228.75590551181102 324.8503937007874 61.22834645669291 16.440944881889763 d’autres
269.29133858267716 324.8503937007874 35.71653543307087 16.440944881889763 pays.

45.07086614173228 337.8897637795276 43.37007874015748 17.291338582677167 Bien
72.0 337.8897637795276 37.7007874015748 17.291338582677167 que
93.8267716535433 337.8897637795276 81.07086614173228 17.291338582677167 restreinte,
158.45669291338584 337.8897637795276 48.75590551181102 17.291338582677167 cette
191.0551181102362 337.8897637795276 91.84251968503936 17.291338582677167 manifestation
266.74015748031496 337.8897637795276 70.2992125984252 17.291338582677167 permettra
320.59842519685037 337.8897637795276 81.07086614173228 17.291338582677167 d’exprimer,
385.51181102362204 337.8897637795276 26.929133858267715 17.291338582677167 à
396.2834645669291 337.8897637795276 32.31496062992126 17.291338582677167 la
407.33858267716533 337.8897637795276 37.7007874015748 17.291338582677167 fois,

36.0 353.76377952755905 36.56692913385827 15.874015748031496 les
56.69291338582677 353.76377952755905 78.23622047244095 15.874015748031496 inquiétudes
119.33858267716535 353.76377952755905 31.181102362204726 15.874015748031496 et
134.9291338582677 353.76377952755905 36.56692913385827 15.874015748031496 les
155.90551181102362 353.76377952755905 78.23622047244095 15.874015748031496 aspirations
218.5511811023622 353.76377952755905 31.181102362204726 15.874015748031496 de
234.14173228346456 353.76377952755905 36.56692913385827 15.874015748031496 nos
255.11811023622047 353.76377952755905 57.54330708661417 15.874015748031496 auteurs
291.68503937007875 353.76377952755905 67.74803149606299 15.874015748031496 plastiques.

45.07086614173228 369.3543307086614 34.2992125984252 14.740157480314961 La
62.07874015748032 369.3543307086614 68.5984251968504 14.740157480314961 présence
113.66929133858268 369.3543307086614 34.2992125984252 14.740157480314961 de
130.96062992125985 369.3543307086614 85.88976377952756 14.740157480314961 l’Argentine
199.55905511811022 369.3543307086614 28.62992125984252 14.740157480314961 à
210.89763779527559 369.3543307086614 34.2992125984252 14.740157480314961 ce
228.18897637795277 369.3543307086614 68.5984251968504 14.740157480314961 concours
279.7795275590551 369.3543307086614 91.55905511811024 14.740157480314961 contribuera,
354.0472440944882 369.3543307086614 45.92125984251968 14.740157480314961 avec
382.6771653543307 369.3543307086614 34.2992125984252 14.740157480314961 ce
394.01574803149606 369.3543307086614 51.59055118110236 14.740157480314961 facteur

36.0 381.8267716535433 51.30708661417323 17.291338582677167 solide
71.71653543307086 381.8267716535433 30.614173228346456 17.291338582677167 et
87.30708661417323 381.8267716535433 66.61417322834646 17.291338582677167 effectif,
138.33070866141733 381.8267716535433 46.20472440944882 17.291338582677167 comme
169.22834645669292 381.8267716535433 46.20472440944882 17.291338582677167 toute
199.84251968503938 381.8267716535433 87.02362204724409 17.291338582677167 manifestation
271.5590551181102 381.8267716535433 76.81889763779527 17.291338582677167 culturelle,
333.07086614173227 381.8267716535433 25.511811023622048 17.291338582677167 à
343.2755905511811 381.8267716535433 66.61417322834646 17.291338582677167 raffermir
394.2992125984252 381.8267716535433 35.71653543307087 17.291338582677167 les
409.8897637795276 381.8267716535433 35.71653543307087 17.291338582677167 liens

35.71653543307087 397.98425196850394 62.645669291338585 16.724409448818896 d’amitié
82.48818897637796 397.98425196850394 36.56692913385827 16.724409448818896 qui
103.46456692913385 397.98425196850394 72.85039370078741 16.724409448818896 l’unissent
160.7244094488189 397.98425196850394 26.078740157480315 16.724409448818896 à
171.21259842519686 397.98425196850394 31.181102362204726 16.724409448818896 la
181.70078740157481 397.98425196850394 47.05511811023622 16.724409448818896 France.

318.0472440944882 527.8110236220473 76.25196850393701 18.708661417322833 Alejandro
371.0551181102362 527.8110236220473 76.25196850393701 18.708661417322833 Castagnino,

224.50393700787401 544.2519685039371 65.48031496062993 15.023622047244094 Directeur
274.96062992125985 544.2519685039371 30.330708661417322 15.023622047244094 du
289.98425196850394 544.2519685039371 55.55905511811024 15.023622047244094 Service
330.5196850393701 544.2519685039371 30.330708661417322 15.023622047244094 de
345.54330708661416 544.2519685039371 60.37795275590551 15.023622047244094 l’action
386.0787401574803 544.2519685039371 60.37795275590551 15.023622047244094 culturelle

240.9448818897638 555.8740157480315 30.614173228346456 18.708661417322833 de
256.251968503937 555.8740157480315 30.614173228346456 18.708661417322833 la
271.5590551181102 555.8740157480315 66.61417322834646 18.708661417322833 Direction
322.86614173228344 555.8740157480315 61.511811023622045 18.708661417322833 Géncrale
369.07086614173227 555.8740157480315 30.614173228346456 18.708661417322833 de
384.37795275590554 555.8740157480315 30.614173228346456 18.708661417322833 la
394.5826771653543 555.8740157480315 51.30708661417323 18.708661417322833 Culture.

396.8503937007874 603.496062992126 28.062992125984252 13.039370078740157 9
