515.3385826771654 622.7716535433071
117.92125984251969 1.984251968503937 14.456692913385826 17.291338582677167 PÉROU

162.4251968503937 122.1732283464567 69.44881889763779 20.409448818897637 Commissaire
217.70078740157481 122.1732283464567 55.55905511811024 20.409448818897637 Général:
259.37007874015745 122.1732283464567 50.74015748031496 20.409448818897637 Juan
296.503937007874 122.1732283464567 46.20472440944882 20.409448818897637 Manuel
324.2834645669291 122.1732283464567 96.94488188976378 20.409448818897637 Ugarte

162.4251968503937 135.49606299212599 64.34645669291339 22.677165354330707 Directeur
211.748031496063 135.49606299212599 29.763779527559056 22.677165354330707 de
226.77165354330708 135.49606299212599 54.425196850393704 22.677165354330707 l’Ecole
266.45669291338584 135.49606299212599 64.34645669291339 22.677165354330707 Nationale
316.06299212598424 135.49606299212599 34.58267716535433 22.677165354330707 des
335.90551181102364 135.49606299212599 69.44881889763779 22.677165354330707 Beaux-Arts
390.3307086614173 135.49606299212599 29.763779527559056 22.677165354330707 du
400.251968503937 135.49606299212599 39.68503937007874 22.677165354330707 Pérou.

116.22047244094489 219.68503937007873 56.40944881889764 14.173228346456693 L’envoi
157.3228346456693 219.68503937007873 30.89763779527559 14.173228346456693 du
172.62992125984252 219.68503937007873 46.20472440944882 14.173228346456693 Pérou
203.5275590551181 219.68503937007873 25.79527559055118 14.173228346456693 à
213.73228346456693 219.68503937007873 30.89763779527559 14.173228346456693 la
229.3228346456693 219.68503937007873 61.79527559055118 14.173228346456693 deuxième
275.5275590551181 219.68503937007873 61.79527559055118 14.173228346456693 Biennale
321.73228346456693 219.68503937007873 30.89763779527559 14.173228346456693 de
337.3228346456693 219.68503937007873 46.20472440944882 14.173228346456693 Paris
367.93700787401576 219.68503937007873 36.0 14.173228346456693 est
388.62992125984255 219.68503937007873 30.89763779527559 14.173228346456693 le
403.93700787401576 219.68503937007873 46.20472440944882 14.173228346456693 fruit
434.8346456692913 219.68503937007873 46.20472440944882 14.173228346456693 d’une
460.62992125984255 219.68503937007873 41.10236220472441 14.173228346456693 sélec-

106.2992125984252 233.29133858267716 41.669291338582674 18.992125984251967 tion
132.09448818897638 233.29133858267716 67.74803149606299 18.992125984251967 effectuée
184.251968503937 233.29133858267716 46.77165354330709 18.992125984251967 parmi
215.43307086614172 233.29133858267716 36.28346456692913 18.992125984251967 les
236.1259842519685 233.29133858267716 51.874015748031496 18.992125984251967 jeunes
272.6929133858268 233.29133858267716 67.74803149606299 18.992125984251967 peintres,
324.56692913385825 233.29133858267716 41.669291338582674 18.992125984251967 âgés
350.6456692913386 233.29133858267716 31.181102362204726 18.992125984251967 de
366.23622047244095 233.29133858267716 46.77165354330709 18.992125984251967 moins
397.4173228346457 233.29133858267716 31.181102362204726 18.992125984251967 de
413.00787401574803 233.29133858267716 77.95275590551181 18.992125984251967 trente-cinq
470.26771653543307 233.29133858267716 31.181102362204726 18.992125984251967 ans,

106.86614173228347 247.46456692913387 37.41732283464567 17.007874015748033 qui
128.40944881889763 247.46456692913387 32.031496062992126 17.007874015748033 se
144.28346456692913 247.46456692913387 42.803149606299215 17.007874015748033 sont
170.9291338582677 247.46456692913387 32.031496062992126 17.007874015748033 le
187.08661417322836 247.46456692913387 42.803149606299215 17.007874015748033 plus
213.73228346456693 247.46456692913387 74.83464566929133 17.007874015748033 distingués
272.40944881889766 247.46456692913387 32.031496062992126 17.007874015748033 au
288.56692913385825 247.46456692913387 48.188976377952756 17.007874015748033 cours
320.59842519685037 247.46456692913387 32.031496062992126 17.007874015748033 de
336.755905511811 247.46456692913387 37.41732283464567 17.007874015748033 ces
358.01574803149606 247.46456692913387 69.44881889763779 17.007874015748033 dernières
411.59055118110234 247.46456692913387 58.67716535433071 17.007874015748033 années.
449.00787401574803 247.46456692913387 53.29133858267716 17.007874015748033 Certains

106.86614173228347 259.37007874015745 54.99212598425197 17.291338582677167 d’entre
146.83464566929135 259.37007874015745 39.968503937007874 17.291338582677167 eux,
172.06299212598427 259.37007874015745 39.968503937007874 17.291338582677167 déjà
197.00787401574803 259.37007874015745 60.09448818897638 17.291338582677167 présents
242.07874015748033 259.37007874015745 24.944881889763778 17.291338582677167 à
252.0 259.37007874015745 30.04724409448819 17.291338582677167 la
267.0236220472441 259.37007874015745 60.09448818897638 17.291338582677167 première
312.09448818897636 259.37007874015745 64.91338582677166 17.291338582677167 Biennale,
361.98425196850394 259.37007874015745 30.04724409448819 17.291338582677167 se
377.00787401574803 259.37007874015745 60.09448818897638 17.291338582677167 révèlent
422.0787401574803 259.37007874015745 70.01574803149606 17.291338582677167 maintenant
471.9685039370079 259.37007874015745 30.04724409448819 17.291338582677167 plus

106.2992125984252 273.8267716535433 58.110236220472444 16.440944881889763 évolués
148.8188976377953 273.8267716535433 31.748031496062993 16.440944881889763 et
164.40944881889763 273.8267716535433 63.496062992125985 16.440944881889763 semblent
212.03149606299212 273.8267716535433 42.23622047244095 16.440944881889763 plus
238.6771653543307 273.8267716535433 73.98425196850394 16.440944881889763 conscients
296.78740157480314 273.8267716535433 31.748031496062993 16.440944881889763 de
312.66141732283467 273.8267716535433 42.23622047244095 16.440944881889763 leur
339.0236220472441 273.8267716535433 58.110236220472444 16.440944881889763 volonté
381.25984251968504 273.8267716535433 89.85826771653544 16.440944881889763 d’expression;
450.1417322834646 273.8267716535433 52.724409448818896 16.440944881889763 d’autres

106.2992125984252 286.2992125984252 61.79527559055118 19.559055118110237 exposent
152.50393700787401 286.2992125984252 41.10236220472441 19.559055118110237 pour
178.29921259842519 286.2992125984252 30.89763779527559 19.559055118110237 la
193.88976377952756 286.2992125984252 61.79527559055118 19.559055118110237 première
240.09448818897638 286.2992125984252 41.10236220472441 19.559055118110237 fois
265.8897637795276 286.2992125984252 25.79527559055118 19.559055118110237 à
276.09448818897636 286.2992125984252 72.0 19.559055118110237 l’occasion
332.78740157480314 286.2992125984252 30.89763779527559 19.559055118110237 de
348.09448818897636 286.2992125984252 46.20472440944882 19.559055118110237 cette
378.99212598425197 286.2992125984252 61.79527559055118 19.559055118110237 deuxième
420.09448818897636 286.2992125984252 82.48818897637796 19.559055118110237 manifestation.

115.37007874015748 298.48818897637796 33.16535433070866 20.125984251968504 Le
132.09448818897638 298.48818897637796 88.44094488188976 20.125984251968504 Commissariat
204.09448818897638 298.48818897637796 33.16535433070866 20.125984251968504 de
220.53543307086613 298.48818897637796 60.94488188976378 20.125984251968504 l’envoi
264.755905511811 298.48818897637796 66.33070866141732 20.125984251968504 péruvien
314.6456692913386 298.48818897637796 27.77952755905512 20.125984251968504 a
325.7007874015748 298.48818897637796 44.22047244094488 20.125984251968504 pris
353.1968503937008 298.48818897637796 49.889763779527556 20.125984251968504 grand
386.3622047244094 298.48818897637796 44.22047244094488 20.125984251968504 soin
414.1417322834646 298.48818897637796 33.16535433070866 20.125984251968504 de
430.5826771653543 298.48818897637796 72.0 20.125984251968504 maintenir
480.4724409448819 298.48818897637796 22.11023622047244 20.125984251968504 un

106.01574803149606 312.66141732283467 53.574803149606296 17.007874015748033 niveau
143.71653543307087 312.66141732283467 75.11811023622047 17.007874015748033 d’ensemble
202.6771653543307 312.66141732283467 69.73228346456693 17.007874015748033 homogène,
256.251968503937 312.66141732283467 42.803149606299215 17.007874015748033 sans
283.18110236220474 312.66141732283467 69.73228346456693 17.007874015748033 négliger,
336.755905511811 312.66141732283467 75.11811023622047 17.007874015748033 toutefois,
395.7165354330709 312.66141732283467 37.7007874015748 17.007874015748033 ces
417.25984251968504 312.66141732283467 53.574803149606296 17.007874015748033 jeunes
449.5748031496063 312.66141732283467 53.574803149606296 17.007874015748033 artistes

106.2992125984252 326.5511811023622 42.803149606299215 12.755905511811024 dont
133.22834645669292 326.5511811023622 64.34645669291339 12.755905511811024 l’œuvre,
181.41732283464566 326.5511811023622 53.574803149606296 12.755905511811024 malgré
218.83464566929135 326.5511811023622 37.41732283464567 12.755905511811024 une
240.3779527559055 326.5511811023622 75.11811023622047 12.755905511811024 expérience
299.33858267716533 326.5511811023622 101.76377952755905 12.755905511811024 professionnelle
385.2283464566929 326.5511811023622 48.188976377952756 12.755905511811024 assez
417.25984251968504 326.5511811023622 64.34645669291339 12.755905511811024 récente,
460.34645669291336 326.5511811023622 42.803149606299215 12.755905511811024 repré-

105.73228346456693 337.3228346456693 49.60629921259842 21.826771653543307 sente
138.61417322834646 337.3228346456693 38.55118110236221 21.826771653543307 une
160.7244094488189 337.3228346456693 55.275590551181104 21.826771653543307 réelle
199.55905511811022 337.3228346456693 71.71653543307086 21.826771653543307 promesse.
254.5511811023622 337.3228346456693 33.16535433070866 21.826771653543307 Il
271.2755905511811 337.3228346456693 38.55118110236221 21.826771653543307 est
293.38582677165357 337.3228346456693 55.275590551181104 21.826771653543307 permis
331.93700787401576 337.3228346456693 77.38582677165354 21.826771653543307 d’affirmer
392.59842519685037 337.3228346456693 38.55118110236221 21.826771653543307 que
414.70866141732284 337.3228346456693 33.16535433070866 21.826771653543307 du
431.43307086614175 337.3228346456693 55.275590551181104 21.826771653543307 groupe
464.59842519685037 337.3228346456693 38.55118110236221 21.826771653543307 ainsi

106.2992125984252 351.496062992126 63.77952755905512 22.11023622047244 constitué
155.33858267716536 351.496062992126 29.480314960629922 22.11023622047244 se
170.07874015748033 351.496062992126 58.960629921259844 22.11023622047244 dégagent
214.29921259842519 351.496062992126 34.2992125984252 22.11023622047244 les
233.85826771653544 351.496062992126 49.039370078740156 22.11023622047244 traits
268.15748031496065 351.496062992126 98.07874015748031 22.11023622047244 caractéristiques
351.496062992126 351.496062992126 29.480314960629922 22.11023622047244 de
366.23622047244095 351.496062992126 29.480314960629922 22.11023622047244 la
380.9763779527559 351.496062992126 44.22047244094488 22.11023622047244 jeune
410.45669291338584 351.496062992126 58.960629921259844 22.11023622047244 peinture
454.6771653543307 351.496062992126 29.480314960629922 22.11023622047244 du
464.59842519685037 351.496062992126 39.40157480314961 22.11023622047244 Pérou,

341.8582677165354 552.1889763779527 45.354330708661415 22.677165354330707 Juan
370.20472440944883 552.1889763779527 56.69291338582677 22.677165354330707 Manuel
404.2204724409449 552.1889763779527 102.04724409448819 22.677165354330707 Ugarte

116.50393700787401 594.7086614173228 28.913385826771652 19.559055118110237 90
