534.6141732283464 622.7716535433071
338.1732283464567 4.818897637795276 119.33858267716535 17.5748031496063 MANIFESTATIONS
434.8346456692913 4.818897637795276 73.7007874015748 17.5748031496063 ANNEXES

75.68503937007874 138.89763779527559 30.04724409448819 23.244094488188978 De
90.70866141732283 138.89763779527559 69.73228346456693 23.244094488188978 nombreuses
145.70078740157481 138.89763779527559 89.85826771653544 23.244094488188978 manifestations
220.53543307086613 138.89763779527559 54.70866141732284 23.244094488188978 annexes
260.2204724409449 138.89763779527559 49.889763779527556 23.244094488188978 auront
295.0866141732283 138.89763779527559 39.968503937007874 23.244094488188978 lieu
320.0314960629921 138.89763779527559 24.944881889763778 23.244094488188978 à
329.9527559055118 138.89763779527559 74.83464566929133 23.244094488188978 l’intérieur
390.0472440944882 138.89763779527559 30.04724409448819 23.244094488188978 de
404.78740157480314 138.89763779527559 30.04724409448819 23.244094488188978 la
414.99212598425197 138.89763779527559 54.70866141732284 23.244094488188978 Biennale,

64.62992125984252 154.20472440944883 67.74803149606299 18.141732283464567 apportant
116.50393700787401 154.20472440944883 36.28346456692913 18.141732283464567 une
137.48031496062993 154.20472440944883 46.77165354330709 18.141732283464567 large
168.66141732283464 154.20472440944883 77.95275590551181 18.141732283464567 information
231.0236220472441 154.20472440944883 31.181102362204726 18.141732283464567 et
246.61417322834646 154.20472440944883 57.25984251968504 18.141732283464567 ouvrant
288.2834645669291 154.20472440944883 36.28346456692913 18.141732283464567 des
308.9763779527559 154.20472440944883 52.15748031496063 18.141732283464567 débats
345.54330708661416 154.20472440944883 36.28346456692913 18.141732283464567 sur
366.23622047244095 154.20472440944883 31.181102362204726 18.141732283464567 le
381.8267716535433 154.20472440944883 52.15748031496063 18.141732283464567 cinéma
418.1102362204724 154.20472440944883 31.181102362204726 18.141732283464567 et
428.59842519685037 154.20472440944883 41.669291338582674 18.141732283464567 l’art,

64.62992125984252 164.9763779527559 31.748031496062993 18.708661417322833 la
80.50393700787401 164.9763779527559 63.21259842519685 18.708661417322833 musique,
128.1259842519685 164.9763779527559 31.748031496062993 18.708661417322833 la
144.0 164.9763779527559 58.110236220472444 18.708661417322833 poésie,
186.23622047244095 164.9763779527559 42.23622047244095 18.708661417322833 etc.
212.5984251968504 164.9763779527559 36.8503937007874 18.708661417322833 Ces
233.5748031496063 164.9763779527559 94.96062992125984 18.708661417322833 manifestations
312.66141732283467 164.9763779527559 52.724409448818896 18.708661417322833 auront
349.79527559055117 164.9763779527559 42.23622047244095 18.708661417322833 lieu
376.15748031496065 164.9763779527559 42.23622047244095 18.708661417322833 tous
402.5196850393701 164.9763779527559 36.8503937007874 18.708661417322833 les
423.496062992126 164.9763779527559 47.62204724409449 18.708661417322833 jours
450.1417322834646 164.9763779527559 20.976377952755904 18.708661417322833 de

64.91338582677166 174.04724409448818 32.59842519685039 27.77952755905512 12
81.07086614173228 174.04724409448818 54.425196850393704 27.77952755905512 heures
119.33858267716535 174.04724409448818 27.212598425196852 27.77952755905512 à
130.11023622047244 174.04724409448818 32.59842519685039 27.77952755905512 20
146.5511811023622 174.04724409448818 59.811023622047244 27.77952755905512 heures,
189.92125984251967 174.04724409448818 32.59842519685039 27.77952755905512 et
206.36220472440945 174.04724409448818 37.98425196850393 27.77952755905512 les
228.18897637795277 174.04724409448818 54.425196850393704 27.77952755905512 lundis
266.1732283464567 174.04724409448818 32.59842519685039 27.77952755905512 et
282.3307086614173 174.04724409448818 70.58267716535433 27.77952755905512 mercredis
336.755905511811 174.04724409448818 59.811023622047244 27.77952755905512 jusqu’à
380.40944881889766 174.04724409448818 32.59842519685039 27.77952755905512 23
391.18110236220474 174.04724409448818 49.039370078740156 27.77952755905512 heures.

63.21259842519685 210.89763779527559 74.26771653543307 18.708661417322833 Concerts:

76.53543307086615 211.748031496063 37.41732283464567 29.19685039370079 Les
98.07874015748031 211.748031496063 101.48031496062993 29.19685039370079 enregistrements
183.4015748031496 211.748031496063 37.41732283464567 29.19685039370079 des
204.9448818897638 211.748031496063 53.574803149606296 29.19685039370079 œuvres
242.36220472440945 211.748031496063 69.44881889763779 29.19685039370079 musicales
295.93700787401576 211.748031496063 74.83464566929133 29.19685039370079 étrangères
354.61417322834643 211.748031496063 32.031496062992126 29.19685039370079 et
370.7716535433071 211.748031496063 80.22047244094489 29.19685039370079 françaises,
429.4488188976378 211.748031496063 42.803149606299215 29.19685039370079 sélec-

64.91338582677166 229.3228346456693 68.88188976377953 21.25984251968504 tionnées
116.50393700787401 229.3228346456693 45.92125984251968 21.25984251968504 pour
145.13385826771653 229.3228346456693 34.2992125984252 21.25984251968504 la
162.14173228346456 229.3228346456693 74.55118110236221 21.25984251968504 Biennale,
219.68503937007873 229.3228346456693 34.2992125984252 21.25984251968504 et
236.69291338582678 229.3228346456693 45.92125984251968 21.25984251968504 dues
265.3228346456693 229.3228346456693 28.62992125984252 21.25984251968504 à
276.9448818897638 229.3228346456693 40.25196850393701 21.25984251968504 des
299.90551181102364 229.3228346456693 91.55905511811024 21.25984251968504 compositeurs
374.1732283464567 229.3228346456693 45.92125984251968 21.25984251968504 âgés
402.8031496062992 229.3228346456693 34.2992125984252 21.25984251968504 de
420.09448818897636 229.3228346456693 51.59055118110236 21.25984251968504 moins
448.7244094488189 229.3228346456693 22.96062992125984 21.25984251968504 de

66.04724409448819 240.3779527559055 82.48818897637796 21.543307086614174 trente-cinq
131.81102362204723 240.3779527559055 43.93700787401575 21.543307086614174 ans,
159.30708661417322 240.3779527559055 54.99212598425197 21.543307086614174 seront
197.85826771653544 240.3779527559055 71.43307086614173 21.543307086614174 présentés
252.56692913385828 240.3779527559055 43.93700787401575 21.543307086614174 tous
280.06299212598424 240.3779527559055 38.55118110236221 21.543307086614174 les
302.1732283464567 240.3779527559055 54.99212598425197 21.543307086614174 jours,
340.4409448818898 240.3779527559055 43.93700787401575 21.543307086614174 dans
367.93700787401576 240.3779527559055 87.8740157480315 21.543307086614174 l’auditorium
439.37007874015745 240.3779527559055 32.881889763779526 21.543307086614174 de
450.4251968503937 240.3779527559055 21.826771653543307 21.543307086614174 la

66.61417322834646 259.65354330708664 67.46456692913385 13.88976377952756 Biennale
117.35433070866142 259.65354330708664 50.74015748031496 13.88976377952756 entre
151.08661417322836 259.65354330708664 33.732283464566926 13.88976377952756 12
168.09448818897638 259.65354330708664 56.40944881889764 13.88976377952756 heures
207.49606299212599 259.65354330708664 33.732283464566926 13.88976377952756 et
224.2204724409449 259.65354330708664 33.732283464566926 13.88976377952756 18
235.55905511811022 259.65354330708664 50.74015748031496 13.88976377952756 heures.

77.38582677165354 256.251968503937 32.881889763779526 26.929133858267715 En
93.8267716535433 256.251968503937 54.99212598425197 26.929133858267715 outre,
132.09448818897638 256.251968503937 32.881889763779526 26.929133858267715 de
148.8188976377953 256.251968503937 32.881889763779526 26.929133858267715 18
165.25984251968504 256.251968503937 54.99212598425197 26.929133858267715 heures
203.5275590551181 256.251968503937 27.496062992125985 26.929133858267715 à
214.58267716535434 256.251968503937 32.881889763779526 26.929133858267715 20
231.0236220472441 256.251968503937 60.37795275590551 26.929133858267715 heures,
274.96062992125985 256.251968503937 38.55118110236221 26.929133858267715 des
297.07086614173227 256.251968503937 71.43307086614173 26.929133858267715 émissions
352.06299212598424 256.251968503937 71.43307086614173 26.929133858267715 musicales
406.7716535433071 256.251968503937 54.99212598425197 26.929133858267715 seront
439.93700787401576 256.251968503937 32.881889763779526 26.929133858267715 éga-

67.46456692913385 272.12598425196853 50.45669291338583 21.543307086614174 lement
102.89763779527559 272.12598425196853 70.86614173228347 21.543307086614174 organisées
158.45669291338584 272.12598425196853 30.330708661417322 21.543307086614174 et
173.76377952755905 272.12598425196853 81.07086614173228 21.543307086614174 enregistrées
239.5275590551181 272.12598425196853 35.43307086614173 21.543307086614174 par
259.65354330708664 272.12598425196853 35.43307086614173 21.543307086614174 les
280.06299212598424 272.12598425196853 45.63779527559055 21.543307086614174 soins
310.3937007874016 272.12598425196853 30.330708661417322 21.543307086614174 de
325.4173228346457 272.12598425196853 30.330708661417322 21.543307086614174 la
340.7244094488189 272.12598425196853 90.99212598425197 21.543307086614174 Radiodiffusion
411.59055118110234 272.12598425196853 60.661417322834644 21.543307086614174 Télévision

67.46456692913385 283.46456692913387 72.28346456692914 22.677165354330707 Française
123.30708661417323 283.46456692913387 33.44881889763779 22.677165354330707 et
139.748031496063 283.46456692913387 94.39370078740157 22.677165354330707 constitueront
217.70078740157481 283.46456692913387 38.83464566929134 22.677165354330707 une
239.81102362204723 283.46456692913387 83.33858267716535 22.677165354330707 information
306.70866141732284 283.46456692913387 100.06299212598425 22.677165354330707 complémentaire
390.0472440944882 283.46456692913387 38.83464566929134 22.677165354330707 sur
412.15748031496065 283.46456692913387 38.83464566929134 22.677165354330707 les
428.88188976377955 283.46456692913387 44.503937007874015 22.677165354330707 jeunes

67.46456692913385 299.0551181102362 87.59055118110236 16.724409448818896 compositeurs
138.61417322834646 299.0551181102362 71.14960629921259 16.724409448818896 étrangers
193.3228346456693 299.0551181102362 32.881889763779526 16.724409448818896 et
204.3779527559055 299.0551181102362 60.09448818897638 16.724409448818896 français.

78.23622047244095 303.0236220472441 37.41732283464567 24.661417322834644 Ces
99.77952755905511 303.0236220472441 58.67716535433071 24.661417322834644 séances
142.29921259842519 303.0236220472441 74.83464566929133 24.661417322834644 montreront
201.25984251968504 303.0236220472441 37.41732283464567 24.661417322834644 les
222.51968503937007 303.0236220472441 53.574803149606296 24.661417322834644 formes
259.93700787401576 303.0236220472441 37.41732283464567 24.661417322834644 les
281.4803149606299 303.0236220472441 42.803149606299215 24.661417322834644 plus
308.12598425196853 303.0236220472441 64.06299212598425 24.661417322834644 diverses
356.31496062992125 303.0236220472441 32.031496062992126 24.661417322834644 de
372.4724409448819 303.0236220472441 32.031496062992126 24.661417322834644 la
388.34645669291336 303.0236220472441 58.67716535433071 24.661417322834644 musique
425.76377952755905 303.0236220472441 48.188976377952756 24.661417322834644 jusques

67.74803149606299 320.59842519685037 32.59842519685039 18.708661417322833 et
83.90551181102362 320.59842519685037 27.212598425196852 18.708661417322833 y
94.96062992125984 320.59842519685037 59.811023622047244 18.708661417322833 compris
138.61417322834646 320.59842519685037 32.59842519685039 18.708661417322833 le
154.77165354330708 320.59842519685037 43.653543307086615 18.708661417322833 jazz
181.98425196850394 320.59842519685037 32.59842519685039 18.708661417322833 et
198.4251968503937 320.59842519685037 32.59842519685039 18.708661417322833 la
214.86614173228347 320.59842519685037 49.039370078740156 18.708661417322833 jeune
242.07874015748033 320.59842519685037 54.425196850393704 18.708661417322833 chanson.

66.04724409448819 354.0472440944882 87.30708661417323 17.5748031496063 Projections:

79.93700787401575 360.0 30.04724409448819 25.228346456692915 La
94.96062992125984 360.0 70.01574803149606 25.228346456692915 projection
149.95275590551182 360.0 30.04724409448819 25.228346456692915 de
164.9763779527559 360.0 45.07086614173228 25.228346456692915 films
195.0236220472441 360.0 34.86614173228347 25.228346456692915 sur
215.1496062992126 360.0 49.889763779527556 25.228346456692915 l’art,
250.01574803149606 360.0 60.09448818897638 25.228346456692915 réalisés
295.0866141732283 360.0 34.86614173228347 25.228346456692915 par
314.92913385826773 360.0 34.86614173228347 25.228346456692915 des
335.0551181102362 360.0 54.99212598425197 25.228346456692915 auteurs
375.0236220472441 360.0 30.04724409448819 25.228346456692915 de
390.0472440944882 360.0 45.07086614173228 25.228346456692915 moins
420.09448818897636 360.0 30.04724409448819 25.228346456692915 de
430.01574803149606 360.0 45.07086614173228 25.228346456692915 trente-

69.16535433070867 375.0236220472441 43.37007874015748 22.393700787401574 cinq
96.37795275590551 375.0236220472441 43.37007874015748 22.393700787401574 ans,
123.59055118110236 375.0236220472441 43.37007874015748 22.393700787401574 aura
150.8031496062992 375.0236220472441 43.37007874015748 22.393700787401574 lieu
178.01574803149606 375.0236220472441 70.58267716535433 22.393700787401574 également
232.15748031496062 375.0236220472441 43.37007874015748 22.393700787401574 dans
259.37007874015745 375.0236220472441 32.59842519685039 22.393700787401574 le
275.81102362204723 375.0236220472441 49.039370078740156 22.393700787401574 cadre
308.40944881889766 375.0236220472441 32.59842519685039 22.393700787401574 de
324.8503937007874 375.0236220472441 32.59842519685039 22.393700787401574 la
335.62204724409446 375.0236220472441 59.811023622047244 22.393700787401574 Biennale.

79.93700787401575 381.54330708661416 37.41732283464567 22.677165354330707 Une
101.48031496062993 381.54330708661416 53.29133858267716 22.677165354330707 soirée
138.61417322834646 381.54330708661416 42.803149606299215 22.677165354330707 sera
165.54330708661416 381.54330708661416 32.031496062992126 22.677165354330707 en
181.41732283464566 381.54330708661416 48.188976377952756 22.677165354330707 outre
213.4488188976378 381.54330708661416 64.06299212598425 22.677165354330707 réservée
261.6377952755906 381.54330708661416 32.031496062992126 22.677165354330707 au
277.79527559055117 381.54330708661416 58.67716535433071 22.677165354330707 Service
320.31496062992125 381.54330708661416 32.031496062992126 22.677165354330707 de
336.4724409448819 381.54330708661416 32.031496062992126 22.677165354330707 la
352.34645669291336 381.54330708661416 69.44881889763779 22.677165354330707 Recherche
405.9212598425197 381.54330708661416 32.031496062992126 22.677165354330707 de
422.0787401574803 381.54330708661416 32.031496062992126 22.677165354330707 la
432.56692913385825 381.54330708661416 42.803149606299215 22.677165354330707 Radio-

69.16535433070867 396.2834645669291 69.73228346456693 22.11023622047244 diffusion
122.74015748031496 396.2834645669291 75.11811023622047 22.11023622047244 Télévision
181.70078740157481 396.2834645669291 69.73228346456693 22.11023622047244 Française
235.2755905511811 396.2834645669291 42.803149606299215 22.11023622047244 sous
261.9212598425197 396.2834645669291 32.031496062992126 22.11023622047244 la
278.0787401574803 396.2834645669291 69.73228346456693 22.11023622047244 direction
331.65354330708664 396.2834645669291 32.031496062992126 22.11023622047244 de
347.81102362204723 396.2834645669291 53.574803149606296 22.11023622047244 Pierre
379.84251968503935 396.2834645669291 64.34645669291339 22.11023622047244 Schaeffer.

68.5984251968504 432.56692913385825 60.37795275590551 18.708661417322833 Poésie:

81.63779527559055 440.503937007874 67.74803149606299 25.511811023622048 Plusieurs
133.51181102362204 440.503937007874 67.74803149606299 25.511811023622048 émissions
185.66929133858267 440.503937007874 67.74803149606299 25.511811023622048 publiques
237.54330708661416 440.503937007874 51.874015748031496 25.511811023622048 seront
273.8267716535433 440.503937007874 72.85039370078741 25.511811023622048 consacrées
331.0866141732283 440.503937007874 26.078740157480315 25.511811023622048 à
341.5748031496063 440.503937007874 31.181102362204726 25.511811023622048 la
357.1653543307087 440.503937007874 46.77165354330709 25.511811023622048 jeune
388.34645669291336 440.503937007874 51.874015748031496 25.511811023622048 poésie
419.5275590551181 440.503937007874 57.25984251968504 25.511811023622048 étrangère

70.58267716535433 460.62992125984255 33.732283464566926 18.141732283464567 et
81.92125984251969 460.62992125984255 67.18110236220473 18.141732283464567 française.

73.41732283464567 486.4251968503937 64.62992125984252 22.96062992125984 Colloques
121.88976377952756 486.4251968503937 28.346456692913385 22.96062992125984 :

83.05511811023622 494.0787401574803 32.59842519685039 24.944881889763778 La
99.21259842519684 494.0787401574803 65.19685039370079 24.944881889763778 Biennale
147.96850393700788 494.0787401574803 37.98425196850393 24.944881889763778 n’a
169.79527559055117 494.0787401574803 37.98425196850393 24.944881889763778 pas
191.33858267716536 494.0787401574803 70.58267716535433 24.944881889763778 seulement
245.76377952755905 494.0787401574803 43.37007874015748 24.944881889763778 pour
272.6929133858268 494.0787401574803 37.98425196850393 24.944881889763778 but
294.5196850393701 494.0787401574803 32.59842519685039 24.944881889763778 de
310.6771653543307 494.0787401574803 75.96850393700787 24.944881889763778 confronter
370.48818897637796 494.0787401574803 37.98425196850393 24.944881889763778 des
392.0314960629921 494.0787401574803 59.52755905511811 24.944881889763778 œuvres,
435.40157480314963 494.0787401574803 43.37007874015748 24.944881889763778 elle
457.2283464566929 494.0787401574803 21.826771653543307 24.944881889763778 se

72.85039370078741 509.9527559055118 57.25984251968504 22.393700787401574 propose
114.23622047244095 509.9527559055118 67.74803149606299 22.393700787401574 également
166.39370078740157 509.9527559055118 31.181102362204726 22.393700787401574 de
181.98425196850394 509.9527559055118 52.15748031496063 22.393700787401574 réunir
218.26771653543307 509.9527559055118 36.28346456692913 22.393700787401574 des
239.24409448818898 509.9527559055118 62.36220472440945 22.393700787401574 artistes
286.01574803149606 509.9527559055118 31.181102362204726 22.393700787401574 de
301.6062992125984 509.9527559055118 41.669291338582674 22.393700787401574 tous
327.68503937007875 509.9527559055118 46.77165354330709 22.393700787401574 pays,
358.86614173228344 509.9527559055118 41.669291338582674 22.393700787401574 afin
384.9448818897638 509.9527559055118 36.28346456692913 22.393700787401574 que
405.6377952755906 509.9527559055118 31.181102362204726 22.393700787401574 de
416.12598425196853 509.9527559055118 62.36220472440945 22.393700787401574 véritables

72.56692913385827 518.4566929133858 62.645669291338585 24.37795275590551 échanges
119.33858267716535 518.4566929133858 57.25984251968504 24.37795275590551 d’idées
161.00787401574803 518.4566929133858 62.645669291338585 24.37795275590551 puissent
208.06299212598427 518.4566929133858 52.15748031496063 24.37795275590551 naître
244.3464566929134 518.4566929133858 26.078740157480315 24.37795275590551 à
254.83464566929135 518.4566929133858 47.05511811023622 24.37795275590551 cette
286.2992125984252 518.4566929133858 67.74803149606299 24.37795275590551 occasion.
338.1732283464567 518.4566929133858 26.078740157480315 24.37795275590551 A
348.66141732283467 518.4566929133858 31.181102362204726 24.37795275590551 ce
364.251968503937 518.4566929133858 57.25984251968504 24.37795275590551 propos,
406.20472440944883 518.4566929133858 36.56692913385827 24.37795275590551 des
421.79527559055117 518.4566929133858 57.25984251968504 24.37795275590551 colloques

72.85039370078741 530.0787401574803 54.14173228346457 23.52755905511811 seront
110.83464566929133 530.0787401574803 70.2992125984252 23.52755905511811 organisés
164.9763779527559 530.0787401574803 37.98425196850393 23.52755905511811 qui
186.51968503937007 530.0787401574803 54.14173228346457 23.52755905511811 auront
224.50393700787401 530.0787401574803 43.37007874015748 23.52755905511811 lieu
251.43307086614172 530.0787401574803 43.37007874015748 23.52755905511811 tous
278.3622047244094 530.0787401574803 37.98425196850393 23.52755905511811 les
300.18897637795277 530.0787401574803 54.14173228346457 23.52755905511811 lundis
338.1732283464567 530.0787401574803 32.59842519685039 23.52755905511811 de
354.3307086614173 530.0787401574803 32.59842519685039 23.52755905511811 21
370.48818897637796 530.0787401574803 54.14173228346457 23.52755905511811 heures
408.4724409448819 530.0787401574803 26.929133858267715 23.52755905511811 à
419.244094488189 530.0787401574803 32.59842519685039 23.52755905511811 23
430.01574803149606 530.0787401574803 48.75590551181102 23.52755905511811 heures.

83.62204724409449 539.4330708661417 45.92125984251968 22.393700787401574 Pour
112.25196850393701 539.4330708661417 34.58267716535433 22.393700787401574 le
129.54330708661416 539.4330708661417 74.55118110236221 22.393700787401574 programme
186.8031496062992 539.4330708661417 63.21259842519685 22.393700787401574 complet
232.7244094488189 539.4330708661417 34.58267716535433 22.393700787401574 de
250.01574803149606 539.4330708661417 57.54330708661417 22.393700787401574 toutes
290.26771653543307 539.4330708661417 40.25196850393701 22.393700787401574 ces
313.2283464566929 539.4330708661417 109.13385826771653 22.393700787401574 manifestations,
405.07086614173227 539.4330708661417 74.55118110236221 22.393700787401574 consulter
456.66141732283467 539.4330708661417 22.96062992125984 22.393700787401574 le

73.13385826771653 557.5748031496063 80.22047244094489 17.291338582677167 calendrier
136.06299212598427 557.5748031496063 34.2992125984252 17.291338582677167 de
153.35433070866142 557.5748031496063 34.2992125984252 17.291338582677167 la
164.69291338582678 557.5748031496063 62.92913385826772 17.291338582677167 Biennale.

428.88188976377955 594.4251968503937 29.763779527559056 14.740157480314961 141
