498.3307086614173 625.6062992125984
428.31496062992125 4.535433070866142 56.976377952755904 15.023622047244094 IRAN

94.11023622047244 126.99212598425197 78.51968503937007 19.275590551181104 Commissaire
156.75590551181102 126.99212598425197 62.92913385826772 19.275590551181104 Général:
204.09448818897638 126.99212598425197 47.05511811023622 19.275590551181104 Akbar
230.17322834645668 126.99212598425197 52.44094488188976 19.275590551181104 Tadjvidi

94.67716535433071 142.58267716535434 56.976377952755904 12.755905511811024 Peintre,
137.48031496062993 142.58267716535434 52.15748031496063 12.755905511811024 attaché
175.46456692913387 142.58267716535434 23.811023622047244 12.755905511811024 à
185.10236220472441 142.58267716535434 94.96062992125984 12.755905511811024 l’Administration
261.07086614173227 142.58267716535434 47.62204724409449 12.755905511811024 Générale

94.39370078740157 154.48818897637796 36.28346456692913 18.992125984251967 des
109.98425196850394 154.48818897637796 67.46456692913385 18.992125984251967 Beaux

48.188976377952756 231.8740157480315 32.31496062992126 17.007874015748033 De
64.34645669291339 231.8740157480315 37.7007874015748 17.007874015748033 nos
85.88976377952756 231.8740157480315 48.47244094488189 17.007874015748033 jours
118.20472440944881 231.8740157480315 37.7007874015748 17.007874015748033 les
139.748031496063 231.8740157480315 70.01574803149606 17.007874015748033 tendances
193.60629921259843 231.8740157480315 80.78740157480316 17.007874015748033 artistiques
258.5196850393701 231.8740157480315 32.31496062992126 17.007874015748033 en
274.6771653543307 231.8740157480315 43.08661417322835 17.007874015748033 Iran
301.6062992125984 231.8740157480315 43.08661417322835 17.007874015748033 sont
328.53543307086613 231.8740157480315 32.31496062992126 17.007874015748033 si
344.6929133858268 231.8740157480315 64.62992125984252 17.007874015748033 diverses
393.1653543307087 231.8740157480315 48.47244094488189 17.007874015748033 qu’il
420.09448818897636 231.8740157480315 26.929133858267715 17.007874015748033 est

37.98425196850393 248.03149606299212 65.48031496062993 15.023622047244094 toujours
87.02362204724409 248.03149606299212 43.653543307086615 15.023622047244094 très
114.23622047244095 248.03149606299212 60.09448818897638 15.023622047244094 délicat
157.88976377952756 248.03149606299212 43.653543307086615 15.023622047244094 pour
185.10236220472441 248.03149606299212 32.59842519685039 15.023622047244094 un
201.54330708661416 248.03149606299212 87.30708661417323 15.023622047244094 commissaire,
272.40944881889766 248.03149606299212 54.425196850393704 15.023622047244094 chargé
310.3937007874016 248.03149606299212 43.653543307086615 15.023622047244094 d’en
337.6062992125984 248.03149606299212 49.039370078740156 15.023622047244094 faire
370.48818897637796 248.03149606299212 32.59842519685039 15.023622047244094 la
381.25984251968504 248.03149606299212 65.48031496062993 15.023622047244094 sélection,

38.55118110236221 259.37007874015745 33.16535433070866 16.724409448818896 de
54.99212598425197 259.37007874015745 44.22047244094488 16.724409448818896 s’en
82.48818897637796 259.37007874015745 71.71653543307086 16.724409448818896 acquitter
137.76377952755905 259.37007874015745 44.22047244094488 16.724409448818896 sans
165.54330708661416 259.37007874015745 49.60629921259842 16.724409448818896 mille
198.70866141732284 259.37007874015745 77.38582677165354 16.724409448818896 scrupules,
259.37007874015745 259.37007874015745 49.60629921259842 16.724409448818896 étant
292.53543307086613 259.37007874015745 49.60629921259842 16.724409448818896 donné
325.7007874015748 259.37007874015745 38.55118110236221 16.724409448818896 que
347.81102362204723 259.37007874015745 38.55118110236221 16.724409448818896 son
369.9212598425197 259.37007874015745 49.60629921259842 16.724409448818896 choix
403.0866141732283 259.37007874015745 44.22047244094488 16.724409448818896 doit
425.1968503937008 259.37007874015745 22.11023622047244 16.724409448818896 se

39.40157480314961 272.9763779527559 51.023622047244096 17.007874015748033 porter
75.11811023622047 272.9763779527559 35.71653543307087 17.007874015748033 sur
95.5275590551181 272.9763779527559 30.614173228346456 17.007874015748033 un
110.83464566929133 272.9763779527559 61.22834645669291 17.007874015748033 ensemble
156.75590551181102 272.9763779527559 45.92125984251968 17.007874015748033 aussi
187.37007874015748 272.9763779527559 86.74015748031496 17.007874015748033 représentatif
259.0866141732283 272.9763779527559 35.71653543307087 17.007874015748033 que
279.496062992126 272.9763779527559 66.33070866141732 17.007874015748033 possible.
330.5196850393701 272.9763779527559 56.125984251968504 17.007874015748033 D’autre
371.33858267716533 272.9763779527559 45.92125984251968 17.007874015748033 part,
396.8503937007874 272.9763779527559 51.023622047244096 17.007874015748033 l’espace

39.118110236220474 285.4488188976378 53.85826771653543 16.440944881889763 limité
76.81889763779527 285.4488188976378 43.08661417322835 16.440944881889763 dont
103.74803149606299 285.4488188976378 32.31496062992126 16.440944881889763 la
119.90551181102362 285.4488188976378 64.62992125984252 16.440944881889763 deuxième
168.09448818897638 285.4488188976378 64.62992125984252 16.440944881889763 Biennale
216.56692913385828 285.4488188976378 32.31496062992126 16.440944881889763 de
232.7244094488189 285.4488188976378 48.47244094488189 16.440944881889763 Paris
265.03937007874015 285.4488188976378 59.24409448818898 16.440944881889763 dispose
308.12598425196853 285.4488188976378 43.08661417322835 16.440944881889763 pour
335.0551181102362 285.4488188976378 32.31496062992126 16.440944881889763 la
350.92913385826773 285.4488188976378 96.94488188976378 16.440944881889763 représentation
426.3307086614173 285.4488188976378 21.543307086614174 16.440944881889763 de

38.83464566929134 297.3543307086614 48.47244094488189 18.141732283464567 notre
71.14960629921259 297.3543307086614 43.08661417322835 18.141732283464567 pays
98.07874015748031 297.3543307086614 43.08661417322835 18.141732283464567 rend
125.00787401574803 297.3543307086614 48.47244094488189 18.141732283464567 cette
157.03937007874015 297.3543307086614 48.47244094488189 18.141732283464567 tâche
189.35433070866142 297.3543307086614 43.08661417322835 18.141732283464567 plus
216.28346456692913 297.3543307086614 70.01574803149606 18.141732283464567 difficile
270.1417322834646 297.3543307086614 59.24409448818898 18.141732283464567 encore.
313.2283464566929 297.3543307086614 59.24409448818898 18.141732283464567 Désirer
356.0314960629921 297.3543307086614 64.62992125984252 18.141732283464567 remédier
404.503937007874 297.3543307086614 26.929133858267715 18.141732283464567 à
409.8897637795276 297.3543307086614 37.7007874015748 18.141732283464567 cette

38.83464566929134 311.5275590551181 56.125984251968504 17.858267716535433 lacune
78.23622047244095 311.5275590551181 33.732283464566926 17.858267716535433 en
94.96062992125984 311.5275590551181 33.732283464566926 17.858267716535433 se
111.68503937007874 311.5275590551181 61.79527559055118 17.858267716535433 bornant
156.75590551181102 311.5275590551181 28.062992125984252 17.858267716535433 à
167.81102362204723 311.5275590551181 61.79527559055118 17.858267716535433 envoyer
212.5984251968504 311.5275590551181 33.732283464566926 17.858267716535433 un
229.60629921259843 311.5275590551181 56.125984251968504 17.858267716535433 nombre
268.7244094488189 311.5275590551181 72.85039370078741 17.858267716535433 restreint
324.8503937007874 311.5275590551181 67.18110236220473 17.858267716535433 d’œuvres
375.3070866141732 311.5275590551181 33.732283464566926 17.858267716535433 de
386.3622047244094 311.5275590551181 61.79527559055118 17.858267716535433 plusieurs

38.83464566929134 324.2834645669291 63.77952755905512 16.724409448818896 artistes
86.74015748031496 324.2834645669291 42.51968503937008 16.724409448818896 est,
113.10236220472441 324.2834645669291 47.90551181102362 16.724409448818896 ainsi
145.13385826771653 324.2834645669291 37.13385826771653 16.724409448818896 que
166.39370078740157 324.2834645669291 42.51968503937008 16.724409448818896 nous
192.75590551181102 324.2834645669291 58.39370078740158 16.724409448818896 l’avons
235.2755905511811 324.2834645669291 58.39370078740158 16.724409448818896 vérifié
277.79527559055117 324.2834645669291 42.51968503937008 16.724409448818896 lors
304.15748031496065 324.2834645669291 31.748031496062993 16.724409448818896 de
320.31496062992125 324.2834645669291 31.748031496062993 16.724409448818896 la
336.18897637795277 324.2834645669291 63.77952755905512 16.724409448818896 Biennale
378.70866141732284 324.2834645669291 68.88188976377953 16.724409448818896 précédente,

38.83464566929134 335.33858267716533 49.889763779527556 17.5748031496063 chose
72.28346456692914 335.33858267716533 49.889763779527556 17.5748031496063 vaine
105.44881889763779 335.33858267716533 33.16535433070866 17.5748031496063 et
121.88976377952756 335.33858267716533 33.16535433070866 17.5748031496063 ne
138.61417322834646 335.33858267716533 49.889763779527556 17.5748031496063 donne
171.7795275590551 335.33858267716533 38.83464566929134 17.5748031496063 aux
193.88976377952756 335.33858267716533 72.0 17.5748031496063 visiteurs
249.16535433070865 335.33858267716533 33.16535433070866 17.5748031496063 et
265.6062992125984 335.33858267716533 38.83464566929134 17.5748031496063 aux
287.7165354330709 335.33858267716533 72.0 17.5748031496063 critiques
342.99212598425197 335.33858267716533 49.889763779527556 17.5748031496063 d’art
376.15748031496065 335.33858267716533 49.889763779527556 17.5748031496063 qu’un
403.93700787401576 335.33858267716533 44.22047244094488 17.5748031496063 aperçu

40.25196850393701 353.1968503937008 75.4015748031496 15.307086614173228 insuffisant
100.62992125984252 353.1968503937008 30.04724409448819 15.307086614173228 de
115.65354330708661 353.1968503937008 45.07086614173228 15.307086614173228 l’art
145.70078740157481 353.1968503937008 30.04724409448819 15.307086614173228 de
161.00787401574803 353.1968503937008 50.173228346456696 15.307086614173228 chaque
191.0551181102362 353.1968503937008 50.173228346456696 15.307086614173228 artiste.

48.75590551181102 362.5511811023622 47.05511811023622 21.543307086614174 Nous
78.23622047244095 362.5511811023622 53.00787401574803 21.543307086614174 avons
113.38582677165354 362.5511811023622 47.05511811023622 21.543307086614174 donc
142.86614173228347 362.5511811023622 58.67716535433071 21.543307086614174 décidé
183.96850393700788 362.5511811023622 35.1496062992126 21.543307086614174 de
201.54330708661416 362.5511811023622 35.1496062992126 21.543307086614174 ne
219.11811023622047 362.5511811023622 76.53543307086615 21.543307086614174 présenter
278.0787401574803 362.5511811023622 53.00787401574803 21.543307086614174 cette
313.2283464566929 362.5511811023622 53.00787401574803 21.543307086614174 année
348.66141732283467 362.5511811023622 41.10236220472441 21.543307086614174 que
371.90551181102364 362.5511811023622 53.00787401574803 21.543307086614174 trois
401.38582677165357 362.5511811023622 47.05511811023622 21.543307086614174 jeunes

39.68503937007874 382.1102362204724 68.31496062992126 15.590551181102363 artistes,
92.40944881889764 382.1102362204724 41.95275590551181 15.590551181102363 afin
118.48818897637796 382.1102362204724 31.46456692913386 15.590551181102363 de
134.36220472440945 382.1102362204724 68.31496062992126 15.590551181102363 permettre
186.8031496062992 382.1102362204724 36.8503937007874 15.590551181102363 une
207.7795275590551 382.1102362204724 68.31496062992126 15.590551181102363 sélection
260.2204724409449 382.1102362204724 41.95275590551181 15.590551181102363 plus
286.2992125984252 382.1102362204724 47.338582677165356 15.590551181102363 large
317.76377952755905 382.1102362204724 31.46456692913386 15.590551181102363 et
333.6377952755906 382.1102362204724 41.95275590551181 15.590551181102363 plus
359.7165354330709 382.1102362204724 89.29133858267717 15.590551181102363 significative
428.0314960629921 382.1102362204724 20.976377952755904 15.590551181102363 de

39.40157480314961 391.748031496063 53.29133858267716 18.992125984251967 leurs
75.11811023622047 391.748031496063 59.24409448818898 18.992125984251967 œuvres
116.50393700787401 391.748031496063 35.71653543307087 18.992125984251967 et
134.36220472440945 391.748031496063 35.71653543307087 18.992125984251967 de
152.2204724409449 391.748031496063 59.24409448818898 18.992125984251967 donner
193.88976377952756 391.748031496063 41.669291338582674 18.992125984251967 une
217.41732283464566 391.748031496063 41.669291338582674 18.992125984251967 vue
241.22834645669292 391.748031496063 53.29133858267716 18.992125984251967 assez
276.9448818897638 391.748031496063 71.14960629921259 18.992125984251967 concrète
330.23622047244095 391.748031496063 35.71653543307087 18.992125984251967 de
348.09448818897636 391.748031496063 94.96062992125984 18.992125984251967 quelques-uns
419.244094488189 391.748031496063 29.763779527559056 18.992125984251967 des

40.53543307086614 404.2204724409449 73.7007874015748 21.543307086614174 multiples
97.22834645669292 404.2204724409449 62.36220472440945 21.543307086614174 aspects
142.58267716535434 404.2204724409449 73.7007874015748 21.543307086614174 précités.
199.2755905511811 404.2204724409449 45.354330708661415 21.543307086614174 Deux
227.6220472440945 404.2204724409449 62.36220472440945 21.543307086614174 d’entre
273.25984251968504 404.2204724409449 45.354330708661415 21.543307086614174 eux,
301.6062992125984 404.2204724409449 56.69291338582677 21.543307086614174 Zendeh
341.29133858267716 404.2204724409449 51.023622047244096 21.543307086614174 Roudi
375.3070866141732 404.2204724409449 34.01574803149607 21.543307086614174 et
386.6456692913386 404.2204724409449 62.36220472440945 21.543307086614174 Chahvagh,

40.818897637795274 422.0787401574803 37.7007874015748 14.740157480314961 ont
62.36220472440945 422.0787401574803 43.08661417322835 14.740157480314961 déjà
89.29133858267717 422.0787401574803 69.73228346456693 14.740157480314961 participé
142.86614173228347 422.0787401574803 26.929133858267715 14.740157480314961 à
153.63779527559055 422.0787401574803 32.31496062992126 14.740157480314961 la
169.79527559055117 422.0787401574803 64.34645669291339 14.740157480314961 première
217.98425196850394 422.0787401574803 64.34645669291339 14.740157480314961 Biennale
266.45669291338584 422.0787401574803 32.31496062992126 14.740157480314961 et
282.61417322834643 422.0787401574803 32.31496062992126 14.740157480314961 le
298.48818897637796 422.0787401574803 75.11811023622047 14.740157480314961 troisième,
357.73228346456693 422.0787401574803 69.73228346456693 14.740157480314961 Nazarian,
411.3070866141732 422.0787401574803 37.7007874015748 14.740157480314961 est
427.46456692913387 422.0787401574803 21.543307086614174 14.740157480314961 un

39.68503937007874 430.86614173228344 50.45669291338583 21.25984251968504 jeune
73.41732283464567 430.86614173228344 61.79527559055118 21.25984251968504 artiste
118.20472440944881 430.86614173228344 44.78740157480315 21.25984251968504 dont
146.5511811023622 430.86614173228344 61.79527559055118 21.25984251968504 l’œuvre
191.33858267716536 430.86614173228344 61.79527559055118 21.25984251968504 devrait
236.1259842519685 430.86614173228344 44.78740157480315 21.25984251968504 être
264.18897637795277 430.86614173228344 78.51968503937007 21.25984251968504 considérée
325.98425196850394 430.86614173228344 50.45669291338583 21.25984251968504 comme
359.7165354330709 430.86614173228344 33.732283464566926 21.25984251968504 le
376.7244094488189 430.86614173228344 72.85039370078741 21.25984251968504 prototype
427.18110236220474 430.86614173228344 22.393700787401574 21.25984251968504 de

40.818897637795274 445.8897637795276 47.90551181102362 17.858267716535433 l’art
72.85039370078741 445.8897637795276 31.748031496062993 17.858267716535433 de
88.7244094488189 445.8897637795276 37.13385826771653 17.858267716535433 bon
109.98425196850394 445.8897637795276 53.00787401574803 17.858267716535433 nombre
147.11811023622047 445.8897637795276 31.748031496062993 17.858267716535433 de
162.99212598425197 445.8897637795276 53.00787401574803 17.858267716535433 jeunes
200.1259842519685 445.8897637795276 58.39370078740158 17.858267716535433 talents
242.64566929133858 445.8897637795276 63.77952755905512 17.858267716535433 iraniens
290.5511811023622 445.8897637795276 31.748031496062993 17.858267716535433 en
306.4251968503937 445.8897637795276 47.90551181102362 17.858267716535433 quête
338.45669291338584 445.8897637795276 37.13385826771653 17.858267716535433 des
359.43307086614175 445.8897637795276 47.90551181102362 17.858267716535433 voies
386.0787401574803 445.8897637795276 63.77952755905512 17.858267716535433 nouvelles.

41.38582677165354 458.6456692913386 31.46456692913386 17.5748031496063 Il
56.976377952755904 458.6456692913386 36.56692913385827 17.5748031496063 est
77.95275590551181 458.6456692913386 83.90551181102362 17.5748031496063 parfaitement
145.98425196850394 458.6456692913386 62.92913385826772 17.5748031496063 imprégné
193.03937007874015 458.6456692913386 31.46456692913386 17.5748031496063 de
208.91338582677164 458.6456692913386 31.46456692913386 17.5748031496063 la
224.50393700787401 458.6456692913386 57.54330708661417 17.5748031496063 culture
266.45669291338584 458.6456692913386 78.51968503937007 17.5748031496063 occidentale
329.38582677165357 458.6456692913386 47.05511811023622 17.5748031496063 qu’il
360.8503937007874 458.6456692913386 26.078740157480315 17.5748031496063 a
371.33858267716533 458.6456692913386 41.95275590551181 17.5748031496063 bien
397.4173228346457 458.6456692913386 31.46456692913386 17.5748031496063 su
407.90551181102364 458.6456692913386 41.95275590551181 17.5748031496063 mettre

40.818897637795274 470.26771653543307 33.732283464566926 21.826771653543307 au
57.54330708661417 470.26771653543307 61.511811023622045 21.826771653543307 service
102.61417322834646 470.26771653543307 33.732283464566926 21.826771653543307 de
119.33858267716535 470.26771653543307 89.5748031496063 21.826771653543307 l’expression
192.18897637795277 470.26771653543307 33.732283464566926 21.826771653543307 de
208.91338582677164 470.26771653543307 39.118110236220474 21.826771653543307 son
231.30708661417322 470.26771653543307 56.125984251968504 21.826771653543307 talent
270.4251968503937 470.26771653543307 89.5748031496063 21.826771653543307 profondément
343.2755905511811 470.26771653543307 72.85039370078741 21.826771653543307 oriental.
393.73228346456693 470.26771653543307 56.125984251968504 21.826771653543307 Nazarian

41.669291338582674 486.1417322834646 36.28346456692913 18.141732283464567 est
62.36220472440945 486.1417322834646 30.89763779527559 18.141732283464567 en
77.66929133858268 486.1417322834646 72.28346456692914 18.141732283464567 possession
134.64566929133858 486.1417322834646 46.488188976377955 18.141732283464567 d’une
165.82677165354332 486.1417322834646 46.488188976377955 18.141732283464567 riche
196.7244094488189 486.1417322834646 67.18110236220473 18.141732283464567 technique
248.5984251968504 486.1417322834646 67.18110236220473 18.141732283464567 picturale
300.18897637795277 486.1417322834646 36.28346456692913 18.141732283464567 qui
320.88188976377955 486.1417322834646 36.28346456692913 18.141732283464567 lui
341.5748031496063 486.1417322834646 51.59055118110236 18.141732283464567 permet
377.8582677165354 486.1417322834646 30.89763779527559 18.141732283464567 de
388.06299212598424 486.1417322834646 62.07874015748032 18.141732283464567 s’exprimer

41.10236220472441 497.1968503937008 67.46456692913385 19.84251968503937 aisément;
92.97637795275591 497.1968503937008 72.56692913385827 19.84251968503937 toutefois,
149.95275590551182 497.1968503937008 93.54330708661418 19.84251968503937 l’indépendance
227.90551181102362 497.1968503937008 31.181102362204726 19.84251968503937 de
243.49606299212599 497.1968503937008 31.181102362204726 19.84251968503937 sa
259.0866141732283 497.1968503937008 83.05511811023622 19.84251968503937 personnalité
326.5511811023622 497.1968503937008 67.46456692913385 19.84251968503937 d’artiste
378.4251968503937 497.1968503937008 31.181102362204726 19.84251968503937 ne
394.01574803149606 497.1968503937008 36.28346456692913 19.84251968503937 lui
409.6062992125984 497.1968503937008 41.38582677165354 19.84251968503937 permet

41.38582677165354 512.2204724409448 39.118110236220474 19.275590551181104 pas
63.77952755905512 512.2204724409448 33.732283464566926 19.275590551181104 de
80.78740157480316 512.2204724409448 56.125984251968504 19.275590551181104 rester
119.90551181102362 512.2204724409448 44.78740157480315 19.275590551181104 dans
147.96850393700788 512.2204724409448 33.732283464566926 19.275590551181104 le
164.69291338582678 512.2204724409448 50.45669291338583 19.275590551181104 cadre
198.4251968503937 512.2204724409448 33.732283464566926 19.275590551181104 de
215.1496062992126 512.2204724409448 39.118110236220474 19.275590551181104 son
237.54330708661416 512.2204724409448 72.85039370078741 19.275590551181104 éducation
293.6692913385827 512.2204724409448 84.18897637795276 19.275590551181104 académique.
361.13385826771656 512.2204724409448 56.125984251968504 19.275590551181104 Ainsi,
400.251968503937 512.2204724409448 50.45669291338583 19.275590551181104 outre
428.31496062992125 512.2204724409448 22.393700787401574 19.275590551181104 la

41.669291338582674 524.6929133858267 74.26771653543307 21.25984251968504 plasticité
100.06299212598425 524.6929133858267 74.26771653543307 21.25984251968504 indéniable
158.45669291338584 524.6929133858267 31.748031496062993 21.25984251968504 de
174.61417322834646 524.6929133858267 37.13385826771653 21.25984251968504 son
195.8740157480315 524.6929133858267 53.00787401574803 21.25984251968504 style,
233.00787401574803 524.6929133858267 31.748031496062993 21.25984251968504 on
248.88188976377953 524.6929133858267 63.77952755905512 21.25984251968504 constate
296.78740157480314 524.6929133858267 42.51968503937008 21.25984251968504 dans
323.1496062992126 524.6929133858267 37.13385826771653 21.25984251968504 ses
344.40944881889766 524.6929133858267 53.00787401574803 21.25984251968504 œuvres
381.54330708661416 524.6929133858267 37.13385826771653 21.25984251968504 une
397.7007874015748 524.6929133858267 53.00787401574803 21.25984251968504 agréable

42.23622047244095 540.5669291338583 54.425196850393704 16.440944881889763 poésie
80.22047244094489 540.5669291338583 59.811023622047244 16.440944881889763 lyrique
123.8740157480315 540.5669291338583 32.59842519685039 16.440944881889763 le
140.31496062992127 540.5669291338583 76.25196850393701 16.440944881889763 rattachant
200.1259842519685 540.5669291338583 27.212598425196852 16.440944881889763 à
210.89763779527559 540.5669291338583 32.59842519685039 16.440944881889763 la
227.33858267716536 540.5669291338583 54.425196850393704 16.440944881889763 lignée
265.6062992125984 540.5669291338583 32.59842519685039 16.440944881889763 de
281.76377952755905 540.5669291338583 49.039370078740156 16.440944881889763 Hafez
314.6456692913386 540.5669291338583 32.59842519685039 16.440944881889763 et
330.8031496062992 540.5669291338583 32.59842519685039 16.440944881889763 de
347.244094488189 540.5669291338583 59.811023622047244 16.440944881889763 Nezami,
390.8976377952756 540.5669291338583 54.425196850393704 16.440944881889763 dotant
423.496062992126 540.5669291338583 27.212598425196852 16.440944881889763 ses

41.669291338582674 555.5905511811023 51.30708661417323 13.32283464566929 toiles
77.66929133858268 555.5905511811023 41.10236220472441 13.32283464566929 d’un
103.18110236220473 555.5905511811023 82.20472440944881 13.32283464566929 sous-univers
170.07874015748033 555.5905511811023 72.0 13.32283464566929 artistique
226.77165354330708 555.5905511811023 41.10236220472441 13.32283464566929 rare
252.28346456692913 555.5905511811023 30.89763779527559 13.32283464566929 de
267.87401574803147 555.5905511811023 36.0 13.32283464566929 nos
283.18110236220474 555.5905511811023 41.10236220472441 13.32283464566929 jours.

401.1023622047244 593.5748031496063 28.346456692913385 18.992125984251967 57
