519.5905511811023 622.7716535433071
50.45669291338583 36.28346456692913 93.25984251968504 15.023622047244094 l’académisme,
126.99212598425197 36.28346456692913 32.881889763779526 15.023622047244094 le
143.43307086614172 36.28346456692913 82.20472440944881 15.023622047244094 naturalisme
209.48031496062993 36.28346456692913 32.881889763779526 15.023622047244094 et
225.92125984251967 36.28346456692913 32.881889763779526 15.023622047244094 le
242.36220472440945 36.28346456692913 82.20472440944881 15.023622047244094 formalisme,
308.12598425196853 36.28346456692913 38.267716535433074 15.023622047244094 les
329.9527559055118 36.28346456692913 54.70866141732284 15.023622047244094 jeunes
368.503937007874 36.28346456692913 65.76377952755905 15.023622047244094 artistes
412.15748031496065 36.28346456692913 43.93700787401575 15.023622047244094 créent

50.45669291338583 50.74015748031496 37.98425196850393 17.007874015748033 des
72.0 50.74015748031496 54.14173228346457 17.007874015748033 œuvres
109.98425196850394 50.74015748031496 37.98425196850393 17.007874015748033 qui
131.5275590551181 50.74015748031496 59.52755905511811 17.007874015748033 puisent
174.89763779527559 50.74015748031496 43.37007874015748 17.007874015748033 leur
201.82677165354332 50.74015748031496 81.07086614173228 17.007874015748033 inspiration
266.74015748031496 50.74015748031496 43.37007874015748 17.007874015748033 dans
293.9527559055118 50.74015748031496 32.31496062992126 17.007874015748033 la
310.1102362204724 50.74015748031496 64.91338582677166 17.007874015748033 réalité.
358.86614173228344 50.74015748031496 48.75590551181102 17.007874015748033 Leurs
391.18110236220474 50.74015748031496 54.14173228346457 17.007874015748033 succès
423.7795275590551 50.74015748031496 32.31496062992126 17.007874015748033 sont

50.45669291338583 63.496062992125985 36.8503937007874 15.307086614173228 dus
71.71653543307086 63.496062992125985 26.362204724409448 15.307086614173228 à
82.20472440944881 63.496062992125985 31.46456692913386 15.307086614173228 la
97.79527559055119 63.496062992125985 89.29133858267717 15.307086614173228 compréhension
171.49606299212599 63.496062992125985 63.21259842519685 15.307086614173228 directe,
218.83464566929135 63.496062992125985 68.31496062992126 15.307086614173228 profonde,
271.5590551181102 63.496062992125985 31.46456692913386 15.307086614173228 de
287.1496062992126 63.496062992125985 31.46456692913386 15.307086614173228 la
303.0236220472441 63.496062992125985 57.826771653543304 15.307086614173228 réalité
344.9763779527559 63.496062992125985 94.67716535433071 15.307086614173228 contemporaine,
418.6771653543307 63.496062992125985 36.8503937007874 15.307086614173228 ainsi

50.173228346456696 76.25196850393701 42.23622047244095 18.708661417322833 qu’à
76.53543307086615 76.25196850393701 31.748031496062993 18.708661417322833 la
92.40944881889764 76.25196850393701 73.7007874015748 18.708661417322833 conscience
150.51968503937007 76.25196850393701 36.8503937007874 18.708661417322833 que
171.49606299212599 76.25196850393701 47.338582677165356 18.708661417322833 l’art
203.24409448818898 76.25196850393701 42.23622047244095 18.708661417322833 doit
229.60629921259843 76.25196850393701 42.23622047244095 18.708661417322833 être
255.96850393700788 76.25196850393701 36.8503937007874 18.708661417322833 mis
276.9448818897638 76.25196850393701 31.748031496062993 18.708661417322833 au
292.81889763779526 76.25196850393701 58.110236220472444 18.708661417322833 service
335.0551181102362 76.25196850393701 31.748031496062993 18.708661417322833 du
350.92913385826773 76.25196850393701 58.110236220472444 18.708661417322833 progrès
393.1653543307087 76.25196850393701 58.110236220472444 18.708661417322833 social.
430.01574803149606 76.25196850393701 26.362204724409448 18.708661417322833 Les

50.45669291338583 94.67716535433071 64.06299212598425 16.15748031496063 lauréats
98.64566929133858 94.67716535433071 37.41732283464567 16.15748031496063 des
119.90551181102362 94.67716535433071 80.22047244094489 16.15748031496063 expositions
183.96850393700788 94.67716535433071 32.031496062992126 16.15748031496063 et
200.1259842519685 94.67716535433071 69.44881889763779 16.15748031496063 festivals
253.41732283464566 94.67716535433071 96.09448818897638 16.15748031496063 internationaux
333.6377952755906 94.67716535433071 80.22047244094489 16.15748031496063 appartenant
397.7007874015748 94.67716535433071 26.64566929133858 16.15748031496063 à
408.18897637795277 94.67716535433071 32.031496062992126 16.15748031496063 la
418.96062992125985 94.67716535433071 37.41732283464567 16.15748031496063 jeune

51.023622047244096 108.56692913385827 73.7007874015748 15.590551181102363 génération
109.13385826771653 108.56692913385827 73.7007874015748 15.590551181102363 d’artistes
166.96062992125985 108.56692913385827 63.21259842519685 15.590551181102363 roumains
214.29921259842519 108.56692913385827 36.8503937007874 15.590551181102363 ont
235.55905511811022 108.56692913385827 57.826771653543304 15.590551181102363 souvent
277.51181102362204 108.56692913385827 36.8503937007874 15.590551181102363 été
298.7716535433071 108.56692913385827 68.5984251968504 15.590551181102363 remarqués
351.21259842519686 108.56692913385827 36.8503937007874 15.590551181102363 par
372.4724409448819 108.56692913385827 31.46456692913386 15.590551181102363 le
388.06299212598424 108.56692913385827 52.724409448818896 15.590551181102363 public
425.1968503937008 108.56692913385827 31.46456692913386 15.590551181102363 et
435.68503937007875 108.56692913385827 20.976377952755904 15.590551181102363 la

49.889763779527556 121.03937007874016 56.976377952755904 18.708661417322833 presse
89.85826771653544 121.03937007874016 34.2992125984252 18.708661417322833 de
101.19685039370079 121.03937007874016 73.98425196850394 18.708661417322833 l’étranger.

62.36220472440945 136.06299212598427 46.20472440944882 13.88976377952756 Parmi
92.97637795275591 136.06299212598427 36.0 13.88976377952756 les
113.66929133858268 136.06299212598427 61.511811023622045 13.88976377952756 artistes
159.8740157480315 136.06299212598427 61.511811023622045 13.88976377952756 roumains
205.79527559055117 136.06299212598427 36.0 13.88976377952756 qui
226.48818897637796 136.06299212598427 71.71653543307086 13.88976377952756 présentent
282.8976377952756 136.06299212598427 36.0 13.88976377952756 des
303.3070866141732 136.06299212598427 51.30708661417323 13.88976377952756 œuvres
339.3070866141732 136.06299212598427 25.511811023622048 13.88976377952756 à
349.51181102362204 136.06299212598427 30.89763779527559 13.88976377952756 la
364.81889763779526 136.06299212598427 61.511811023622045 13.88976377952756 deuxième
405.9212598425197 136.06299212598427 51.30708661417323 13.88976377952756 Biennale

51.59055118110236 150.8031496062992 94.67716535433071 14.173228346456693 Internationale
130.6771653543307 150.8031496062992 36.8503937007874 14.173228346456693 des
151.6535433070866 150.8031496062992 52.724409448818896 14.173228346456693 jeunes
188.50393700787401 150.8031496062992 63.21259842519685 14.173228346456693 artistes
235.84251968503938 150.8031496062992 26.362204724409448 14.173228346456693 à
246.33070866141733 150.8031496062992 52.724409448818896 14.173228346456693 Paris,
283.18110236220474 150.8031496062992 31.46456692913386 14.173228346456693 il
298.7716535433071 150.8031496062992 26.362204724409448 14.173228346456693 y
309.54330708661416 150.8031496062992 26.362204724409448 14.173228346456693 a
320.0314960629921 150.8031496062992 63.21259842519685 14.173228346456693 quelques
367.37007874015745 150.8031496062992 78.80314960629921 14.173228346456693 plasticiens
425.1968503937008 150.8031496062992 31.46456692913386 14.173228346456693 qui,

51.023622047244096 161.00787401574803 41.10236220472441 18.4251968503937 tout
76.81889763779527 161.00787401574803 30.89763779527559 18.4251968503937 en
92.1259842519685 161.00787401574803 46.488188976377955 18.4251968503937 ayant
123.02362204724409 161.00787401574803 25.79527559055118 18.4251968503937 à
133.51181102362204 161.00787401574803 46.488188976377955 18.4251968503937 peine
164.1259842519685 161.00787401574803 56.69291338582677 18.4251968503937 terminé
205.51181102362204 161.00787401574803 36.0 18.4251968503937 les
226.20472440944883 161.00787401574803 46.488188976377955 18.4251968503937 cours
257.1023622047244 161.00787401574803 30.89763779527559 18.4251968503937 de
272.40944881889766 161.00787401574803 72.0 18.4251968503937 l’Institut
329.1023622047244 161.00787401574803 46.488188976377955 18.4251968503937 d’Art
360.0 161.00787401574803 72.0 18.4251968503937 plastique,
416.6929133858268 161.00787401574803 30.89763779527559 18.4251968503937 se
426.8976377952756 161.00787401574803 30.89763779527559 18.4251968503937 sont

51.874015748031496 180.0 41.669291338582674 15.023622047244094 déjà
77.66929133858268 180.0 57.25984251968504 15.023622047244094 imposés
119.33858267716535 180.0 26.078740157480315 15.023622047244094 à
129.82677165354332 180.0 77.95275590551181 15.023622047244094 l’attention
191.90551181102362 180.0 31.181102362204726 15.023622047244094 du
207.49606299212599 180.0 51.874015748031496 15.023622047244094 public
244.06299212598427 180.0 26.078740157480315 15.023622047244094 à
254.26771653543307 180.0 72.85039370078741 15.023622047244094 l’occasion
311.5275590551181 180.0 36.28346456692913 15.023622047244094 des
332.2204724409449 180.0 77.95275590551181 15.023622047244094 différentes
389.4803149606299 180.0 67.46456692913385 15.023622047244094 expositions

51.023622047244096 193.03937007874015 84.4724409448819 13.32283464566929 organisées,
118.77165354330708 193.03937007874015 45.07086614173228 13.32283464566929 tant
146.83464566929135 193.03937007874015 33.732283464566926 13.32283464566929 en
163.84251968503938 193.03937007874015 67.74803149606299 13.32283464566929 Roumanie
214.58267716535434 193.03937007874015 45.07086614173228 13.32283464566929 qu’à
242.64566929133858 193.03937007874015 84.4724409448819 13.32283464566929 l’étranger.
310.3937007874016 193.03937007874015 50.74015748031496 13.32283464566929 C’est
344.12598425196853 193.03937007874015 33.732283464566926 13.32283464566929 le
361.13385826771656 193.03937007874015 39.40157480314961 13.32283464566929 cas
383.5275590551181 193.03937007874015 39.40157480314961 13.32283464566929 des
400.53543307086613 193.03937007874015 56.40944881889764 13.32283464566929 graveurs

51.30708661417323 206.64566929133858 64.06299212598425 17.291338582677167 Cornelia
99.49606299212599 206.64566929133858 48.188976377952756 17.291338582677167 Danet
131.5275590551181 206.64566929133858 32.031496062992126 17.291338582677167 et
147.4015748031496 206.64566929133858 53.29133858267716 17.291338582677167 Traian
184.8188976377953 206.64566929133858 58.67716535433071 17.291338582677167 Vassai,
227.6220472440945 206.64566929133858 69.44881889763779 17.291338582677167 remarqués
280.9133858267717 206.64566929133858 32.031496062992126 17.291338582677167 au
297.07086614173227 206.64566929133858 48.188976377952756 17.291338582677167 cours
329.1023622047244 206.64566929133858 32.031496062992126 17.291338582677167 de
344.9763779527559 206.64566929133858 69.44881889763779 17.291338582677167 certaines
393.1653543307087 206.64566929133858 64.06299212598425 17.291338582677167 manifesta-

51.023622047244096 216.56692913385828 46.488188976377955 19.84251968503937 tions
81.92125984251969 216.56692913385828 102.89763779527559 19.84251968503937 internationales.
169.51181102362204 216.56692913385828 30.89763779527559 19.84251968503937 La
184.8188976377953 216.56692913385828 56.69291338582677 19.84251968503937 gravure
226.20472440944883 216.56692913385828 66.89763779527559 19.84251968503937 intitulée
277.51181102362204 216.56692913385828 25.79527559055118 19.84251968503937 «
288.0 216.56692913385828 30.89763779527559 19.84251968503937 La
303.3070866141732 216.56692913385828 41.10236220472441 19.84251968503937 Paix
329.1023622047244 216.56692913385828 25.79527559055118 19.84251968503937 »
339.3070866141732 216.56692913385828 30.89763779527559 19.84251968503937 et
354.8976377952756 216.56692913385828 51.59055118110236 19.84251968503937 signée
390.8976377952756 216.56692913385828 36.0 19.84251968503937 par
406.20472440944883 216.56692913385828 51.59055118110236 19.84251968503937 Cornelia

52.44094488188976 236.1259842519685 48.75590551181102 13.606299212598426 Danet
84.75590551181102 236.1259842519685 26.929133858267715 13.606299212598426 a
95.5275590551181 236.1259842519685 37.7007874015748 13.606299212598426 été
117.35433070866142 236.1259842519685 43.37007874015748 13.606299212598426 mise
144.28346456692913 236.1259842519685 32.31496062992126 13.606299212598426 en
160.44094488188978 236.1259842519685 64.91338582677166 13.606299212598426 évidence
209.1968503937008 236.1259842519685 32.31496062992126 13.606299212598426 et
225.35433070866142 236.1259842519685 75.68503937007874 13.606299212598426 considérée
284.88188976377955 236.1259842519685 48.75590551181102 13.606299212598426 comme
317.1968503937008 236.1259842519685 37.7007874015748 13.606299212598426 une
339.0236220472441 236.1259842519685 37.7007874015748 13.606299212598426 des
360.56692913385825 236.1259842519685 43.37007874015748 13.606299212598426 plus
382.1102362204724 236.1259842519685 75.68503937007874 13.606299212598426 remarquables

51.59055118110236 246.33070866141733 54.14173228346457 18.4251968503937 œuvres
89.5748031496063 246.33070866141733 59.811023622047244 18.4251968503937 dédiées
132.9448818897638 246.33070866141733 27.212598425196852 18.4251968503937 à
143.71653543307087 246.33070866141733 32.59842519685039 18.4251968503937 ce
160.15748031496062 246.33070866141733 54.14173228346457 18.4251968503937 sujet.
198.14173228346456 246.33070866141733 65.19685039370079 18.4251968503937 D’autres
246.89763779527559 246.33070866141733 70.58267716535433 18.4251968503937 artistes,
301.3228346456693 246.33070866141733 37.98425196850393 18.4251968503937 les
322.86614173228344 246.33070866141733 65.19685039370079 18.4251968503937 peintres
371.90551181102364 246.33070866141733 48.75590551181102 18.4251968503937 Sabin
404.503937007874 246.33070866141733 54.14173228346457 18.4251968503937 Balasa
436.81889763779526 246.33070866141733 21.826771653543307 18.4251968503937 et

51.874015748031496 264.18897637795277 76.81889763779527 16.724409448818896 Constantin
112.25196850393701 264.18897637795277 65.76377952755905 16.724409448818896 Blendea,
161.5748031496063 264.18897637795277 38.55118110236221 16.724409448818896 par
183.68503937007873 264.18897637795277 65.76377952755905 16.724409448818896 exemple,
233.00787401574803 264.18897637795277 38.55118110236221 16.724409448818896 ont
254.83464566929135 264.18897637795277 65.76377952755905 16.724409448818896 remporté
304.4409448818898 264.18897637795277 54.99212598425197 16.724409448818896 divers
342.70866141732284 264.18897637795277 43.93700787401575 16.724409448818896 prix
370.20472440944883 264.18897637795277 27.496062992125985 16.724409448818896 à
381.25984251968504 264.18897637795277 76.81889763779527 16.724409448818896 l’occasion
436.251968503937 264.18897637795277 21.826771653543307 16.724409448818896 de

52.15748031496063 280.06299212598424 62.36220472440945 15.023622047244094 certains
98.92913385826772 280.06299212598424 67.74803149606299 15.023622047244094 festivals
151.08661417322836 280.06299212598424 93.8267716535433 15.023622047244094 internationaux
229.03937007874015 280.06299212598424 31.181102362204726 15.023622047244094 de
244.62992125984252 280.06299212598424 31.181102362204726 15.023622047244094 la
255.11811023622047 280.06299212598424 57.25984251968504 15.023622047244094 jeunesse.

63.21259842519685 290.26771653543307 34.58267716535433 18.4251968503937 Lia
82.77165354330708 290.26771653543307 49.32283464566929 18.4251968503937 Szasz,
117.35433070866142 290.26771653543307 34.58267716535433 18.4251968503937 qui
137.1968503937008 290.26771653543307 44.503937007874015 18.4251968503937 s’est
166.96062992125985 290.26771653543307 59.24409448818898 18.4251968503937 affirmée
211.1811023622047 290.26771653543307 39.40157480314961 18.4251968503937 dans
236.1259842519685 290.26771653543307 29.763779527559056 18.4251968503937 le
250.86614173228347 290.26771653543307 54.425196850393704 18.4251968503937 domaine
290.26771653543307 290.26771653543307 29.763779527559056 18.4251968503937 du
305.29133858267716 290.26771653543307 59.24409448818898 18.4251968503937 portrait
349.79527559055117 290.26771653543307 29.763779527559056 18.4251968503937 et
364.53543307086613 290.26771653543307 29.763779527559056 18.4251968503937 de
379.2755905511811 290.26771653543307 29.763779527559056 18.4251968503937 la
389.1968503937008 290.26771653543307 69.16535433070867 18.4251968503937 composition,

52.44094488188976 302.74015748031496 36.0 17.858267716535433 est
72.85039370078741 302.74015748031496 56.40944881889764 17.858267716535433 attirée
113.95275590551181 302.74015748031496 30.89763779527559 17.858267716535433 en
129.25984251968504 302.74015748031496 41.10236220472441 17.858267716535433 même
155.0551181102362 302.74015748031496 46.20472440944882 17.858267716535433 temps
185.95275590551182 302.74015748031496 36.0 17.858267716535433 par
206.36220472440945 302.74015748031496 30.89763779527559 17.858267716535433 la
221.66929133858267 302.74015748031496 61.511811023622045 17.858267716535433 fresque,
267.87401574803147 302.74015748031496 46.20472440944882 17.858267716535433 genre
298.7716535433071 302.74015748031496 41.10236220472441 17.858267716535433 dans
324.2834645669291 302.74015748031496 51.30708661417323 17.858267716535433 lequel
360.2834645669291 302.74015748031496 41.10236220472441 17.858267716535433 elle
386.0787401574803 302.74015748031496 25.79527559055118 17.858267716535433 a
396.2834645669291 302.74015748031496 41.10236220472441 17.858267716535433 déjà
416.6929133858268 302.74015748031496 41.10236220472441 17.858267716535433 obtenu

52.44094488188976 322.5826771653543 30.04724409448819 14.173228346456693 de
67.46456692913385 322.5826771653543 45.07086614173228 14.173228346456693 beaux
97.79527559055119 322.5826771653543 70.2992125984252 14.173228346456693 résultats.
152.78740157480314 322.5826771653543 35.1496062992126 14.173228346456693 Ion
172.91338582677164 322.5826771653543 55.275590551181104 14.173228346456693 Nicodim
212.88188976377953 322.5826771653543 35.1496062992126 14.173228346456693 est
233.00787401574803 322.5826771653543 30.04724409448819 14.173228346456693 un
248.03149606299212 322.5826771653543 55.275590551181104 14.173228346456693 artiste
288.2834645669291 322.5826771653543 85.32283464566929 14.173228346456693 multilatéral;
358.2992125984252 322.5826771653543 55.275590551181104 14.173228346456693 peintre
398.5511811023622 322.5826771653543 30.04724409448819 14.173228346456693 et
408.4724409448819 322.5826771653543 50.173228346456696 14.173228346456693 graveur,

52.44094488188976 333.3543307086614 31.181102362204726 17.5748031496063 il
68.03149606299213 333.3543307086614 31.181102362204726 17.5748031496063 se
83.62204724409449 333.3543307086614 67.74803149606299 17.5748031496063 préoccupe
135.49606299212599 333.3543307086614 72.85039370078741 17.5748031496063 également,
192.75590551181102 333.3543307086614 41.669291338582674 17.5748031496063 dans
218.83464566929135 333.3543307086614 36.28346456692913 17.5748031496063 une
239.5275590551181 333.3543307086614 52.15748031496063 17.5748031496063 mesure
276.09448818897636 333.3543307086614 62.36220472440945 17.5748031496063 toujours
322.86614173228344 333.3543307086614 77.95275590551181 17.5748031496063 croissante,
385.2283464566929 333.3543307086614 31.181102362204726 17.5748031496063 de
395.7165354330709 333.3543307086614 62.36220472440945 17.5748031496063 décoration

46.488188976377955 350.0787401574803 52.15748031496063 15.874015748031496 murale.

62.92913385826772 361.13385826771656 32.031496062992126 21.543307086614174 Le
79.08661417322834 361.13385826771656 69.44881889763779 21.543307086614174 sculpteur
132.3779527559055 361.13385826771656 53.574803149606296 21.543307086614174 Victor
169.79527559055117 361.13385826771656 53.574803149606296 21.543307086614174 Roman,
207.21259842519686 361.13385826771656 37.41732283464567 21.543307086614174 qui
228.75590551181102 361.13385826771656 48.188976377952756 21.543307086614174 vient
260.78740157480314 361.13385826771656 32.031496062992126 21.543307086614174 de
276.9448818897638 361.13385826771656 48.188976377952756 21.543307086614174 finir
308.9763779527559 361.13385826771656 37.41732283464567 21.543307086614174 ses
330.23622047244095 361.13385826771656 53.574803149606296 21.543307086614174 études
367.65354330708664 361.13385826771656 42.803149606299215 21.543307086614174 dans
394.5826771653543 361.13385826771656 32.031496062992126 21.543307086614174 le
410.45669291338584 361.13385826771656 48.188976377952756 21.543307086614174 cadre
437.38582677165357 361.13385826771656 21.25984251968504 21.543307086614174 de

52.44094488188976 375.3070866141732 68.5984251968504 20.409448818897637 l’Institut
106.2992125984252 375.3070866141732 43.93700787401575 20.409448818897637 d’Art
135.49606299212599 375.3070866141732 68.5984251968504 20.409448818897637 Plastique,
189.35433070866142 375.3070866141732 24.37795275590551 20.409448818897637 a
199.2755905511811 375.3070866141732 49.039370078740156 20.409448818897637 exposé
233.5748031496063 375.3070866141732 39.118110236220474 20.409448818897637 pour
257.9527559055118 375.3070866141732 29.480314960629922 20.409448818897637 la
272.6929133858268 375.3070866141732 58.67716535433071 20.409448818897637 première
316.62992125984255 375.3070866141732 39.118110236220474 20.409448818897637 fois
341.29133858267716 375.3070866141732 34.2992125984252 20.409448818897637 ses
360.8503937007874 375.3070866141732 49.039370078740156 20.409448818897637 œuvres
395.1496062992126 375.3070866141732 24.37795275590551 20.409448818897637 à
399.9685039370079 375.3070866141732 58.67716535433071 20.409448818897637 l’occasion

52.44094488188976 390.61417322834643 45.07086614173228 18.141732283464567 d’une
82.77165354330708 390.61417322834643 70.2992125984252 18.141732283464567 exposition
137.76377952755905 390.61417322834643 55.275590551181104 18.141732283464567 ouverte
178.01574803149606 390.61417322834643 25.228346456692915 18.141732283464567 à
188.2204724409449 390.61417322834643 60.37795275590551 18.141732283464567 Bucarest
233.29133858267716 390.61417322834643 55.275590551181104 18.141732283464567 pendant
273.54330708661416 390.61417322834643 50.173228346456696 18.141732283464567 l’été.
308.6929133858268 390.61417322834643 30.04724409448819 18.141732283464567 Il
323.7165354330709 390.61417322834643 45.07086614173228 18.141732283464567 s’est
353.76377952755905 390.61417322834643 40.25196850393701 18.141732283464567 fait
378.99212598425197 390.61417322834643 65.19685039370079 18.141732283464567 remarquer
424.06299212598424 390.61417322834643 35.1496062992126 18.141732283464567 grâce

51.59055118110236 408.4724409448819 39.968503937007874 18.4251968503937 aux
74.26771653543307 408.4724409448819 68.31496062992126 18.4251968503937 qualités
125.5748031496063 408.4724409448819 79.65354330708661 18.4251968503937 plastiques
188.2204724409449 408.4724409448819 34.2992125984252 18.4251968503937 de
205.51181102362204 408.4724409448819 39.968503937007874 18.4251968503937 ses
222.51968503937007 408.4724409448819 51.30708661417323 18.4251968503937 œuvres.

62.36220472440945 421.51181102362204 43.653543307086615 14.173228346456693 Tout
89.5748031496063 421.51181102362204 32.59842519685039 14.173228346456693 en
105.73228346456693 421.51181102362204 49.039370078740156 14.173228346456693 étant
138.61417322834646 421.51181102362204 54.425196850393704 14.173228346456693 encore
176.5984251968504 421.51181102362204 27.212598425196852 14.173228346456693 à
187.6535433070866 421.51181102362204 49.039370078740156 14.173228346456693 l’âge
220.251968503937 421.51181102362204 37.98425196850393 14.173228346456693 des
242.07874015748033 421.51181102362204 92.69291338582677 14.173228346456693 tâtonnements,
318.3307086614173 421.51181102362204 37.98425196850393 14.173228346456693 les
339.87401574803147 421.51181102362204 54.425196850393704 14.173228346456693 jeunes
378.1417322834646 421.51181102362204 65.48031496062993 14.173228346456693 artistes
427.18110236220474 421.51181102362204 32.59842519685039 14.173228346456693 de
437.9527559055118 421.51181102362204 21.826771653543307 14.173228346456693 la

53.29133858267716 432.2834645669291 75.96850393700787 20.125984251968504 République
112.81889763779527 432.2834645669291 70.58267716535433 20.125984251968504 Populaire
167.24409448818898 432.2834645669291 65.19685039370079 20.125984251968504 Roumaine
216.0 432.2834645669291 32.59842519685039 20.125984251968504 se
232.44094488188978 432.2834645669291 81.35433070866142 20.125984251968504 distinguent
297.6377952755906 432.2834645669291 37.98425196850393 20.125984251968504 par
319.18110236220474 432.2834645669291 32.59842519685039 20.125984251968504 le
335.62204724409446 432.2834645669291 65.19685039370079 20.125984251968504 contenu,
384.37795275590554 432.2834645669291 32.59842519685039 20.125984251968504 la
400.53543307086613 432.2834645669291 59.811023622047244 20.125984251968504 variété
438.5196850393701 432.2834645669291 21.826771653543307 20.125984251968504 et

52.724409448818896 449.00787401574803 88.44094488188976 21.25984251968504 l’originalité
125.5748031496063 449.00787401574803 31.181102362204726 21.25984251968504 de
141.16535433070865 449.00787401574803 41.669291338582674 21.25984251968504 leur
161.85826771653544 449.00787401574803 57.25984251968504 21.25984251968504 création.

409.3228346456693 594.1417322834645 28.913385826771652 16.15748031496063 101
