<alto xmlns:xsi="http://www.w3.org/2001/XMLSchema-instance" xmlns="http://www.loc.gov/standards/alto/ns-v2#" xmlns:page="http://schema.primaresearch.org/PAGE/gts/pagecontent/2013-07-15" xsi:schemaLocation="http://www.loc.gov/standards/alto/ns-v2# http://www.loc.gov/standards/alto/alto.xsd">
  <Description>
    <MeasurementUnit>pixel</MeasurementUnit>
    <sourceImageInformation>
         <fileName>Cat_Paris_1961-0093.xml</fileName>
      </sourceImageInformation>
    <OCRProcessing ID="IdOcr">
      <ocrProcessingStep>
        <processingDateTime>2020-07-01T20:52:55.46+02:00</processingDateTime>
        <processingSoftware>
               <softwareCreator>CONTRIBUTORS</softwareCreator>
               <softwareName>pdfalto</softwareName>
               <softwareVersion>0.1</softwareVersion>
            </processingSoftware>
      </ocrProcessingStep>
    </OCRProcessing>
  </Description>
  <Styles>
     <TextStyle ID="FONT0" FONTFAMILY="unknown" FONTSIZE="unknown" FONTTYPE="unknown" FONTWIDTH="unknown" FONTCOLOR="unknown" FONTSTYLE=""/>
     <TextStyle ID="FONT1" FONTFAMILY="unknown" FONTSIZE="unknown" FONTTYPE="unknown" FONTWIDTH="unknown" FONTCOLOR="unknown" FONTSTYLE="bold"/>
     <TextStyle ID="FONT2" FONTFAMILY="unknown" FONTSIZE="unknown" FONTTYPE="unknown" FONTWIDTH="unknown" FONTCOLOR="unknown" FONTSTYLE="italics"/>
</Styles>
  <Tags/>
  <Layout>
    <Page ID="Page1" PHYSICAL_IMG_NR="1" HEIGHT="622.7716535433071" WIDTH="515.3385826771654">
      <PrintSpace HEIGHT="622.488188976378" WIDTH="512.7874015748032" VPOS="0.0" HPOS="0.0">
        <TextBlock ID="r_1_1" HEIGHT="11.338582677165354" WIDTH="58.39370078740158" VPOS="4.535433070866142" HPOS="77.66929133858268">
          <TextLine ID="tl_1" BASELINE="76" HEIGHT="19.275590551181104" WIDTH="62.92913385826772" VPOS="2.267716535433071" HPOS="75.4015748031496">
            <String HEIGHT="19.275590551181104" WIDTH="73.41732283464567" VPOS="2.267716535433071" HPOS="64.91338582677166" CONTENT="MAROC" ID="tl_1_1" STYLEREFS="FONT1"/>
          </TextLine>
        </TextBlock>
        <TextBlock ID="r_2_1" HEIGHT="20.409448818897637" WIDTH="183.96850393700788" VPOS="122.45669291338582" HPOS="170.9291338582677">
          <TextLine ID="tl_2" BASELINE="474" HEIGHT="17.291338582677167" WIDTH="187.93700787401573" VPOS="117.07086614173228" HPOS="168.9448818897638">
            <String HEIGHT="17.291338582677167" WIDTH="65.48031496062993" VPOS="117.07086614173228" HPOS="164.69291338582678" CONTENT="Commissaire" ID="tl_2_1" STYLEREFS="FONT0"/>
            <SP HEIGHT="17.291338582677167" WIDTH="4.251968503937008" VPOS="117.07086614173228" HPOS="230.17322834645668"/>
            <String HEIGHT="17.291338582677167" WIDTH="48.188976377952756" VPOS="117.07086614173228" HPOS="217.13385826771653" CONTENT="Général" ID="tl_2_2" STYLEREFS="FONT0"/>
            <SP HEIGHT="17.291338582677167" WIDTH="4.251968503937008" VPOS="117.07086614173228" HPOS="265.03937007874015"/>
            <String HEIGHT="17.291338582677167" WIDTH="21.826771653543307" VPOS="117.07086614173228" HPOS="252.0" CONTENT=":" ID="tl_2_3" STYLEREFS="FONT0"/>
            <SP HEIGHT="17.291338582677167" WIDTH="4.251968503937008" VPOS="117.07086614173228" HPOS="273.8267716535433"/>
            <String HEIGHT="17.291338582677167" WIDTH="52.44094488188976" VPOS="117.07086614173228" HPOS="260.78740157480314" CONTENT="Ahmed" ID="tl_2_4" STYLEREFS="FONT1"/>
            <SP HEIGHT="17.291338582677167" WIDTH="4.251968503937008" VPOS="117.07086614173228" HPOS="313.2283464566929"/>
            <String HEIGHT="17.291338582677167" WIDTH="61.22834645669291" VPOS="117.07086614173228" HPOS="295.65354330708664" CONTENT="Sefrioui" ID="tl_2_5" STYLEREFS="FONT1"/>
          </TextLine>
          <TextLine ID="tl_3" BASELINE="522" HEIGHT="16.15748031496063" WIDTH="161.29133858267716" VPOS="131.81102362204723" HPOS="169.22834645669292">
            <String HEIGHT="16.15748031496063" WIDTH="61.79527559055118" VPOS="131.81102362204723" HPOS="164.40944881889763" CONTENT="Directeur" ID="tl_3_1" STYLEREFS="FONT0"/>
            <SP HEIGHT="16.15748031496063" WIDTH="4.818897637795276" VPOS="131.81102362204723" HPOS="226.20472440944883"/>
            <String HEIGHT="16.15748031496063" WIDTH="33.16535433070866" VPOS="131.81102362204723" HPOS="212.03149606299212" CONTENT="des" ID="tl_3_2" STYLEREFS="FONT0"/>
            <SP HEIGHT="16.15748031496063" WIDTH="4.818897637795276" VPOS="131.81102362204723" HPOS="245.1968503937008"/>
            <String HEIGHT="16.15748031496063" WIDTH="37.98425196850393" VPOS="131.81102362204723" HPOS="231.0236220472441" CONTENT="Arts" ID="tl_3_3" STYLEREFS="FONT0"/>
            <SP HEIGHT="16.15748031496063" WIDTH="4.818897637795276" VPOS="131.81102362204723" HPOS="268.7244094488189"/>
            <String HEIGHT="16.15748031496063" WIDTH="28.346456692913385" VPOS="131.81102362204723" HPOS="254.5511811023622" CONTENT="et" ID="tl_3_4" STYLEREFS="FONT0"/>
            <SP HEIGHT="16.15748031496063" WIDTH="4.818897637795276" VPOS="131.81102362204723" HPOS="283.18110236220474"/>
            <String HEIGHT="16.15748031496063" WIDTH="28.346456692913385" VPOS="131.81102362204723" HPOS="268.7244094488189" CONTENT="du" ID="tl_3_5" STYLEREFS="FONT0"/>
            <SP HEIGHT="16.15748031496063" WIDTH="4.818897637795276" VPOS="131.81102362204723" HPOS="297.3543307086614"/>
            <String HEIGHT="16.15748031496063" WIDTH="52.15748031496063" VPOS="131.81102362204723" HPOS="278.3622047244094" CONTENT="Folklore." ID="tl_3_6" STYLEREFS="FONT0"/>
          </TextLine>
        </TextBlock>
        <TextBlock ID="r_3_1" HEIGHT="173.76377952755905" WIDTH="385.51181102362204" VPOS="197.00787401574803" HPOS="115.65354330708661">
          <TextLine ID="tl_4" BASELINE="748" HEIGHT="18.4251968503937" WIDTH="377.29133858267716" VPOS="193.60629921259843" HPOS="124.44094488188976">
            <String HEIGHT="18.4251968503937" WIDTH="30.04724409448819" VPOS="193.60629921259843" HPOS="119.33858267716535" CONTENT="La" ID="tl_4_1" STYLEREFS="FONT0"/>
            <SP HEIGHT="18.4251968503937" WIDTH="5.102362204724409" VPOS="193.60629921259843" HPOS="149.66929133858267"/>
            <String HEIGHT="18.4251968503937" WIDTH="60.37795275590551" VPOS="193.60629921259843" HPOS="134.36220472440945" CONTENT="peinture" ID="tl_4_2" STYLEREFS="FONT0"/>
            <SP HEIGHT="18.4251968503937" WIDTH="5.102362204724409" VPOS="193.60629921259843" HPOS="194.74015748031496"/>
            <String HEIGHT="18.4251968503937" WIDTH="65.48031496062993" VPOS="193.60629921259843" HPOS="179.71653543307087" CONTENT="marocaine" ID="tl_4_3" STYLEREFS="FONT0"/>
            <SP HEIGHT="18.4251968503937" WIDTH="5.102362204724409" VPOS="193.60629921259843" HPOS="245.1968503937008"/>
            <String HEIGHT="18.4251968503937" WIDTH="30.04724409448819" VPOS="193.60629921259843" HPOS="230.17322834645668" CONTENT="ne" ID="tl_4_4" STYLEREFS="FONT0"/>
            <SP HEIGHT="18.4251968503937" WIDTH="5.102362204724409" VPOS="193.60629921259843" HPOS="260.2204724409449"/>
            <String HEIGHT="18.4251968503937" WIDTH="40.25196850393701" VPOS="193.60629921259843" HPOS="245.1968503937008" CONTENT="peut" ID="tl_4_5" STYLEREFS="FONT0"/>
            <SP HEIGHT="18.4251968503937" WIDTH="5.102362204724409" VPOS="193.60629921259843" HPOS="285.4488188976378"/>
            <String HEIGHT="18.4251968503937" WIDTH="45.354330708661415" VPOS="193.60629921259843" HPOS="270.4251968503937" CONTENT="être," ID="tl_4_6" STYLEREFS="FONT0"/>
            <SP HEIGHT="18.4251968503937" WIDTH="5.102362204724409" VPOS="193.60629921259843" HPOS="315.496062992126"/>
            <String HEIGHT="18.4251968503937" WIDTH="30.04724409448819" VPOS="193.60629921259843" HPOS="300.4724409448819" CONTENT="en" ID="tl_4_7" STYLEREFS="FONT0"/>
            <SP HEIGHT="18.4251968503937" WIDTH="5.102362204724409" VPOS="193.60629921259843" HPOS="330.8031496062992"/>
            <String HEIGHT="18.4251968503937" WIDTH="50.173228346456696" VPOS="193.60629921259843" HPOS="315.496062992126" CONTENT="effet," ID="tl_4_8" STYLEREFS="FONT0"/>
            <SP HEIGHT="18.4251968503937" WIDTH="5.102362204724409" VPOS="193.60629921259843" HPOS="365.9527559055118"/>
            <String HEIGHT="18.4251968503937" WIDTH="35.1496062992126" VPOS="193.60629921259843" HPOS="350.92913385826773" CONTENT="que" ID="tl_4_9" STYLEREFS="FONT0"/>
            <SP HEIGHT="18.4251968503937" WIDTH="5.102362204724409" VPOS="193.60629921259843" HPOS="386.0787401574803"/>
            <String HEIGHT="18.4251968503937" WIDTH="45.354330708661415" VPOS="193.60629921259843" HPOS="371.0551181102362" CONTENT="jeune" ID="tl_4_10" STYLEREFS="FONT0"/>
            <SP HEIGHT="18.4251968503937" WIDTH="5.102362204724409" VPOS="193.60629921259843" HPOS="416.12598425196853"/>
            <String HEIGHT="18.4251968503937" WIDTH="35.1496062992126" VPOS="193.60629921259843" HPOS="401.1023622047244" CONTENT="par" ID="tl_4_11" STYLEREFS="FONT0"/>
            <SP HEIGHT="18.4251968503937" WIDTH="5.102362204724409" VPOS="193.60629921259843" HPOS="436.251968503937"/>
            <String HEIGHT="18.4251968503937" WIDTH="55.275590551181104" VPOS="193.60629921259843" HPOS="421.2283464566929" CONTENT="rapport" ID="tl_4_12" STYLEREFS="FONT0"/>
            <SP HEIGHT="18.4251968503937" WIDTH="5.102362204724409" VPOS="193.60629921259843" HPOS="476.503937007874"/>
            <String HEIGHT="18.4251968503937" WIDTH="25.228346456692915" VPOS="193.60629921259843" HPOS="461.4803149606299" CONTENT="à" ID="tl_4_13" STYLEREFS="FONT0"/>
            <SP HEIGHT="18.4251968503937" WIDTH="5.102362204724409" VPOS="193.60629921259843" HPOS="486.70866141732284"/>
            <String HEIGHT="18.4251968503937" WIDTH="35.1496062992126" VPOS="193.60629921259843" HPOS="466.5826771653543" CONTENT="celle" ID="tl_4_14" STYLEREFS="FONT0"/>
          </TextLine>
          <TextLine ID="tl_5" BASELINE="804" HEIGHT="20.125984251968504" WIDTH="386.6456692913386" VPOS="207.7795275590551" HPOS="115.08661417322834">
            <String HEIGHT="20.125984251968504" WIDTH="60.94488188976378" VPOS="207.7795275590551" HPOS="109.98425196850394" CONTENT="d’autres" ID="tl_5_1" STYLEREFS="FONT0"/>
            <SP HEIGHT="20.125984251968504" WIDTH="5.102362204724409" VPOS="207.7795275590551" HPOS="170.9291338582677"/>
            <String HEIGHT="20.125984251968504" WIDTH="40.818897637795274" VPOS="207.7795275590551" HPOS="155.90551181102362" CONTENT="pays" ID="tl_5_2" STYLEREFS="FONT0"/>
            <SP HEIGHT="20.125984251968504" WIDTH="5.102362204724409" VPOS="207.7795275590551" HPOS="196.44094488188978"/>
            <String HEIGHT="20.125984251968504" WIDTH="35.71653543307087" VPOS="207.7795275590551" HPOS="181.13385826771653" CONTENT="qui" ID="tl_5_3" STYLEREFS="FONT0"/>
            <SP HEIGHT="20.125984251968504" WIDTH="5.102362204724409" VPOS="207.7795275590551" HPOS="216.8503937007874"/>
            <String HEIGHT="20.125984251968504" WIDTH="35.71653543307087" VPOS="207.7795275590551" HPOS="201.54330708661416" CONTENT="ont" ID="tl_5_4" STYLEREFS="FONT0"/>
            <SP HEIGHT="20.125984251968504" WIDTH="5.102362204724409" VPOS="207.7795275590551" HPOS="237.25984251968504"/>
            <String HEIGHT="20.125984251968504" WIDTH="35.71653543307087" VPOS="207.7795275590551" HPOS="221.95275590551182" CONTENT="des" ID="tl_5_5" STYLEREFS="FONT0"/>
            <SP HEIGHT="20.125984251968504" WIDTH="5.102362204724409" VPOS="207.7795275590551" HPOS="257.6692913385827"/>
            <String HEIGHT="20.125984251968504" WIDTH="71.14960629921259" VPOS="207.7795275590551" HPOS="242.36220472440945" CONTENT="traditions" ID="tl_5_6" STYLEREFS="FONT0"/>
            <SP HEIGHT="20.125984251968504" WIDTH="5.102362204724409" VPOS="207.7795275590551" HPOS="313.51181102362204"/>
            <String HEIGHT="20.125984251968504" WIDTH="40.818897637795274" VPOS="207.7795275590551" HPOS="298.20472440944883" CONTENT="dans" ID="tl_5_7" STYLEREFS="FONT0"/>
            <SP HEIGHT="20.125984251968504" WIDTH="5.102362204724409" VPOS="207.7795275590551" HPOS="339.0236220472441"/>
            <String HEIGHT="20.125984251968504" WIDTH="30.614173228346456" VPOS="207.7795275590551" HPOS="323.7165354330709" CONTENT="ce" ID="tl_5_8" STYLEREFS="FONT0"/>
            <SP HEIGHT="20.125984251968504" WIDTH="5.102362204724409" VPOS="207.7795275590551" HPOS="354.3307086614173"/>
            <String HEIGHT="20.125984251968504" WIDTH="60.94488188976378" VPOS="207.7795275590551" HPOS="339.0236220472441" CONTENT="domaine," ID="tl_5_9" STYLEREFS="FONT0"/>
            <SP HEIGHT="20.125984251968504" WIDTH="5.102362204724409" VPOS="207.7795275590551" HPOS="399.9685039370079"/>
            <String HEIGHT="20.125984251968504" WIDTH="30.614173228346456" VPOS="207.7795275590551" HPOS="384.66141732283467" CONTENT="et" ID="tl_5_10" STYLEREFS="FONT0"/>
            <SP HEIGHT="20.125984251968504" WIDTH="5.102362204724409" VPOS="207.7795275590551" HPOS="415.2755905511811"/>
            <String HEIGHT="20.125984251968504" WIDTH="40.818897637795274" VPOS="207.7795275590551" HPOS="399.9685039370079" CONTENT="qui," ID="tl_5_11" STYLEREFS="FONT0"/>
            <SP HEIGHT="20.125984251968504" WIDTH="5.102362204724409" VPOS="207.7795275590551" HPOS="440.78740157480314"/>
            <String HEIGHT="20.125984251968504" WIDTH="30.614173228346456" VPOS="207.7795275590551" HPOS="425.4803149606299" CONTENT="de" ID="tl_5_12" STYLEREFS="FONT0"/>
            <SP HEIGHT="20.125984251968504" WIDTH="5.102362204724409" VPOS="207.7795275590551" HPOS="455.81102362204723"/>
            <String HEIGHT="20.125984251968504" WIDTH="40.818897637795274" VPOS="207.7795275590551" HPOS="440.78740157480314" CONTENT="tout" ID="tl_5_13" STYLEREFS="FONT0"/>
            <SP HEIGHT="20.125984251968504" WIDTH="5.102362204724409" VPOS="207.7795275590551" HPOS="481.3228346456693"/>
            <String HEIGHT="20.125984251968504" WIDTH="40.818897637795274" VPOS="207.7795275590551" HPOS="460.9133858267717" CONTENT="temps," ID="tl_5_14" STYLEREFS="FONT0"/>
          </TextLine>
          <TextLine ID="tl_6" BASELINE="840" HEIGHT="16.440944881889763" WIDTH="386.92913385826773" VPOS="221.66929133858267" HPOS="114.80314960629921">
            <String HEIGHT="16.440944881889763" WIDTH="35.71653543307087" VPOS="221.66929133858267" HPOS="109.7007874015748" CONTENT="ont" ID="tl_6_1" STYLEREFS="FONT0"/>
            <SP HEIGHT="16.440944881889763" WIDTH="5.102362204724409" VPOS="221.66929133858267" HPOS="145.41732283464566"/>
            <String HEIGHT="16.440944881889763" WIDTH="56.125984251968504" VPOS="221.66929133858267" HPOS="130.11023622047244" CONTENT="cultivé" ID="tl_6_2" STYLEREFS="FONT0"/>
            <SP HEIGHT="16.440944881889763" WIDTH="5.102362204724409" VPOS="221.66929133858267" HPOS="185.95275590551182"/>
            <String HEIGHT="16.440944881889763" WIDTH="35.71653543307087" VPOS="221.66929133858267" HPOS="170.9291338582677" CONTENT="cet" ID="tl_6_3" STYLEREFS="FONT0"/>
            <SP HEIGHT="16.440944881889763" WIDTH="5.102362204724409" VPOS="221.66929133858267" HPOS="206.36220472440945"/>
            <String HEIGHT="16.440944881889763" WIDTH="40.818897637795274" VPOS="221.66929133858267" HPOS="191.0551181102362" CONTENT="art." ID="tl_6_4" STYLEREFS="FONT0"/>
            <SP HEIGHT="16.440944881889763" WIDTH="5.102362204724409" VPOS="221.66929133858267" HPOS="231.8740157480315"/>
            <String HEIGHT="16.440944881889763" WIDTH="35.71653543307087" VPOS="221.66929133858267" HPOS="216.56692913385828" CONTENT="Les" ID="tl_6_5" STYLEREFS="FONT0"/>
            <SP HEIGHT="16.440944881889763" WIDTH="5.102362204724409" VPOS="221.66929133858267" HPOS="252.28346456692913"/>
            <String HEIGHT="16.440944881889763" WIDTH="61.22834645669291" VPOS="221.66929133858267" HPOS="236.9763779527559" CONTENT="artistes" ID="tl_6_6" STYLEREFS="FONT0"/>
            <SP HEIGHT="16.440944881889763" WIDTH="5.102362204724409" VPOS="221.66929133858267" HPOS="298.20472440944883"/>
            <String HEIGHT="16.440944881889763" WIDTH="71.14960629921259" VPOS="221.66929133858267" HPOS="282.8976377952756" CONTENT="musulmans," ID="tl_6_7" STYLEREFS="FONT0"/>
            <SP HEIGHT="16.440944881889763" WIDTH="5.102362204724409" VPOS="221.66929133858267" HPOS="354.0472440944882"/>
            <String HEIGHT="16.440944881889763" WIDTH="30.614173228346456" VPOS="221.66929133858267" HPOS="338.74015748031496" CONTENT="si" ID="tl_6_8" STYLEREFS="FONT0"/>
            <SP HEIGHT="16.440944881889763" WIDTH="5.102362204724409" VPOS="221.66929133858267" HPOS="369.3543307086614"/>
            <String HEIGHT="16.440944881889763" WIDTH="40.818897637795274" VPOS="221.66929133858267" HPOS="354.0472440944882" CONTENT="nous" ID="tl_6_9" STYLEREFS="FONT0"/>
            <SP HEIGHT="16.440944881889763" WIDTH="5.102362204724409" VPOS="221.66929133858267" HPOS="394.86614173228344"/>
            <String HEIGHT="16.440944881889763" WIDTH="56.125984251968504" VPOS="221.66929133858267" HPOS="379.5590551181102" CONTENT="faisons" ID="tl_6_10" STYLEREFS="FONT0"/>
            <SP HEIGHT="16.440944881889763" WIDTH="5.102362204724409" VPOS="221.66929133858267" HPOS="435.68503937007875"/>
            <String HEIGHT="16.440944881889763" WIDTH="76.25196850393701" VPOS="221.66929133858267" HPOS="420.37795275590554" CONTENT="abstraction" ID="tl_6_11" STYLEREFS="FONT0"/>
            <SP HEIGHT="16.440944881889763" WIDTH="5.102362204724409" VPOS="221.66929133858267" HPOS="496.62992125984255"/>
            <String HEIGHT="16.440944881889763" WIDTH="25.511811023622048" VPOS="221.66929133858267" HPOS="476.2204724409449" CONTENT="des" ID="tl_6_12" STYLEREFS="FONT0"/>
          </TextLine>
          <TextLine ID="tl_7" BASELINE="893" HEIGHT="17.5748031496063" WIDTH="386.6456692913386" VPOS="235.55905511811022" HPOS="115.37007874015748">
            <String HEIGHT="17.5748031496063" WIDTH="81.07086614173228" VPOS="235.55905511811022" HPOS="110.55118110236221" CONTENT="miniaturistes" ID="tl_7_1" STYLEREFS="FONT0"/>
            <SP HEIGHT="17.5748031496063" WIDTH="4.818897637795276" VPOS="235.55905511811022" HPOS="191.6220472440945"/>
            <String HEIGHT="17.5748031496063" WIDTH="57.25984251968504" VPOS="235.55905511811022" HPOS="177.4488188976378" CONTENT="persans," ID="tl_7_2" STYLEREFS="FONT0"/>
            <SP HEIGHT="17.5748031496063" WIDTH="4.818897637795276" VPOS="235.55905511811022" HPOS="234.70866141732284"/>
            <String HEIGHT="17.5748031496063" WIDTH="28.62992125984252" VPOS="235.55905511811022" HPOS="220.251968503937" CONTENT="ne" ID="tl_7_3" STYLEREFS="FONT0"/>
            <SP HEIGHT="17.5748031496063" WIDTH="4.818897637795276" VPOS="235.55905511811022" HPOS="249.16535433070865"/>
            <String HEIGHT="17.5748031496063" WIDTH="28.62992125984252" VPOS="235.55905511811022" HPOS="234.70866141732284" CONTENT="se" ID="tl_7_4" STYLEREFS="FONT0"/>
            <SP HEIGHT="17.5748031496063" WIDTH="4.818897637795276" VPOS="235.55905511811022" HPOS="263.33858267716533"/>
            <String HEIGHT="17.5748031496063" WIDTH="38.267716535433074" VPOS="235.55905511811022" HPOS="249.16535433070865" CONTENT="sont" ID="tl_7_5" STYLEREFS="FONT0"/>
            <SP HEIGHT="17.5748031496063" WIDTH="4.818897637795276" VPOS="235.55905511811022" HPOS="287.1496062992126"/>
            <String HEIGHT="17.5748031496063" WIDTH="47.62204724409449" VPOS="235.55905511811022" HPOS="272.9763779527559" CONTENT="jamais" ID="tl_7_6" STYLEREFS="FONT0"/>
            <SP HEIGHT="17.5748031496063" WIDTH="4.818897637795276" VPOS="235.55905511811022" HPOS="320.59842519685037"/>
            <String HEIGHT="17.5748031496063" WIDTH="47.62204724409449" VPOS="235.55905511811022" HPOS="306.4251968503937" CONTENT="livrés" ID="tl_7_7" STYLEREFS="FONT0"/>
            <SP HEIGHT="17.5748031496063" WIDTH="4.818897637795276" VPOS="235.55905511811022" HPOS="354.0472440944882"/>
            <String HEIGHT="17.5748031496063" WIDTH="23.811023622047244" VPOS="235.55905511811022" HPOS="339.59055118110234" CONTENT="à" ID="tl_7_8" STYLEREFS="FONT0"/>
            <SP HEIGHT="17.5748031496063" WIDTH="4.818897637795276" VPOS="235.55905511811022" HPOS="363.68503937007875"/>
            <String HEIGHT="17.5748031496063" WIDTH="28.62992125984252" VPOS="235.55905511811022" HPOS="349.2283464566929" CONTENT="la" ID="tl_7_9" STYLEREFS="FONT0"/>
            <SP HEIGHT="17.5748031496063" WIDTH="4.818897637795276" VPOS="235.55905511811022" HPOS="377.8582677165354"/>
            <String HEIGHT="17.5748031496063" WIDTH="85.88976377952756" VPOS="235.55905511811022" HPOS="363.68503937007875" CONTENT="représentation" ID="tl_7_10" STYLEREFS="FONT0"/>
            <SP HEIGHT="17.5748031496063" WIDTH="4.818897637795276" VPOS="235.55905511811022" HPOS="449.5748031496063"/>
            <String HEIGHT="17.5748031496063" WIDTH="28.62992125984252" VPOS="235.55905511811022" HPOS="435.11811023622045" CONTENT="de" ID="tl_7_11" STYLEREFS="FONT0"/>
            <SP HEIGHT="17.5748031496063" WIDTH="4.818897637795276" VPOS="235.55905511811022" HPOS="463.748031496063"/>
            <String HEIGHT="17.5748031496063" WIDTH="28.62992125984252" VPOS="235.55905511811022" HPOS="449.5748031496063" CONTENT="la" ID="tl_7_12" STYLEREFS="FONT0"/>
            <SP HEIGHT="17.5748031496063" WIDTH="4.818897637795276" VPOS="235.55905511811022" HPOS="478.20472440944883"/>
            <String HEIGHT="17.5748031496063" WIDTH="43.08661417322835" VPOS="235.55905511811022" HPOS="458.92913385826773" CONTENT="nature." ID="tl_7_13" STYLEREFS="FONT0"/>
          </TextLine>
          <TextLine ID="tl_8" BASELINE="933" HEIGHT="17.007874015748033" WIDTH="387.496062992126" VPOS="247.46456692913387" HPOS="114.80314960629921">
            <String HEIGHT="17.007874015748033" WIDTH="40.818897637795274" VPOS="247.46456692913387" HPOS="109.7007874015748" CONTENT="Leur" ID="tl_8_1" STYLEREFS="FONT0"/>
            <SP HEIGHT="17.007874015748033" WIDTH="5.102362204724409" VPOS="247.46456692913387" HPOS="150.51968503937007"/>
            <String HEIGHT="17.007874015748033" WIDTH="76.53543307086615" VPOS="247.46456692913387" HPOS="135.21259842519686" CONTENT="imagination" ID="tl_8_2" STYLEREFS="FONT0"/>
            <SP HEIGHT="17.007874015748033" WIDTH="5.102362204724409" VPOS="247.46456692913387" HPOS="211.748031496063"/>
            <String HEIGHT="17.007874015748033" WIDTH="45.92125984251968" VPOS="247.46456692913387" HPOS="196.44094488188978" CONTENT="s’est" ID="tl_8_3" STYLEREFS="FONT0"/>
            <SP HEIGHT="17.007874015748033" WIDTH="5.102362204724409" VPOS="247.46456692913387" HPOS="242.36220472440945"/>
            <String HEIGHT="17.007874015748033" WIDTH="56.125984251968504" VPOS="247.46456692913387" HPOS="227.0551181102362" CONTENT="laissée" ID="tl_8_4" STYLEREFS="FONT0"/>
            <SP HEIGHT="17.007874015748033" WIDTH="5.102362204724409" VPOS="247.46456692913387" HPOS="283.18110236220474"/>
            <String HEIGHT="17.007874015748033" WIDTH="56.125984251968504" VPOS="247.46456692913387" HPOS="267.87401574803147" CONTENT="surtout" ID="tl_8_5" STYLEREFS="FONT0"/>
            <SP HEIGHT="17.007874015748033" WIDTH="5.102362204724409" VPOS="247.46456692913387" HPOS="323.7165354330709"/>
            <String HEIGHT="17.007874015748033" WIDTH="56.125984251968504" VPOS="247.46456692913387" HPOS="308.6929133858268" CONTENT="séduire" ID="tl_8_6" STYLEREFS="FONT0"/>
            <SP HEIGHT="17.007874015748033" WIDTH="5.102362204724409" VPOS="247.46456692913387" HPOS="364.53543307086613"/>
            <String HEIGHT="17.007874015748033" WIDTH="35.71653543307087" VPOS="247.46456692913387" HPOS="349.2283464566929" CONTENT="par" ID="tl_8_7" STYLEREFS="FONT0"/>
            <SP HEIGHT="17.007874015748033" WIDTH="5.102362204724409" VPOS="247.46456692913387" HPOS="384.9448818897638"/>
            <String HEIGHT="17.007874015748033" WIDTH="30.614173228346456" VPOS="247.46456692913387" HPOS="369.6377952755906" CONTENT="la" ID="tl_8_8" STYLEREFS="FONT0"/>
            <SP HEIGHT="17.007874015748033" WIDTH="5.102362204724409" VPOS="247.46456692913387" HPOS="400.251968503937"/>
            <String HEIGHT="17.007874015748033" WIDTH="71.43307086614173" VPOS="247.46456692913387" HPOS="384.9448818897638" CONTENT="décoration" ID="tl_8_9" STYLEREFS="FONT0"/>
            <SP HEIGHT="17.007874015748033" WIDTH="5.102362204724409" VPOS="247.46456692913387" HPOS="456.37795275590554"/>
            <String HEIGHT="17.007874015748033" WIDTH="66.33070866141732" VPOS="247.46456692913387" HPOS="435.9685039370079" CONTENT="géométrique" ID="tl_8_10" STYLEREFS="FONT0"/>
          </TextLine>
          <TextLine ID="tl_9" BASELINE="980" HEIGHT="16.15748031496063" WIDTH="387.496062992126" VPOS="261.6377952755906" HPOS="114.51968503937007">
            <String HEIGHT="16.15748031496063" WIDTH="30.614173228346456" VPOS="261.6377952755906" HPOS="109.41732283464567" CONTENT="ou" ID="tl_9_1" STYLEREFS="FONT0"/>
            <SP HEIGHT="16.15748031496063" WIDTH="5.102362204724409" VPOS="261.6377952755906" HPOS="140.03149606299212"/>
            <String HEIGHT="16.15748031496063" WIDTH="56.125984251968504" VPOS="261.6377952755906" HPOS="124.7244094488189" CONTENT="florale" ID="tl_9_2" STYLEREFS="FONT0"/>
            <SP HEIGHT="16.15748031496063" WIDTH="5.102362204724409" VPOS="261.6377952755906" HPOS="180.8503937007874"/>
            <String HEIGHT="16.15748031496063" WIDTH="30.614173228346456" VPOS="261.6377952755906" HPOS="165.54330708661416" CONTENT="et" ID="tl_9_3" STYLEREFS="FONT0"/>
            <SP HEIGHT="16.15748031496063" WIDTH="5.102362204724409" VPOS="261.6377952755906" HPOS="196.15748031496062"/>
            <String HEIGHT="16.15748031496063" WIDTH="35.71653543307087" VPOS="261.6377952755906" HPOS="180.8503937007874" CONTENT="ils" ID="tl_9_4" STYLEREFS="FONT0"/>
            <SP HEIGHT="16.15748031496063" WIDTH="5.102362204724409" VPOS="261.6377952755906" HPOS="216.56692913385828"/>
            <String HEIGHT="16.15748031496063" WIDTH="35.71653543307087" VPOS="261.6377952755906" HPOS="201.25984251968504" CONTENT="ont" ID="tl_9_5" STYLEREFS="FONT0"/>
            <SP HEIGHT="16.15748031496063" WIDTH="5.102362204724409" VPOS="261.6377952755906" HPOS="236.9763779527559"/>
            <String HEIGHT="16.15748031496063" WIDTH="56.125984251968504" VPOS="261.6377952755906" HPOS="221.66929133858267" CONTENT="réalisé" ID="tl_9_6" STYLEREFS="FONT0"/>
            <SP HEIGHT="16.15748031496063" WIDTH="5.102362204724409" VPOS="261.6377952755906" HPOS="277.79527559055117"/>
            <String HEIGHT="16.15748031496063" WIDTH="35.71653543307087" VPOS="261.6377952755906" HPOS="262.48818897637796" CONTENT="des" ID="tl_9_7" STYLEREFS="FONT0"/>
            <SP HEIGHT="16.15748031496063" WIDTH="5.102362204724409" VPOS="261.6377952755906" HPOS="298.20472440944883"/>
            <String HEIGHT="16.15748031496063" WIDTH="86.74015748031496" VPOS="261.6377952755906" HPOS="282.8976377952756" CONTENT="chefs-d’œuvre" ID="tl_9_8" STYLEREFS="FONT0"/>
            <SP HEIGHT="16.15748031496063" WIDTH="5.102362204724409" VPOS="261.6377952755906" HPOS="369.3543307086614"/>
            <String HEIGHT="16.15748031496063" WIDTH="71.43307086614173" VPOS="261.6377952755906" HPOS="354.0472440944882" CONTENT="d’harmonie" ID="tl_9_9" STYLEREFS="FONT0"/>
            <SP HEIGHT="16.15748031496063" WIDTH="5.102362204724409" VPOS="261.6377952755906" HPOS="425.4803149606299"/>
            <String HEIGHT="16.15748031496063" WIDTH="30.614173228346456" VPOS="261.6377952755906" HPOS="410.1732283464567" CONTENT="ou" ID="tl_9_10" STYLEREFS="FONT0"/>
            <SP HEIGHT="16.15748031496063" WIDTH="5.102362204724409" VPOS="261.6377952755906" HPOS="440.78740157480314"/>
            <String HEIGHT="16.15748031496063" WIDTH="81.63779527559055" VPOS="261.6377952755906" HPOS="420.37795275590554" CONTENT="d’ingéniosité." ID="tl_9_11" STYLEREFS="FONT0"/>
          </TextLine>
          <TextLine ID="tl_10" BASELINE="1029" HEIGHT="18.141732283464567" WIDTH="387.496062992126" VPOS="273.54330708661416" HPOS="115.08661417322834">
            <String HEIGHT="18.141732283464567" WIDTH="56.125984251968504" VPOS="273.54330708661416" HPOS="109.41732283464567" CONTENT="Depuis" ID="tl_10_1" STYLEREFS="FONT0"/>
            <SP HEIGHT="18.141732283464567" WIDTH="5.669291338582677" VPOS="273.54330708661416" HPOS="165.54330708661416"/>
            <String HEIGHT="18.141732283464567" WIDTH="39.40157480314961" VPOS="273.54330708661416" HPOS="148.8188976377953" CONTENT="dix" ID="tl_10_2" STYLEREFS="FONT0"/>
            <SP HEIGHT="18.141732283464567" WIDTH="5.669291338582677" VPOS="273.54330708661416" HPOS="188.2204724409449"/>
            <String HEIGHT="18.141732283464567" WIDTH="33.732283464566926" VPOS="273.54330708661416" HPOS="171.21259842519686" CONTENT="ou" ID="tl_10_3" STYLEREFS="FONT0"/>
            <SP HEIGHT="18.141732283464567" WIDTH="5.669291338582677" VPOS="273.54330708661416" HPOS="204.9448818897638"/>
            <String HEIGHT="18.141732283464567" WIDTH="56.125984251968504" VPOS="273.54330708661416" HPOS="188.2204724409449" CONTENT="quinze" ID="tl_10_4" STYLEREFS="FONT0"/>
            <SP HEIGHT="18.141732283464567" WIDTH="5.669291338582677" VPOS="273.54330708661416" HPOS="244.3464566929134"/>
            <String HEIGHT="18.141732283464567" WIDTH="39.40157480314961" VPOS="273.54330708661416" HPOS="227.33858267716536" CONTENT="ans" ID="tl_10_5" STYLEREFS="FONT0"/>
            <SP HEIGHT="18.141732283464567" WIDTH="5.669291338582677" VPOS="273.54330708661416" HPOS="266.74015748031496"/>
            <String HEIGHT="18.141732283464567" WIDTH="78.51968503937007" VPOS="273.54330708661416" HPOS="249.73228346456693" CONTENT="seulement," ID="tl_10_6" STYLEREFS="FONT0"/>
            <SP HEIGHT="18.141732283464567" WIDTH="5.669291338582677" VPOS="273.54330708661416" HPOS="328.53543307086613"/>
            <String HEIGHT="18.141732283464567" WIDTH="39.40157480314961" VPOS="273.54330708661416" HPOS="311.5275590551181" CONTENT="les" ID="tl_10_7" STYLEREFS="FONT0"/>
            <SP HEIGHT="18.141732283464567" WIDTH="5.669291338582677" VPOS="273.54330708661416" HPOS="350.92913385826773"/>
            <String HEIGHT="18.141732283464567" WIDTH="56.125984251968504" VPOS="273.54330708661416" HPOS="334.20472440944883" CONTENT="jeunes" ID="tl_10_8" STYLEREFS="FONT0"/>
            <SP HEIGHT="18.141732283464567" WIDTH="5.669291338582677" VPOS="273.54330708661416" HPOS="390.3307086614173"/>
            <String HEIGHT="18.141732283464567" WIDTH="44.78740157480315" VPOS="273.54330708661416" HPOS="373.3228346456693" CONTENT="gens" ID="tl_10_9" STYLEREFS="FONT0"/>
            <SP HEIGHT="18.141732283464567" WIDTH="5.669291338582677" VPOS="273.54330708661416" HPOS="418.3937007874016"/>
            <String HEIGHT="18.141732283464567" WIDTH="73.13385826771653" VPOS="273.54330708661416" HPOS="401.38582677165357" CONTENT="marocains" ID="tl_10_10" STYLEREFS="FONT0"/>
            <SP HEIGHT="18.141732283464567" WIDTH="5.669291338582677" VPOS="273.54330708661416" HPOS="474.5196850393701"/>
            <String HEIGHT="18.141732283464567" WIDTH="39.40157480314961" VPOS="273.54330708661416" HPOS="457.79527559055117" CONTENT="ont" ID="tl_10_11" STYLEREFS="FONT0"/>
            <SP HEIGHT="18.141732283464567" WIDTH="5.669291338582677" VPOS="273.54330708661416" HPOS="496.9133858267717"/>
            <String HEIGHT="18.141732283464567" WIDTH="28.062992125984252" VPOS="273.54330708661416" HPOS="474.5196850393701" CONTENT="été" ID="tl_10_12" STYLEREFS="FONT0"/>
          </TextLine>
          <TextLine ID="tl_11" BASELINE="1079" HEIGHT="16.724409448818896" WIDTH="388.62992125984255" VPOS="289.13385826771656" HPOS="113.95275590551181">
            <String HEIGHT="16.724409448818896" WIDTH="57.826771653543304" VPOS="289.13385826771656" HPOS="108.56692913385827" CONTENT="attirés" ID="tl_11_1" STYLEREFS="FONT0"/>
            <SP HEIGHT="16.724409448818896" WIDTH="5.3858267716535435" VPOS="289.13385826771656" HPOS="166.39370078740157"/>
            <String HEIGHT="16.724409448818896" WIDTH="41.95275590551181" VPOS="289.13385826771656" HPOS="150.8031496062992" CONTENT="vers" ID="tl_11_2" STYLEREFS="FONT0"/>
            <SP HEIGHT="16.724409448818896" WIDTH="5.3858267716535435" VPOS="289.13385826771656" HPOS="192.75590551181102"/>
            <String HEIGHT="16.724409448818896" WIDTH="31.46456692913386" VPOS="289.13385826771656" HPOS="176.88188976377953" CONTENT="le" ID="tl_11_3" STYLEREFS="FONT0"/>
            <SP HEIGHT="16.724409448818896" WIDTH="5.3858267716535435" VPOS="289.13385826771656" HPOS="208.3464566929134"/>
            <String HEIGHT="16.724409448818896" WIDTH="57.826771653543304" VPOS="289.13385826771656" HPOS="192.75590551181102" CONTENT="tableau" ID="tl_11_4" STYLEREFS="FONT0"/>
            <SP HEIGHT="16.724409448818896" WIDTH="5.3858267716535435" VPOS="289.13385826771656" HPOS="250.58267716535434"/>
            <String HEIGHT="16.724409448818896" WIDTH="31.46456692913386" VPOS="289.13385826771656" HPOS="234.70866141732284" CONTENT="de" ID="tl_11_5" STYLEREFS="FONT0"/>
            <SP HEIGHT="16.724409448818896" WIDTH="5.3858267716535435" VPOS="289.13385826771656" HPOS="266.1732283464567"/>
            <String HEIGHT="16.724409448818896" WIDTH="68.31496062992126" VPOS="289.13385826771656" HPOS="250.58267716535434" CONTENT="chevalet." ID="tl_11_6" STYLEREFS="FONT0"/>
            <SP HEIGHT="16.724409448818896" WIDTH="5.3858267716535435" VPOS="289.13385826771656" HPOS="318.8976377952756"/>
            <String HEIGHT="16.724409448818896" WIDTH="73.41732283464567" VPOS="289.13385826771656" HPOS="303.0236220472441" CONTENT="Encouragés" ID="tl_11_7" STYLEREFS="FONT0"/>
            <SP HEIGHT="16.724409448818896" WIDTH="5.3858267716535435" VPOS="289.13385826771656" HPOS="376.4409448818898"/>
            <String HEIGHT="16.724409448818896" WIDTH="36.8503937007874" VPOS="289.13385826771656" HPOS="360.8503937007874" CONTENT="par" ID="tl_11_8" STYLEREFS="FONT0"/>
            <SP HEIGHT="16.724409448818896" WIDTH="5.3858267716535435" VPOS="289.13385826771656" HPOS="397.4173228346457"/>
            <String HEIGHT="16.724409448818896" WIDTH="36.8503937007874" VPOS="289.13385826771656" HPOS="381.8267716535433" CONTENT="les" ID="tl_11_9" STYLEREFS="FONT0"/>
            <SP HEIGHT="16.724409448818896" WIDTH="5.3858267716535435" VPOS="289.13385826771656" HPOS="418.6771653543307"/>
            <String HEIGHT="16.724409448818896" WIDTH="68.31496062992126" VPOS="289.13385826771656" HPOS="402.8031496062992" CONTENT="amateurs," ID="tl_11_10" STYLEREFS="FONT0"/>
            <SP HEIGHT="16.724409448818896" WIDTH="5.3858267716535435" VPOS="289.13385826771656" HPOS="471.11811023622045"/>
            <String HEIGHT="16.724409448818896" WIDTH="52.44094488188976" VPOS="289.13385826771656" HPOS="450.1417322834646" CONTENT="certains" ID="tl_11_11" STYLEREFS="FONT0"/>
          </TextLine>
          <TextLine ID="tl_12" BASELINE="1121" HEIGHT="14.740157480314961" WIDTH="388.06299212598424" VPOS="303.0236220472441" HPOS="114.80314960629921">
            <String HEIGHT="14.740157480314961" WIDTH="54.70866141732284" VPOS="303.0236220472441" HPOS="109.7007874015748" CONTENT="d’entre" ID="tl_12_1" STYLEREFS="FONT0"/>
            <SP HEIGHT="14.740157480314961" WIDTH="5.102362204724409" VPOS="303.0236220472441" HPOS="164.69291338582678"/>
            <String HEIGHT="14.740157480314961" WIDTH="39.68503937007874" VPOS="303.0236220472441" HPOS="149.66929133858267" CONTENT="eux," ID="tl_12_2" STYLEREFS="FONT0"/>
            <SP HEIGHT="14.740157480314961" WIDTH="5.102362204724409" VPOS="303.0236220472441" HPOS="189.35433070866142"/>
            <String HEIGHT="14.740157480314961" WIDTH="39.68503937007874" VPOS="303.0236220472441" HPOS="174.61417322834646" CONTENT="sans" ID="tl_12_3" STYLEREFS="FONT0"/>
            <SP HEIGHT="14.740157480314961" WIDTH="5.102362204724409" VPOS="303.0236220472441" HPOS="214.29921259842519"/>
            <String HEIGHT="14.740157480314961" WIDTH="74.55118110236221" VPOS="303.0236220472441" HPOS="199.2755905511811" CONTENT="préparation" ID="tl_12_4" STYLEREFS="FONT0"/>
            <SP HEIGHT="14.740157480314961" WIDTH="5.102362204724409" VPOS="303.0236220472441" HPOS="274.1102362204724"/>
            <String HEIGHT="14.740157480314961" WIDTH="74.55118110236221" VPOS="303.0236220472441" HPOS="259.0866141732283" CONTENT="suffisante," ID="tl_12_5" STYLEREFS="FONT0"/>
            <SP HEIGHT="14.740157480314961" WIDTH="5.102362204724409" VPOS="303.0236220472441" HPOS="333.6377952755906"/>
            <String HEIGHT="14.740157480314961" WIDTH="34.86614173228347" VPOS="303.0236220472441" HPOS="318.8976377952756" CONTENT="ont" ID="tl_12_6" STYLEREFS="FONT0"/>
            <SP HEIGHT="14.740157480314961" WIDTH="5.102362204724409" VPOS="303.0236220472441" HPOS="353.4803149606299"/>
            <String HEIGHT="14.740157480314961" WIDTH="64.62992125984252" VPOS="303.0236220472441" HPOS="338.74015748031496" CONTENT="naïvement" ID="tl_12_7" STYLEREFS="FONT0"/>
            <SP HEIGHT="14.740157480314961" WIDTH="5.102362204724409" VPOS="303.0236220472441" HPOS="403.37007874015745"/>
            <String HEIGHT="14.740157480314961" WIDTH="64.62992125984252" VPOS="303.0236220472441" HPOS="388.34645669291336" CONTENT="reproduit" ID="tl_12_8" STYLEREFS="FONT0"/>
            <SP HEIGHT="14.740157480314961" WIDTH="5.102362204724409" VPOS="303.0236220472441" HPOS="452.9763779527559"/>
            <String HEIGHT="14.740157480314961" WIDTH="34.86614173228347" VPOS="303.0236220472441" HPOS="438.23622047244095" CONTENT="des" ID="tl_12_9" STYLEREFS="FONT0"/>
            <SP HEIGHT="14.740157480314961" WIDTH="5.102362204724409" VPOS="303.0236220472441" HPOS="473.1023622047244"/>
            <String HEIGHT="14.740157480314961" WIDTH="49.889763779527556" VPOS="303.0236220472441" HPOS="452.9763779527559" CONTENT="paysages" ID="tl_12_10" STYLEREFS="FONT0"/>
          </TextLine>
          <TextLine ID="tl_13" BASELINE="1159" HEIGHT="12.755905511811024" WIDTH="388.9133858267717" VPOS="315.7795275590551" HPOS="114.23622047244095">
            <String HEIGHT="12.755905511811024" WIDTH="30.330708661417322" VPOS="315.7795275590551" HPOS="109.13385826771653" CONTENT="et" ID="tl_13_1" STYLEREFS="FONT0"/>
            <SP HEIGHT="12.755905511811024" WIDTH="5.102362204724409" VPOS="315.7795275590551" HPOS="139.46456692913387"/>
            <String HEIGHT="12.755905511811024" WIDTH="35.43307086614173" VPOS="315.7795275590551" HPOS="124.44094488188976" CONTENT="des" ID="tl_13_2" STYLEREFS="FONT0"/>
            <SP HEIGHT="12.755905511811024" WIDTH="5.102362204724409" VPOS="315.7795275590551" HPOS="159.59055118110237"/>
            <String HEIGHT="12.755905511811024" WIDTH="50.45669291338583" VPOS="315.7795275590551" HPOS="144.56692913385828" CONTENT="scènes" ID="tl_13_3" STYLEREFS="FONT0"/>
            <SP HEIGHT="12.755905511811024" WIDTH="5.102362204724409" VPOS="315.7795275590551" HPOS="195.0236220472441"/>
            <String HEIGHT="12.755905511811024" WIDTH="30.330708661417322" VPOS="315.7795275590551" HPOS="180.0" CONTENT="de" ID="tl_13_4" STYLEREFS="FONT0"/>
            <SP HEIGHT="12.755905511811024" WIDTH="5.102362204724409" VPOS="315.7795275590551" HPOS="210.33070866141733"/>
            <String HEIGHT="12.755905511811024" WIDTH="30.330708661417322" VPOS="315.7795275590551" HPOS="195.0236220472441" CONTENT="la" ID="tl_13_5" STYLEREFS="FONT0"/>
            <SP HEIGHT="12.755905511811024" WIDTH="5.102362204724409" VPOS="315.7795275590551" HPOS="225.35433070866142"/>
            <String HEIGHT="12.755905511811024" WIDTH="35.43307086614173" VPOS="315.7795275590551" HPOS="210.33070866141733" CONTENT="vie" ID="tl_13_6" STYLEREFS="FONT0"/>
            <SP HEIGHT="12.755905511811024" WIDTH="5.102362204724409" VPOS="315.7795275590551" HPOS="245.48031496062993"/>
            <String HEIGHT="12.755905511811024" WIDTH="65.76377952755905" VPOS="315.7795275590551" HPOS="230.45669291338584" CONTENT="courante." ID="tl_13_7" STYLEREFS="FONT0"/>
            <SP HEIGHT="12.755905511811024" WIDTH="5.102362204724409" VPOS="315.7795275590551" HPOS="295.93700787401576"/>
            <String HEIGHT="12.755905511811024" WIDTH="30.330708661417322" VPOS="315.7795275590551" HPOS="280.9133858267717" CONTENT="On" ID="tl_13_8" STYLEREFS="FONT0"/>
            <SP HEIGHT="12.755905511811024" WIDTH="5.102362204724409" VPOS="315.7795275590551" HPOS="311.244094488189"/>
            <String HEIGHT="12.755905511811024" WIDTH="25.228346456692915" VPOS="315.7795275590551" HPOS="295.93700787401576" CONTENT="a" ID="tl_13_9" STYLEREFS="FONT0"/>
            <SP HEIGHT="12.755905511811024" WIDTH="5.102362204724409" VPOS="315.7795275590551" HPOS="321.4488188976378"/>
            <String HEIGHT="12.755905511811024" WIDTH="40.53543307086614" VPOS="315.7795275590551" HPOS="306.1417322834646" CONTENT="vite" ID="tl_13_10" STYLEREFS="FONT0"/>
            <SP HEIGHT="12.755905511811024" WIDTH="5.102362204724409" VPOS="315.7795275590551" HPOS="346.6771653543307"/>
            <String HEIGHT="12.755905511811024" WIDTH="60.661417322834644" VPOS="315.7795275590551" HPOS="331.37007874015745" CONTENT="remarqué" ID="tl_13_11" STYLEREFS="FONT0"/>
            <SP HEIGHT="12.755905511811024" WIDTH="5.102362204724409" VPOS="315.7795275590551" HPOS="392.0314960629921"/>
            <String HEIGHT="12.755905511811024" WIDTH="35.43307086614173" VPOS="315.7795275590551" HPOS="377.00787401574803" CONTENT="que" ID="tl_13_12" STYLEREFS="FONT0"/>
            <SP HEIGHT="12.755905511811024" WIDTH="5.102362204724409" VPOS="315.7795275590551" HPOS="412.15748031496065"/>
            <String HEIGHT="12.755905511811024" WIDTH="45.354330708661415" VPOS="315.7795275590551" HPOS="397.13385826771656" CONTENT="cette" ID="tl_13_13" STYLEREFS="FONT0"/>
            <SP HEIGHT="12.755905511811024" WIDTH="5.102362204724409" VPOS="315.7795275590551" HPOS="442.48818897637796"/>
            <String HEIGHT="12.755905511811024" WIDTH="60.661417322834644" VPOS="315.7795275590551" HPOS="427.46456692913387" CONTENT="peinture" ID="tl_13_14" STYLEREFS="FONT0"/>
            <SP HEIGHT="12.755905511811024" WIDTH="5.102362204724409" VPOS="315.7795275590551" HPOS="488.12598425196853"/>
            <String HEIGHT="12.755905511811024" WIDTH="35.43307086614173" VPOS="315.7795275590551" HPOS="467.7165354330709" CONTENT="spon" SUBS_TYPE="HypPart1" SUBS_CONTENT="spontanée" ID="tl_13_15" STYLEREFS="FONT0"/>
            <HYP CONTENT="-"/>
          </TextLine>
          <TextLine ID="tl_14" BASELINE="1216" HEIGHT="15.590551181102363" WIDTH="389.4803149606299" VPOS="329.1023622047244" HPOS="113.38582677165354">
            <String HEIGHT="15.590551181102363" WIDTH="45.63779527559055" VPOS="329.1023622047244" HPOS="108.28346456692914" CONTENT="tanée" SUBS_TYPE="HypPart2" SUBS_CONTENT="spontanée" ID="tl_14_1" STYLEREFS="FONT0"/>
            <SP HEIGHT="15.590551181102363" WIDTH="5.102362204724409" VPOS="329.1023622047244" HPOS="153.92125984251967"/>
            <String HEIGHT="15.590551181102363" WIDTH="60.661417322834644" VPOS="329.1023622047244" HPOS="138.61417322834646" CONTENT="dénotait" ID="tl_14_2" STYLEREFS="FONT0"/>
            <SP HEIGHT="15.590551181102363" WIDTH="5.102362204724409" VPOS="329.1023622047244" HPOS="199.2755905511811"/>
            <String HEIGHT="15.590551181102363" WIDTH="40.53543307086614" VPOS="329.1023622047244" HPOS="184.251968503937" CONTENT="chez" ID="tl_14_3" STYLEREFS="FONT0"/>
            <SP HEIGHT="15.590551181102363" WIDTH="5.102362204724409" VPOS="329.1023622047244" HPOS="224.78740157480314"/>
            <String HEIGHT="15.590551181102363" WIDTH="35.43307086614173" VPOS="329.1023622047244" HPOS="209.48031496062993" CONTENT="les" ID="tl_14_4" STYLEREFS="FONT0"/>
            <SP HEIGHT="15.590551181102363" WIDTH="5.102362204724409" VPOS="329.1023622047244" HPOS="244.91338582677164"/>
            <String HEIGHT="15.590551181102363" WIDTH="35.43307086614173" VPOS="329.1023622047244" HPOS="229.60629921259843" CONTENT="uns" ID="tl_14_5" STYLEREFS="FONT0"/>
            <SP HEIGHT="15.590551181102363" WIDTH="5.102362204724409" VPOS="329.1023622047244" HPOS="265.03937007874015"/>
            <String HEIGHT="15.590551181102363" WIDTH="30.330708661417322" VPOS="329.1023622047244" HPOS="250.01574803149606" CONTENT="et" ID="tl_14_6" STYLEREFS="FONT0"/>
            <SP HEIGHT="15.590551181102363" WIDTH="5.102362204724409" VPOS="329.1023622047244" HPOS="280.34645669291336"/>
            <String HEIGHT="15.590551181102363" WIDTH="40.53543307086614" VPOS="329.1023622047244" HPOS="265.03937007874015" CONTENT="chez" ID="tl_14_7" STYLEREFS="FONT0"/>
            <SP HEIGHT="15.590551181102363" WIDTH="5.102362204724409" VPOS="329.1023622047244" HPOS="305.5748031496063"/>
            <String HEIGHT="15.590551181102363" WIDTH="35.43307086614173" VPOS="329.1023622047244" HPOS="290.5511811023622" CONTENT="les" ID="tl_14_8" STYLEREFS="FONT0"/>
            <SP HEIGHT="15.590551181102363" WIDTH="5.102362204724409" VPOS="329.1023622047244" HPOS="325.7007874015748"/>
            <String HEIGHT="15.590551181102363" WIDTH="50.45669291338583" VPOS="329.1023622047244" HPOS="310.6771653543307" CONTENT="autres" ID="tl_14_9" STYLEREFS="FONT0"/>
            <SP HEIGHT="15.590551181102363" WIDTH="5.102362204724409" VPOS="329.1023622047244" HPOS="361.13385826771656"/>
            <String HEIGHT="15.590551181102363" WIDTH="30.330708661417322" VPOS="329.1023622047244" HPOS="346.1102362204724" CONTENT="un" ID="tl_14_10" STYLEREFS="FONT0"/>
            <SP HEIGHT="15.590551181102363" WIDTH="5.102362204724409" VPOS="329.1023622047244" HPOS="376.4409448818898"/>
            <String HEIGHT="15.590551181102363" WIDTH="40.53543307086614" VPOS="329.1023622047244" HPOS="361.13385826771656" CONTENT="sens" ID="tl_14_11" STYLEREFS="FONT0"/>
            <SP HEIGHT="15.590551181102363" WIDTH="5.102362204724409" VPOS="329.1023622047244" HPOS="401.6692913385827"/>
            <String HEIGHT="15.590551181102363" WIDTH="40.53543307086614" VPOS="329.1023622047244" HPOS="386.6456692913386" CONTENT="aigu" ID="tl_14_12" STYLEREFS="FONT0"/>
            <SP HEIGHT="15.590551181102363" WIDTH="5.102362204724409" VPOS="329.1023622047244" HPOS="426.8976377952756"/>
            <String HEIGHT="15.590551181102363" WIDTH="30.330708661417322" VPOS="329.1023622047244" HPOS="411.87401574803147" CONTENT="de" ID="tl_14_13" STYLEREFS="FONT0"/>
            <SP HEIGHT="15.590551181102363" WIDTH="5.102362204724409" VPOS="329.1023622047244" HPOS="442.20472440944883"/>
            <String HEIGHT="15.590551181102363" WIDTH="81.07086614173228" VPOS="329.1023622047244" HPOS="421.79527559055117" CONTENT="l’observation," ID="tl_14_14" STYLEREFS="FONT0"/>
          </TextLine>
          <TextLine ID="tl_15" BASELINE="1259" HEIGHT="13.88976377952756" WIDTH="388.62992125984255" VPOS="342.99212598425197" HPOS="114.51968503937007">
            <String HEIGHT="13.88976377952756" WIDTH="31.181102362204726" VPOS="342.99212598425197" HPOS="109.41732283464567" CONTENT="un" ID="tl_15_1" STYLEREFS="FONT0"/>
            <SP HEIGHT="13.88976377952756" WIDTH="5.102362204724409" VPOS="342.99212598425197" HPOS="140.31496062992127"/>
            <String HEIGHT="13.88976377952756" WIDTH="77.66929133858268" VPOS="342.99212598425197" HPOS="125.00787401574803" CONTENT="raffinement" ID="tl_15_2" STYLEREFS="FONT0"/>
            <SP HEIGHT="13.88976377952756" WIDTH="5.102362204724409" VPOS="342.99212598425197" HPOS="202.6771653543307"/>
            <String HEIGHT="13.88976377952756" WIDTH="41.38582677165354" VPOS="342.99212598425197" HPOS="187.08661417322836" CONTENT="dans" ID="tl_15_3" STYLEREFS="FONT0"/>
            <SP HEIGHT="13.88976377952756" WIDTH="5.102362204724409" VPOS="342.99212598425197" HPOS="228.4724409448819"/>
            <String HEIGHT="13.88976377952756" WIDTH="31.181102362204726" VPOS="342.99212598425197" HPOS="212.88188976377953" CONTENT="le" ID="tl_15_4" STYLEREFS="FONT0"/>
            <SP HEIGHT="13.88976377952756" WIDTH="5.102362204724409" VPOS="342.99212598425197" HPOS="244.06299212598427"/>
            <String HEIGHT="13.88976377952756" WIDTH="46.77165354330709" VPOS="342.99212598425197" HPOS="228.4724409448819" CONTENT="choix" ID="tl_15_5" STYLEREFS="FONT0"/>
            <SP HEIGHT="13.88976377952756" WIDTH="5.102362204724409" VPOS="342.99212598425197" HPOS="275.244094488189"/>
            <String HEIGHT="13.88976377952756" WIDTH="36.28346456692913" VPOS="342.99212598425197" HPOS="259.65354330708664" CONTENT="des" ID="tl_15_6" STYLEREFS="FONT0"/>
            <SP HEIGHT="13.88976377952756" WIDTH="5.102362204724409" VPOS="342.99212598425197" HPOS="295.93700787401576"/>
            <String HEIGHT="13.88976377952756" WIDTH="56.976377952755904" VPOS="342.99212598425197" HPOS="280.34645669291336" CONTENT="coloris" ID="tl_15_7" STYLEREFS="FONT0"/>
            <SP HEIGHT="13.88976377952756" WIDTH="5.102362204724409" VPOS="342.99212598425197" HPOS="337.3228346456693"/>
            <String HEIGHT="13.88976377952756" WIDTH="31.181102362204726" VPOS="342.99212598425197" HPOS="321.73228346456693" CONTENT="et" ID="tl_15_8" STYLEREFS="FONT0"/>
            <SP HEIGHT="13.88976377952756" WIDTH="5.102362204724409" VPOS="342.99212598425197" HPOS="352.9133858267717"/>
            <String HEIGHT="13.88976377952756" WIDTH="31.181102362204726" VPOS="342.99212598425197" HPOS="337.3228346456693" CONTENT="un" ID="tl_15_9" STYLEREFS="FONT0"/>
            <SP HEIGHT="13.88976377952756" WIDTH="5.102362204724409" VPOS="342.99212598425197" HPOS="368.503937007874"/>
            <String HEIGHT="13.88976377952756" WIDTH="46.77165354330709" VPOS="342.99212598425197" HPOS="352.9133858267717" CONTENT="désir" ID="tl_15_10" STYLEREFS="FONT0"/>
            <SP HEIGHT="13.88976377952756" WIDTH="5.102362204724409" VPOS="342.99212598425197" HPOS="399.40157480314963"/>
            <String HEIGHT="13.88976377952756" WIDTH="56.976377952755904" VPOS="342.99212598425197" HPOS="384.09448818897636" CONTENT="sincère" ID="tl_15_11" STYLEREFS="FONT0"/>
            <SP HEIGHT="13.88976377952756" WIDTH="5.102362204724409" VPOS="342.99212598425197" HPOS="441.07086614173227"/>
            <String HEIGHT="13.88976377952756" WIDTH="72.56692913385827" VPOS="342.99212598425197" HPOS="425.4803149606299" CONTENT="d’exprimer" ID="tl_15_12" STYLEREFS="FONT0"/>
            <SP HEIGHT="13.88976377952756" WIDTH="5.102362204724409" VPOS="342.99212598425197" HPOS="498.0472440944882"/>
            <String HEIGHT="13.88976377952756" WIDTH="25.79527559055118" VPOS="342.99212598425197" HPOS="477.3543307086614" CONTENT="non" ID="tl_15_13" STYLEREFS="FONT0"/>
          </TextLine>
          <TextLine ID="tl_16" BASELINE="1317" HEIGHT="19.275590551181104" WIDTH="375.87401574803147" VPOS="354.0472440944882" HPOS="114.51968503937007">
            <String HEIGHT="19.275590551181104" WIDTH="66.04724409448819" VPOS="354.0472440944882" HPOS="109.41732283464567" CONTENT="seulement" ID="tl_16_1" STYLEREFS="FONT0"/>
            <SP HEIGHT="19.275590551181104" WIDTH="5.102362204724409" VPOS="354.0472440944882" HPOS="175.46456692913387"/>
            <String HEIGHT="19.275590551181104" WIDTH="30.614173228346456" VPOS="354.0472440944882" HPOS="160.15748031496062" CONTENT="ce" ID="tl_16_2" STYLEREFS="FONT0"/>
            <SP HEIGHT="19.275590551181104" WIDTH="5.102362204724409" VPOS="354.0472440944882" HPOS="190.77165354330708"/>
            <String HEIGHT="19.275590551181104" WIDTH="50.74015748031496" VPOS="354.0472440944882" HPOS="175.46456692913387" CONTENT="qu’ils" ID="tl_16_3" STYLEREFS="FONT0"/>
            <SP HEIGHT="19.275590551181104" WIDTH="5.102362204724409" VPOS="354.0472440944882" HPOS="226.20472440944883"/>
            <String HEIGHT="19.275590551181104" WIDTH="66.04724409448819" VPOS="354.0472440944882" HPOS="210.89763779527559" CONTENT="voyaient," ID="tl_16_4" STYLEREFS="FONT0"/>
            <SP HEIGHT="19.275590551181104" WIDTH="5.102362204724409" VPOS="354.0472440944882" HPOS="276.9448818897638"/>
            <String HEIGHT="19.275590551181104" WIDTH="40.53543307086614" VPOS="354.0472440944882" HPOS="261.9212598425197" CONTENT="mais" ID="tl_16_5" STYLEREFS="FONT0"/>
            <SP HEIGHT="19.275590551181104" WIDTH="5.102362204724409" VPOS="354.0472440944882" HPOS="302.45669291338584"/>
            <String HEIGHT="19.275590551181104" WIDTH="30.614173228346456" VPOS="354.0472440944882" HPOS="287.1496062992126" CONTENT="la" ID="tl_16_6" STYLEREFS="FONT0"/>
            <SP HEIGHT="19.275590551181104" WIDTH="5.102362204724409" VPOS="354.0472440944882" HPOS="317.76377952755905"/>
            <String HEIGHT="19.275590551181104" WIDTH="86.45669291338582" VPOS="354.0472440944882" HPOS="302.45669291338584" CONTENT="signification" ID="tl_16_7" STYLEREFS="FONT0"/>
            <SP HEIGHT="19.275590551181104" WIDTH="5.102362204724409" VPOS="354.0472440944882" HPOS="388.9133858267717"/>
            <String HEIGHT="19.275590551181104" WIDTH="30.614173228346456" VPOS="354.0472440944882" HPOS="373.6062992125984" CONTENT="de" ID="tl_16_8" STYLEREFS="FONT0"/>
            <SP HEIGHT="19.275590551181104" WIDTH="5.102362204724409" VPOS="354.0472440944882" HPOS="403.93700787401576"/>
            <String HEIGHT="19.275590551181104" WIDTH="30.614173228346456" VPOS="354.0472440944882" HPOS="388.9133858267717" CONTENT="ce" ID="tl_16_9" STYLEREFS="FONT0"/>
            <SP HEIGHT="19.275590551181104" WIDTH="5.102362204724409" VPOS="354.0472440944882" HPOS="419.244094488189"/>
            <String HEIGHT="19.275590551181104" WIDTH="50.74015748031496" VPOS="354.0472440944882" HPOS="403.93700787401576" CONTENT="qu’ils" ID="tl_16_10" STYLEREFS="FONT0"/>
            <SP HEIGHT="19.275590551181104" WIDTH="5.102362204724409" VPOS="354.0472440944882" HPOS="454.96062992125985"/>
            <String HEIGHT="19.275590551181104" WIDTH="55.84251968503937" VPOS="354.0472440944882" HPOS="434.5511811023622" CONTENT="voyaient." ID="tl_16_11" STYLEREFS="FONT0"/>
          </TextLine>
        </TextBlock>
        <TextBlock ID="r_3_2" HEIGHT="38.83464566929134" WIDTH="385.51181102362204" VPOS="368.78740157480314" HPOS="116.22047244094489">
          <TextLine ID="tl_17" BASELINE="1364" HEIGHT="19.84251968503937" WIDTH="380.40944881889766" VPOS="366.8031496062992" HPOS="123.30708661417323">
            <String HEIGHT="19.84251968503937" WIDTH="30.330708661417322" VPOS="366.8031496062992" HPOS="118.20472440944881" CONTENT="La" ID="tl_17_1" STYLEREFS="FONT0"/>
            <SP HEIGHT="19.84251968503937" WIDTH="5.102362204724409" VPOS="366.8031496062992" HPOS="148.53543307086613"/>
            <String HEIGHT="19.84251968503937" WIDTH="55.84251968503937" VPOS="366.8031496062992" HPOS="133.51181102362204" CONTENT="plupart" ID="tl_17_2" STYLEREFS="FONT0"/>
            <SP HEIGHT="19.84251968503937" WIDTH="5.102362204724409" VPOS="366.8031496062992" HPOS="189.35433070866142"/>
            <String HEIGHT="19.84251968503937" WIDTH="30.330708661417322" VPOS="366.8031496062992" HPOS="174.04724409448818" CONTENT="de" ID="tl_17_3" STYLEREFS="FONT0"/>
            <SP HEIGHT="19.84251968503937" WIDTH="5.102362204724409" VPOS="366.8031496062992" HPOS="204.3779527559055"/>
            <String HEIGHT="19.84251968503937" WIDTH="35.43307086614173" VPOS="366.8031496062992" HPOS="189.35433070866142" CONTENT="nos" ID="tl_17_4" STYLEREFS="FONT0"/>
            <SP HEIGHT="19.84251968503937" WIDTH="5.102362204724409" VPOS="366.8031496062992" HPOS="224.78740157480314"/>
            <String HEIGHT="19.84251968503937" WIDTH="50.74015748031496" VPOS="366.8031496062992" HPOS="209.48031496062993" CONTENT="jeunes" ID="tl_17_5" STYLEREFS="FONT0"/>
            <SP HEIGHT="19.84251968503937" WIDTH="5.102362204724409" VPOS="366.8031496062992" HPOS="260.2204724409449"/>
            <String HEIGHT="19.84251968503937" WIDTH="60.94488188976378" VPOS="366.8031496062992" HPOS="244.91338582677164" CONTENT="artistes" ID="tl_17_6" STYLEREFS="FONT0"/>
            <SP HEIGHT="19.84251968503937" WIDTH="5.102362204724409" VPOS="366.8031496062992" HPOS="305.8582677165354"/>
            <String HEIGHT="19.84251968503937" WIDTH="81.07086614173228" VPOS="366.8031496062992" HPOS="290.5511811023622" CONTENT="démontrèrent" ID="tl_17_7" STYLEREFS="FONT0"/>
            <SP HEIGHT="19.84251968503937" WIDTH="5.102362204724409" VPOS="366.8031496062992" HPOS="371.90551181102364"/>
            <String HEIGHT="19.84251968503937" WIDTH="45.63779527559055" VPOS="366.8031496062992" HPOS="356.59842519685037" CONTENT="ainsi" ID="tl_17_8" STYLEREFS="FONT0"/>
            <SP HEIGHT="19.84251968503937" WIDTH="5.102362204724409" VPOS="366.8031496062992" HPOS="402.23622047244095"/>
            <String HEIGHT="19.84251968503937" WIDTH="50.74015748031496" VPOS="366.8031496062992" HPOS="386.92913385826773" CONTENT="qu’ils" ID="tl_17_9" STYLEREFS="FONT0"/>
            <SP HEIGHT="19.84251968503937" WIDTH="5.102362204724409" VPOS="366.8031496062992" HPOS="437.6692913385827"/>
            <String HEIGHT="19.84251968503937" WIDTH="75.96850393700787" VPOS="366.8031496062992" HPOS="422.6456692913386" CONTENT="possédaient" ID="tl_17_10" STYLEREFS="FONT0"/>
            <SP HEIGHT="19.84251968503937" WIDTH="5.102362204724409" VPOS="366.8031496062992" HPOS="498.61417322834643"/>
            <String HEIGHT="19.84251968503937" WIDTH="25.228346456692915" VPOS="366.8031496062992" HPOS="478.48818897637796" CONTENT="des" ID="tl_17_11" STYLEREFS="FONT0"/>
          </TextLine>
          <TextLine ID="tl_18" BASELINE="1403" HEIGHT="17.5748031496063" WIDTH="389.4803149606299" VPOS="380.12598425196853" HPOS="114.23622047244095">
            <String HEIGHT="17.5748031496063" WIDTH="39.40157480314961" VPOS="380.12598425196853" HPOS="109.41732283464567" CONTENT="dons" ID="tl_18_1" STYLEREFS="FONT0"/>
            <SP HEIGHT="17.5748031496063" WIDTH="4.818897637795276" VPOS="380.12598425196853" HPOS="148.8188976377953"/>
            <String HEIGHT="17.5748031496063" WIDTH="88.7244094488189" VPOS="380.12598425196853" HPOS="134.07874015748033" CONTENT="incontestables" ID="tl_18_2" STYLEREFS="FONT0"/>
            <SP HEIGHT="17.5748031496063" WIDTH="4.818897637795276" VPOS="380.12598425196853" HPOS="222.8031496062992"/>
            <String HEIGHT="17.5748031496063" WIDTH="29.480314960629922" VPOS="380.12598425196853" HPOS="207.7795275590551" CONTENT="et" ID="tl_18_3" STYLEREFS="FONT0"/>
            <SP HEIGHT="17.5748031496063" WIDTH="4.818897637795276" VPOS="380.12598425196853" HPOS="237.54330708661416"/>
            <String HEIGHT="17.5748031496063" WIDTH="34.58267716535433" VPOS="380.12598425196853" HPOS="222.8031496062992" CONTENT="que" ID="tl_18_4" STYLEREFS="FONT0"/>
            <SP HEIGHT="17.5748031496063" WIDTH="4.818897637795276" VPOS="380.12598425196853" HPOS="257.1023622047244"/>
            <String HEIGHT="17.5748031496063" WIDTH="59.24409448818898" VPOS="380.12598425196853" HPOS="242.36220472440945" CONTENT="certains" ID="tl_18_5" STYLEREFS="FONT0"/>
            <SP HEIGHT="17.5748031496063" WIDTH="4.818897637795276" VPOS="380.12598425196853" HPOS="301.6062992125984"/>
            <String HEIGHT="17.5748031496063" WIDTH="64.06299212598425" VPOS="380.12598425196853" HPOS="286.86614173228344" CONTENT="pouvaient" ID="tl_18_6" STYLEREFS="FONT0"/>
            <SP HEIGHT="17.5748031496063" WIDTH="4.818897637795276" VPOS="380.12598425196853" HPOS="350.92913385826773"/>
            <String HEIGHT="17.5748031496063" WIDTH="44.503937007874015" VPOS="380.12598425196853" HPOS="336.18897637795277" CONTENT="faire" ID="tl_18_7" STYLEREFS="FONT0"/>
            <SP HEIGHT="17.5748031496063" WIDTH="4.818897637795276" VPOS="380.12598425196853" HPOS="380.40944881889766"/>
            <String HEIGHT="17.5748031496063" WIDTH="34.58267716535433" VPOS="380.12598425196853" HPOS="365.6692913385827" CONTENT="une" ID="tl_18_8" STYLEREFS="FONT0"/>
            <SP HEIGHT="17.5748031496063" WIDTH="4.818897637795276" VPOS="380.12598425196853" HPOS="400.251968503937"/>
            <String HEIGHT="17.5748031496063" WIDTH="59.24409448818898" VPOS="380.12598425196853" HPOS="385.51181102362204" CONTENT="carrière" ID="tl_18_9" STYLEREFS="FONT0"/>
            <SP HEIGHT="17.5748031496063" WIDTH="4.818897637795276" VPOS="380.12598425196853" HPOS="444.4724409448819"/>
            <String HEIGHT="17.5748031496063" WIDTH="39.40157480314961" VPOS="380.12598425196853" HPOS="429.73228346456693" CONTENT="très" ID="tl_18_10" STYLEREFS="FONT0"/>
            <SP HEIGHT="17.5748031496063" WIDTH="4.818897637795276" VPOS="380.12598425196853" HPOS="469.13385826771656"/>
            <String HEIGHT="17.5748031496063" WIDTH="54.14173228346457" VPOS="380.12598425196853" HPOS="449.5748031496063" CONTENT="honorable" ID="tl_18_11" STYLEREFS="FONT0"/>
          </TextLine>
          <TextLine ID="tl_19" BASELINE="1444" HEIGHT="15.874015748031496" WIDTH="131.5275590551181" VPOS="393.4488188976378" HPOS="113.95275590551181">
            <String HEIGHT="15.874015748031496" WIDTH="41.95275590551181" VPOS="393.4488188976378" HPOS="108.56692913385827" CONTENT="dans" ID="tl_19_1" STYLEREFS="FONT0"/>
            <SP HEIGHT="15.874015748031496" WIDTH="5.3858267716535435" VPOS="393.4488188976378" HPOS="150.8031496062992"/>
            <String HEIGHT="15.874015748031496" WIDTH="31.46456692913386" VPOS="393.4488188976378" HPOS="134.9291338582677" CONTENT="le" ID="tl_19_2" STYLEREFS="FONT0"/>
            <SP HEIGHT="15.874015748031496" WIDTH="5.3858267716535435" VPOS="393.4488188976378" HPOS="166.6771653543307"/>
            <String HEIGHT="15.874015748031496" WIDTH="57.826771653543304" VPOS="393.4488188976378" HPOS="150.8031496062992" CONTENT="domaine" ID="tl_19_3" STYLEREFS="FONT0"/>
            <SP HEIGHT="15.874015748031496" WIDTH="5.3858267716535435" VPOS="393.4488188976378" HPOS="208.62992125984252"/>
            <String HEIGHT="15.874015748031496" WIDTH="57.826771653543304" VPOS="393.4488188976378" HPOS="187.6535433070866" CONTENT="pictural." ID="tl_19_4" STYLEREFS="FONT0"/>
          </TextLine>
        </TextBlock>
        <TextBlock ID="r_3_3" HEIGHT="52.15748031496063" WIDTH="394.01574803149606" VPOS="408.4724409448819" HPOS="115.65354330708661">
          <TextLine ID="tl_20" BASELINE="1501" HEIGHT="19.559055118110237" WIDTH="380.6929133858268" VPOS="405.9212598425197" HPOS="123.59055118110236">
            <String HEIGHT="19.559055118110237" WIDTH="39.968503937007874" VPOS="405.9212598425197" HPOS="118.48818897637796" CONTENT="Deux" ID="tl_20_1" STYLEREFS="FONT0"/>
            <SP HEIGHT="19.559055118110237" WIDTH="5.102362204724409" VPOS="405.9212598425197" HPOS="158.74015748031496"/>
            <String HEIGHT="19.559055118110237" WIDTH="30.04724409448819" VPOS="405.9212598425197" HPOS="143.71653543307087" CONTENT="ou" ID="tl_20_2" STYLEREFS="FONT0"/>
            <SP HEIGHT="19.559055118110237" WIDTH="5.102362204724409" VPOS="405.9212598425197" HPOS="173.76377952755905"/>
            <String HEIGHT="19.559055118110237" WIDTH="45.07086614173228" VPOS="405.9212598425197" HPOS="158.74015748031496" CONTENT="trois" ID="tl_20_3" STYLEREFS="FONT0"/>
            <SP HEIGHT="19.559055118110237" WIDTH="5.102362204724409" VPOS="405.9212598425197" HPOS="203.81102362204723"/>
            <String HEIGHT="19.559055118110237" WIDTH="50.173228346456696" VPOS="405.9212598425197" HPOS="188.78740157480314" CONTENT="jeunes" ID="tl_20_4" STYLEREFS="FONT0"/>
            <SP HEIGHT="19.559055118110237" WIDTH="5.102362204724409" VPOS="405.9212598425197" HPOS="238.6771653543307"/>
            <String HEIGHT="19.559055118110237" WIDTH="54.99212598425197" VPOS="405.9212598425197" HPOS="223.6535433070866" CONTENT="étaient" ID="tl_20_5" STYLEREFS="FONT0"/>
            <SP HEIGHT="19.559055118110237" WIDTH="5.102362204724409" VPOS="405.9212598425197" HPOS="278.92913385826773"/>
            <String HEIGHT="19.559055118110237" WIDTH="50.173228346456696" VPOS="405.9212598425197" HPOS="263.90551181102364" CONTENT="partis" ID="tl_20_6" STYLEREFS="FONT0"/>
            <SP HEIGHT="19.559055118110237" WIDTH="5.102362204724409" VPOS="405.9212598425197" HPOS="314.0787401574803"/>
            <String HEIGHT="19.559055118110237" WIDTH="45.07086614173228" VPOS="405.9212598425197" HPOS="298.7716535433071" CONTENT="munis" ID="tl_20_7" STYLEREFS="FONT0"/>
            <SP HEIGHT="19.559055118110237" WIDTH="5.102362204724409" VPOS="405.9212598425197" HPOS="344.12598425196853"/>
            <String HEIGHT="19.559055118110237" WIDTH="30.04724409448819" VPOS="405.9212598425197" HPOS="329.1023622047244" CONTENT="de" ID="tl_20_8" STYLEREFS="FONT0"/>
            <SP HEIGHT="19.559055118110237" WIDTH="5.102362204724409" VPOS="405.9212598425197" HPOS="359.1496062992126"/>
            <String HEIGHT="19.559055118110237" WIDTH="39.968503937007874" VPOS="405.9212598425197" HPOS="344.12598425196853" CONTENT="leur" ID="tl_20_9" STYLEREFS="FONT0"/>
            <SP HEIGHT="19.559055118110237" WIDTH="5.102362204724409" VPOS="405.9212598425197" HPOS="384.09448818897636"/>
            <String HEIGHT="19.559055118110237" WIDTH="60.09448818897638" VPOS="405.9212598425197" HPOS="369.07086614173227" CONTENT="palette," ID="tl_20_10" STYLEREFS="FONT0"/>
            <SP HEIGHT="19.559055118110237" WIDTH="5.102362204724409" VPOS="405.9212598425197" HPOS="429.1653543307087"/>
            <String HEIGHT="19.559055118110237" WIDTH="30.04724409448819" VPOS="405.9212598425197" HPOS="414.1417322834646" CONTENT="de" ID="tl_20_11" STYLEREFS="FONT0"/>
            <SP HEIGHT="19.559055118110237" WIDTH="5.102362204724409" VPOS="405.9212598425197" HPOS="444.18897637795277"/>
            <String HEIGHT="19.559055118110237" WIDTH="45.07086614173228" VPOS="405.9212598425197" HPOS="429.1653543307087" CONTENT="leurs" ID="tl_20_12" STYLEREFS="FONT0"/>
            <SP HEIGHT="19.559055118110237" WIDTH="5.102362204724409" VPOS="405.9212598425197" HPOS="474.23622047244095"/>
            <String HEIGHT="19.559055118110237" WIDTH="50.173228346456696" VPOS="405.9212598425197" HPOS="454.1102362204724" CONTENT="pinceaux" ID="tl_20_13" STYLEREFS="FONT0"/>
          </TextLine>
          <TextLine ID="tl_21" BASELINE="1549" HEIGHT="17.007874015748033" WIDTH="397.98425196850394" VPOS="422.0787401574803" HPOS="113.95275590551181">
            <String HEIGHT="17.007874015748033" WIDTH="29.19685039370079" VPOS="422.0787401574803" HPOS="109.13385826771653" CONTENT="et" ID="tl_21_1" STYLEREFS="FONT0"/>
            <SP HEIGHT="17.007874015748033" WIDTH="4.818897637795276" VPOS="422.0787401574803" HPOS="138.33070866141733"/>
            <String HEIGHT="17.007874015748033" WIDTH="29.19685039370079" VPOS="422.0787401574803" HPOS="123.59055118110236" CONTENT="de" ID="tl_21_2" STYLEREFS="FONT0"/>
            <SP HEIGHT="17.007874015748033" WIDTH="4.818897637795276" VPOS="422.0787401574803" HPOS="152.78740157480314"/>
            <String HEIGHT="17.007874015748033" WIDTH="43.653543307086615" VPOS="422.0787401574803" HPOS="138.33070866141733" CONTENT="leurs" ID="tl_21_3" STYLEREFS="FONT0"/>
            <SP HEIGHT="17.007874015748033" WIDTH="4.818897637795276" VPOS="422.0787401574803" HPOS="181.98425196850394"/>
            <String HEIGHT="17.007874015748033" WIDTH="58.110236220472444" VPOS="422.0787401574803" HPOS="167.24409448818898" CONTENT="couleurs" ID="tl_21_4" STYLEREFS="FONT0"/>
            <SP HEIGHT="17.007874015748033" WIDTH="4.818897637795276" VPOS="422.0787401574803" HPOS="225.63779527559055"/>
            <String HEIGHT="17.007874015748033" WIDTH="38.83464566929134" VPOS="422.0787401574803" HPOS="210.89763779527559" CONTENT="vers" ID="tl_21_5" STYLEREFS="FONT0"/>
            <SP HEIGHT="17.007874015748033" WIDTH="4.818897637795276" VPOS="422.0787401574803" HPOS="249.73228346456693"/>
            <String HEIGHT="17.007874015748033" WIDTH="63.21259842519685" VPOS="422.0787401574803" HPOS="235.2755905511811" CONTENT="l’Europe," ID="tl_21_6" STYLEREFS="FONT0"/>
            <SP HEIGHT="17.007874015748033" WIDTH="4.818897637795276" VPOS="422.0787401574803" HPOS="298.48818897637796"/>
            <String HEIGHT="17.007874015748033" WIDTH="24.37795275590551" VPOS="422.0787401574803" HPOS="283.748031496063" CONTENT="à" ID="tl_21_7" STYLEREFS="FONT0"/>
            <SP HEIGHT="17.007874015748033" WIDTH="4.818897637795276" VPOS="422.0787401574803" HPOS="308.12598425196853"/>
            <String HEIGHT="17.007874015748033" WIDTH="29.19685039370079" VPOS="422.0787401574803" HPOS="293.6692913385827" CONTENT="la" ID="tl_21_8" STYLEREFS="FONT0"/>
            <SP HEIGHT="17.007874015748033" WIDTH="4.818897637795276" VPOS="422.0787401574803" HPOS="322.5826771653543"/>
            <String HEIGHT="17.007874015748033" WIDTH="63.21259842519685" VPOS="422.0787401574803" HPOS="308.12598425196853" CONTENT="recherche" ID="tl_21_9" STYLEREFS="FONT0"/>
            <SP HEIGHT="17.007874015748033" WIDTH="4.818897637795276" VPOS="422.0787401574803" HPOS="371.0551181102362"/>
            <String HEIGHT="17.007874015748033" WIDTH="29.19685039370079" VPOS="422.0787401574803" HPOS="356.59842519685037" CONTENT="de" ID="tl_21_10" STYLEREFS="FONT0"/>
            <SP HEIGHT="17.007874015748033" WIDTH="4.818897637795276" VPOS="422.0787401574803" HPOS="385.79527559055117"/>
            <String HEIGHT="17.007874015748033" WIDTH="38.83464566929134" VPOS="422.0787401574803" HPOS="371.0551181102362" CONTENT="leur" ID="tl_21_11" STYLEREFS="FONT0"/>
            <SP HEIGHT="17.007874015748033" WIDTH="4.818897637795276" VPOS="422.0787401574803" HPOS="409.8897637795276"/>
            <String HEIGHT="17.007874015748033" WIDTH="43.653543307086615" VPOS="422.0787401574803" HPOS="395.43307086614175" CONTENT="voie." ID="tl_21_12" STYLEREFS="FONT0"/>
            <SP HEIGHT="17.007874015748033" WIDTH="4.818897637795276" VPOS="422.0787401574803" HPOS="439.0866141732283"/>
            <String HEIGHT="17.007874015748033" WIDTH="34.01574803149607" VPOS="422.0787401574803" HPOS="424.62992125984255" CONTENT="Ils" ID="tl_21_13" STYLEREFS="FONT0"/>
            <SP HEIGHT="17.007874015748033" WIDTH="4.818897637795276" VPOS="422.0787401574803" HPOS="458.6456692913386"/>
            <String HEIGHT="17.007874015748033" WIDTH="34.01574803149607" VPOS="422.0787401574803" HPOS="443.90551181102364" CONTENT="ont" ID="tl_21_14" STYLEREFS="FONT0"/>
            <SP HEIGHT="17.007874015748033" WIDTH="4.818897637795276" VPOS="422.0787401574803" HPOS="477.9212598425197"/>
            <String HEIGHT="17.007874015748033" WIDTH="29.19685039370079" VPOS="422.0787401574803" HPOS="463.46456692913387" CONTENT="pu" ID="tl_21_15" STYLEREFS="FONT0"/>
            <SP HEIGHT="17.007874015748033" WIDTH="4.818897637795276" VPOS="422.0787401574803" HPOS="492.66141732283467"/>
            <String HEIGHT="17.007874015748033" WIDTH="38.83464566929134" VPOS="422.0787401574803" HPOS="473.1023622047244" CONTENT="ainsi." ID="tl_21_16" STYLEREFS="FONT0"/>
          </TextLine>
          <TextLine ID="tl_22" BASELINE="1594" HEIGHT="18.708661417322833" WIDTH="391.18110236220474" VPOS="433.13385826771656" HPOS="113.66929133858268">
            <String HEIGHT="18.708661417322833" WIDTH="60.661417322834644" VPOS="433.13385826771656" HPOS="108.28346456692914" CONTENT="admirer" ID="tl_22_1" STYLEREFS="FONT0"/>
            <SP HEIGHT="18.708661417322833" WIDTH="5.3858267716535435" VPOS="433.13385826771656" HPOS="168.66141732283464"/>
            <String HEIGHT="18.708661417322833" WIDTH="38.55118110236221" VPOS="433.13385826771656" HPOS="152.2204724409449" CONTENT="les" ID="tl_22_2" STYLEREFS="FONT0"/>
            <SP HEIGHT="18.708661417322833" WIDTH="5.3858267716535435" VPOS="433.13385826771656" HPOS="190.77165354330708"/>
            <String HEIGHT="18.708661417322833" WIDTH="54.99212598425197" VPOS="433.13385826771656" HPOS="174.33070866141733" CONTENT="œuvres" ID="tl_22_3" STYLEREFS="FONT0"/>
            <SP HEIGHT="18.708661417322833" WIDTH="5.3858267716535435" VPOS="433.13385826771656" HPOS="229.3228346456693"/>
            <String HEIGHT="18.708661417322833" WIDTH="38.55118110236221" VPOS="433.13385826771656" HPOS="212.88188976377953" CONTENT="des" ID="tl_22_4" STYLEREFS="FONT0"/>
            <SP HEIGHT="18.708661417322833" WIDTH="5.3858267716535435" VPOS="433.13385826771656" HPOS="251.43307086614172"/>
            <String HEIGHT="18.708661417322833" WIDTH="54.99212598425197" VPOS="433.13385826771656" HPOS="234.99212598425197" CONTENT="grands" ID="tl_22_5" STYLEREFS="FONT0"/>
            <SP HEIGHT="18.708661417322833" WIDTH="5.3858267716535435" VPOS="433.13385826771656" HPOS="289.98425196850394"/>
            <String HEIGHT="18.708661417322833" WIDTH="66.04724409448819" VPOS="433.13385826771656" HPOS="273.54330708661416" CONTENT="maîtres," ID="tl_22_6" STYLEREFS="FONT0"/>
            <SP HEIGHT="18.708661417322833" WIDTH="5.3858267716535435" VPOS="433.13385826771656" HPOS="339.59055118110234"/>
            <String HEIGHT="18.708661417322833" WIDTH="33.16535433070866" VPOS="433.13385826771656" HPOS="323.1496062992126" CONTENT="se" ID="tl_22_7" STYLEREFS="FONT0"/>
            <SP HEIGHT="18.708661417322833" WIDTH="5.3858267716535435" VPOS="433.13385826771656" HPOS="356.0314960629921"/>
            <String HEIGHT="18.708661417322833" WIDTH="60.661417322834644" VPOS="433.13385826771656" HPOS="339.59055118110234" CONTENT="tremper" ID="tl_22_8" STYLEREFS="FONT0"/>
            <SP HEIGHT="18.708661417322833" WIDTH="5.3858267716535435" VPOS="433.13385826771656" HPOS="400.251968503937"/>
            <String HEIGHT="18.708661417322833" WIDTH="43.93700787401575" VPOS="433.13385826771656" HPOS="383.5275590551181" CONTENT="dans" ID="tl_22_9" STYLEREFS="FONT0"/>
            <SP HEIGHT="18.708661417322833" WIDTH="5.3858267716535435" VPOS="433.13385826771656" HPOS="427.748031496063"/>
            <String HEIGHT="18.708661417322833" WIDTH="88.15748031496064" VPOS="433.13385826771656" HPOS="411.3070866141732" CONTENT="l’atmosphère" ID="tl_22_10" STYLEREFS="FONT0"/>
            <SP HEIGHT="18.708661417322833" WIDTH="5.3858267716535435" VPOS="433.13385826771656" HPOS="499.46456692913387"/>
            <String HEIGHT="18.708661417322833" WIDTH="27.496062992125985" VPOS="433.13385826771656" HPOS="477.3543307086614" CONTENT="des" ID="tl_22_11" STYLEREFS="FONT0"/>
          </TextLine>
          <TextLine ID="tl_23" BASELINE="1635" HEIGHT="17.858267716535433" WIDTH="221.95275590551182" VPOS="445.6062992125984" HPOS="113.66929133858268">
            <String HEIGHT="17.858267716535433" WIDTH="63.496062992125985" VPOS="445.6062992125984" HPOS="108.28346456692914" CONTENT="ateliers" ID="tl_23_1" STYLEREFS="FONT0"/>
            <SP HEIGHT="17.858267716535433" WIDTH="5.3858267716535435" VPOS="445.6062992125984" HPOS="171.7795275590551"/>
            <String HEIGHT="17.858267716535433" WIDTH="31.748031496062993" VPOS="445.6062992125984" HPOS="155.90551181102362" CONTENT="et" ID="tl_23_2" STYLEREFS="FONT0"/>
            <SP HEIGHT="17.858267716535433" WIDTH="5.3858267716535435" VPOS="445.6062992125984" HPOS="187.6535433070866"/>
            <String HEIGHT="17.858267716535433" WIDTH="37.13385826771653" VPOS="445.6062992125984" HPOS="171.7795275590551" CONTENT="des" ID="tl_23_3" STYLEREFS="FONT0"/>
            <SP HEIGHT="17.858267716535433" WIDTH="5.3858267716535435" VPOS="445.6062992125984" HPOS="208.91338582677164"/>
            <String HEIGHT="17.858267716535433" WIDTH="58.110236220472444" VPOS="445.6062992125984" HPOS="193.03937007874015" CONTENT="musées," ID="tl_23_4" STYLEREFS="FONT0"/>
            <SP HEIGHT="17.858267716535433" WIDTH="5.3858267716535435" VPOS="445.6062992125984" HPOS="251.1496062992126"/>
            <String HEIGHT="17.858267716535433" WIDTH="47.62204724409449" VPOS="445.6062992125984" HPOS="235.2755905511811" CONTENT="nouer" ID="tl_23_5" STYLEREFS="FONT0"/>
            <SP HEIGHT="17.858267716535433" WIDTH="5.3858267716535435" VPOS="445.6062992125984" HPOS="282.8976377952756"/>
            <String HEIGHT="17.858267716535433" WIDTH="37.13385826771653" VPOS="445.6062992125984" HPOS="267.0236220472441" CONTENT="des" ID="tl_23_6" STYLEREFS="FONT0"/>
            <SP HEIGHT="17.858267716535433" WIDTH="5.3858267716535435" VPOS="445.6062992125984" HPOS="303.87401574803147"/>
            <String HEIGHT="17.858267716535433" WIDTH="52.724409448818896" VPOS="445.6062992125984" HPOS="282.8976377952756" CONTENT="amitiés." ID="tl_23_7" STYLEREFS="FONT0"/>
          </TextLine>
        </TextBlock>
        <TextBlock ID="r_3_4" HEIGHT="104.31496062992126" WIDTH="388.06299212598424" VPOS="460.9133858267717" HPOS="115.93700787401575">
          <TextLine ID="tl_24" BASELINE="1680" HEIGHT="17.5748031496063" WIDTH="382.1102362204724" VPOS="458.6456692913386" HPOS="122.74015748031496">
            <String HEIGHT="17.5748031496063" WIDTH="31.46456692913386" VPOS="458.6456692913386" HPOS="117.63779527559055" CONTENT="Je" ID="tl_24_1" STYLEREFS="FONT0"/>
            <SP HEIGHT="17.5748031496063" WIDTH="5.102362204724409" VPOS="458.6456692913386" HPOS="148.8188976377953"/>
            <String HEIGHT="17.5748031496063" WIDTH="31.46456692913386" VPOS="458.6456692913386" HPOS="133.22834645669292" CONTENT="ne" ID="tl_24_2" STYLEREFS="FONT0"/>
            <SP HEIGHT="17.5748031496063" WIDTH="5.102362204724409" VPOS="458.6456692913386" HPOS="164.69291338582678"/>
            <String HEIGHT="17.5748031496063" WIDTH="57.54330708661417" VPOS="458.6456692913386" HPOS="148.8188976377953" CONTENT="citerai" ID="tl_24_3" STYLEREFS="FONT0"/>
            <SP HEIGHT="17.5748031496063" WIDTH="5.102362204724409" VPOS="458.6456692913386" HPOS="206.36220472440945"/>
            <String HEIGHT="17.5748031496063" WIDTH="47.05511811023622" VPOS="458.6456692913386" HPOS="190.77165354330708" CONTENT="point" ID="tl_24_4" STYLEREFS="FONT0"/>
            <SP HEIGHT="17.5748031496063" WIDTH="5.102362204724409" VPOS="458.6456692913386" HPOS="237.82677165354332"/>
            <String HEIGHT="17.5748031496063" WIDTH="31.46456692913386" VPOS="458.6456692913386" HPOS="222.23622047244095" CONTENT="de" ID="tl_24_5" STYLEREFS="FONT0"/>
            <SP HEIGHT="17.5748031496063" WIDTH="5.102362204724409" VPOS="458.6456692913386" HPOS="253.70078740157481"/>
            <String HEIGHT="17.5748031496063" WIDTH="47.05511811023622" VPOS="458.6456692913386" HPOS="237.82677165354332" CONTENT="noms," ID="tl_24_6" STYLEREFS="FONT0"/>
            <SP HEIGHT="17.5748031496063" WIDTH="5.102362204724409" VPOS="458.6456692913386" HPOS="284.88188976377955"/>
            <String HEIGHT="17.5748031496063" WIDTH="31.46456692913386" VPOS="458.6456692913386" HPOS="269.29133858267716" CONTENT="je" ID="tl_24_7" STYLEREFS="FONT0"/>
            <SP HEIGHT="17.5748031496063" WIDTH="5.102362204724409" VPOS="458.6456692913386" HPOS="300.755905511811"/>
            <String HEIGHT="17.5748031496063" WIDTH="31.46456692913386" VPOS="458.6456692913386" HPOS="284.88188976377955" CONTENT="me" ID="tl_24_8" STYLEREFS="FONT0"/>
            <SP HEIGHT="17.5748031496063" WIDTH="5.102362204724409" VPOS="458.6456692913386" HPOS="316.34645669291336"/>
            <String HEIGHT="17.5748031496063" WIDTH="78.51968503937007" VPOS="458.6456692913386" HPOS="300.755905511811" CONTENT="contenterai" ID="tl_24_9" STYLEREFS="FONT0"/>
            <SP HEIGHT="17.5748031496063" WIDTH="5.102362204724409" VPOS="458.6456692913386" HPOS="379.2755905511811"/>
            <String HEIGHT="17.5748031496063" WIDTH="68.03149606299213" VPOS="458.6456692913386" HPOS="363.40157480314963" CONTENT="seulement" ID="tl_24_10" STYLEREFS="FONT0"/>
            <SP HEIGHT="17.5748031496063" WIDTH="5.102362204724409" VPOS="458.6456692913386" HPOS="431.43307086614175"/>
            <String HEIGHT="17.5748031496063" WIDTH="31.46456692913386" VPOS="458.6456692913386" HPOS="415.84251968503935" CONTENT="de" ID="tl_24_11" STYLEREFS="FONT0"/>
            <SP HEIGHT="17.5748031496063" WIDTH="5.102362204724409" VPOS="458.6456692913386" HPOS="447.3070866141732"/>
            <String HEIGHT="17.5748031496063" WIDTH="68.03149606299213" VPOS="458.6456692913386" HPOS="431.43307086614175" CONTENT="féliciter" ID="tl_24_12" STYLEREFS="FONT0"/>
            <SP HEIGHT="17.5748031496063" WIDTH="5.102362204724409" VPOS="458.6456692913386" HPOS="499.748031496063"/>
            <String HEIGHT="17.5748031496063" WIDTH="26.078740157480315" VPOS="458.6456692913386" HPOS="478.7716535433071" CONTENT="ces" ID="tl_24_13" STYLEREFS="FONT0"/>
          </TextLine>
          <TextLine ID="tl_25" BASELINE="1740" HEIGHT="20.976377952755904" WIDTH="391.748031496063" VPOS="472.251968503937" HPOS="114.23622047244095">
            <String HEIGHT="20.976377952755904" WIDTH="66.89763779527559" VPOS="472.251968503937" HPOS="109.13385826771653" CONTENT="pionniers" ID="tl_25_1" STYLEREFS="FONT0"/>
            <SP HEIGHT="20.976377952755904" WIDTH="5.102362204724409" VPOS="472.251968503937" HPOS="176.03149606299212"/>
            <String HEIGHT="20.976377952755904" WIDTH="41.10236220472441" VPOS="472.251968503937" HPOS="160.7244094488189" CONTENT="pour" ID="tl_25_2" STYLEREFS="FONT0"/>
            <SP HEIGHT="20.976377952755904" WIDTH="5.102362204724409" VPOS="472.251968503937" HPOS="201.82677165354332"/>
            <String HEIGHT="20.976377952755904" WIDTH="41.10236220472441" VPOS="472.251968503937" HPOS="186.51968503937007" CONTENT="leur" ID="tl_25_3" STYLEREFS="FONT0"/>
            <SP HEIGHT="20.976377952755904" WIDTH="5.102362204724409" VPOS="472.251968503937" HPOS="227.6220472440945"/>
            <String HEIGHT="20.976377952755904" WIDTH="56.69291338582677" VPOS="472.251968503937" HPOS="212.31496062992127" CONTENT="courage" ID="tl_25_4" STYLEREFS="FONT0"/>
            <SP HEIGHT="20.976377952755904" WIDTH="5.102362204724409" VPOS="472.251968503937" HPOS="269.00787401574803"/>
            <String HEIGHT="20.976377952755904" WIDTH="30.89763779527559" VPOS="472.251968503937" HPOS="253.41732283464566" CONTENT="et" ID="tl_25_5" STYLEREFS="FONT0"/>
            <SP HEIGHT="20.976377952755904" WIDTH="5.102362204724409" VPOS="472.251968503937" HPOS="284.31496062992125"/>
            <String HEIGHT="20.976377952755904" WIDTH="41.10236220472441" VPOS="472.251968503937" HPOS="269.00787401574803" CONTENT="leur" ID="tl_25_6" STYLEREFS="FONT0"/>
            <SP HEIGHT="20.976377952755904" WIDTH="5.102362204724409" VPOS="472.251968503937" HPOS="310.1102362204724"/>
            <String HEIGHT="20.976377952755904" WIDTH="56.69291338582677" VPOS="472.251968503937" HPOS="294.5196850393701" CONTENT="passion" ID="tl_25_7" STYLEREFS="FONT0"/>
            <SP HEIGHT="20.976377952755904" WIDTH="5.102362204724409" VPOS="472.251968503937" HPOS="351.21259842519686"/>
            <String HEIGHT="20.976377952755904" WIDTH="41.10236220472441" VPOS="472.251968503937" HPOS="335.90551181102364" CONTENT="pour" ID="tl_25_8" STYLEREFS="FONT0"/>
            <SP HEIGHT="20.976377952755904" WIDTH="5.102362204724409" VPOS="472.251968503937" HPOS="377.00787401574803"/>
            <String HEIGHT="20.976377952755904" WIDTH="30.89763779527559" VPOS="472.251968503937" HPOS="361.7007874015748" CONTENT="un" ID="tl_25_9" STYLEREFS="FONT0"/>
            <SP HEIGHT="20.976377952755904" WIDTH="5.102362204724409" VPOS="472.251968503937" HPOS="392.59842519685037"/>
            <String HEIGHT="20.976377952755904" WIDTH="36.0" VPOS="472.251968503937" HPOS="377.00787401574803" CONTENT="art" ID="tl_25_10" STYLEREFS="FONT0"/>
            <SP HEIGHT="20.976377952755904" WIDTH="5.102362204724409" VPOS="472.251968503937" HPOS="413.29133858267716"/>
            <String HEIGHT="20.976377952755904" WIDTH="66.89763779527559" VPOS="472.251968503937" HPOS="397.7007874015748" CONTENT="difficile" ID="tl_25_11" STYLEREFS="FONT0"/>
            <SP HEIGHT="20.976377952755904" WIDTH="5.102362204724409" VPOS="472.251968503937" HPOS="464.88188976377955"/>
            <String HEIGHT="20.976377952755904" WIDTH="25.79527559055118" VPOS="472.251968503937" HPOS="449.29133858267716" CONTENT="à" ID="tl_25_12" STYLEREFS="FONT0"/>
            <SP HEIGHT="20.976377952755904" WIDTH="5.102362204724409" VPOS="472.251968503937" HPOS="475.0866141732283"/>
            <String HEIGHT="20.976377952755904" WIDTH="51.59055118110236" VPOS="472.251968503937" HPOS="454.3937007874016" CONTENT="acquérir" ID="tl_25_13" STYLEREFS="FONT0"/>
          </TextLine>
          <TextLine ID="tl_26" BASELINE="1784" HEIGHT="19.275590551181104" WIDTH="391.46456692913387" VPOS="486.4251968503937" HPOS="113.95275590551181">
            <String HEIGHT="19.275590551181104" WIDTH="28.913385826771652" VPOS="486.4251968503937" HPOS="109.13385826771653" CONTENT="et" ID="tl_26_1" STYLEREFS="FONT0"/>
            <SP HEIGHT="19.275590551181104" WIDTH="4.818897637795276" VPOS="486.4251968503937" HPOS="138.04724409448818"/>
            <String HEIGHT="19.275590551181104" WIDTH="38.55118110236221" VPOS="486.4251968503937" HPOS="123.59055118110236" CONTENT="dans" ID="tl_26_2" STYLEREFS="FONT0"/>
            <SP HEIGHT="19.275590551181104" WIDTH="4.818897637795276" VPOS="486.4251968503937" HPOS="162.14173228346456"/>
            <String HEIGHT="19.275590551181104" WIDTH="48.188976377952756" VPOS="486.4251968503937" HPOS="147.68503937007873" CONTENT="lequel" ID="tl_26_3" STYLEREFS="FONT0"/>
            <SP HEIGHT="19.275590551181104" WIDTH="4.818897637795276" VPOS="486.4251968503937" HPOS="196.15748031496062"/>
            <String HEIGHT="19.275590551181104" WIDTH="28.913385826771652" VPOS="486.4251968503937" HPOS="181.70078740157481" CONTENT="il" ID="tl_26_4" STYLEREFS="FONT0"/>
            <SP HEIGHT="19.275590551181104" WIDTH="4.818897637795276" VPOS="486.4251968503937" HPOS="210.61417322834646"/>
            <String HEIGHT="19.275590551181104" WIDTH="33.732283464566926" VPOS="486.4251968503937" HPOS="196.15748031496062" CONTENT="est" ID="tl_26_5" STYLEREFS="FONT0"/>
            <SP HEIGHT="19.275590551181104" WIDTH="4.818897637795276" VPOS="486.4251968503937" HPOS="229.88976377952756"/>
            <String HEIGHT="19.275590551181104" WIDTH="48.188976377952756" VPOS="486.4251968503937" HPOS="215.43307086614172" CONTENT="encore" ID="tl_26_6" STYLEREFS="FONT0"/>
            <SP HEIGHT="19.275590551181104" WIDTH="4.818897637795276" VPOS="486.4251968503937" HPOS="263.90551181102364"/>
            <String HEIGHT="19.275590551181104" WIDTH="38.55118110236221" VPOS="486.4251968503937" HPOS="249.16535433070865" CONTENT="plus" ID="tl_26_7" STYLEREFS="FONT0"/>
            <SP HEIGHT="19.275590551181104" WIDTH="4.818897637795276" VPOS="486.4251968503937" HPOS="288.0"/>
            <String HEIGHT="19.275590551181104" WIDTH="62.92913385826772" VPOS="486.4251968503937" HPOS="273.54330708661416" CONTENT="difficile" ID="tl_26_8" STYLEREFS="FONT0"/>
            <SP HEIGHT="19.275590551181104" WIDTH="4.818897637795276" VPOS="486.4251968503937" HPOS="336.18897637795277"/>
            <String HEIGHT="19.275590551181104" WIDTH="28.913385826771652" VPOS="486.4251968503937" HPOS="321.73228346456693" CONTENT="de" ID="tl_26_9" STYLEREFS="FONT0"/>
            <SP HEIGHT="19.275590551181104" WIDTH="4.818897637795276" VPOS="486.4251968503937" HPOS="350.6456692913386"/>
            <String HEIGHT="19.275590551181104" WIDTH="67.74803149606299" VPOS="486.4251968503937" HPOS="336.18897637795277" CONTENT="s’imposer." ID="tl_26_10" STYLEREFS="FONT0"/>
            <SP HEIGHT="19.275590551181104" WIDTH="4.818897637795276" VPOS="486.4251968503937" HPOS="403.93700787401576"/>
            <String HEIGHT="19.275590551181104" WIDTH="33.732283464566926" VPOS="486.4251968503937" HPOS="389.4803149606299" CONTENT="Ils" ID="tl_26_11" STYLEREFS="FONT0"/>
            <SP HEIGHT="19.275590551181104" WIDTH="4.818897637795276" VPOS="486.4251968503937" HPOS="423.21259842519686"/>
            <String HEIGHT="19.275590551181104" WIDTH="33.732283464566926" VPOS="486.4251968503937" HPOS="408.755905511811" CONTENT="ont" ID="tl_26_12" STYLEREFS="FONT0"/>
            <SP HEIGHT="19.275590551181104" WIDTH="4.818897637795276" VPOS="486.4251968503937" HPOS="442.48818897637796"/>
            <String HEIGHT="19.275590551181104" WIDTH="43.37007874015748" VPOS="486.4251968503937" HPOS="428.0314960629921" CONTENT="servi" ID="tl_26_13" STYLEREFS="FONT0"/>
            <SP HEIGHT="19.275590551181104" WIDTH="4.818897637795276" VPOS="486.4251968503937" HPOS="471.68503937007875"/>
            <String HEIGHT="19.275590551181104" WIDTH="53.29133858267716" VPOS="486.4251968503937" HPOS="452.12598425196853" CONTENT="d’exemple" ID="tl_26_14" STYLEREFS="FONT0"/>
          </TextLine>
          <TextLine ID="tl_27" BASELINE="1834" HEIGHT="23.52755905511811" WIDTH="392.31496062992125" VPOS="496.34645669291336" HPOS="113.38582677165354">
            <String HEIGHT="23.52755905511811" WIDTH="26.929133858267715" VPOS="496.34645669291336" HPOS="108.0" CONTENT="à" ID="tl_27_1" STYLEREFS="FONT0"/>
            <SP HEIGHT="23.52755905511811" WIDTH="5.3858267716535435" VPOS="496.34645669291336" HPOS="134.9291338582677"/>
            <String HEIGHT="23.52755905511811" WIDTH="48.47244094488189" VPOS="496.34645669291336" HPOS="118.77165354330708" CONTENT="leurs" ID="tl_27_2" STYLEREFS="FONT0"/>
            <SP HEIGHT="23.52755905511811" WIDTH="5.3858267716535435" VPOS="496.34645669291336" HPOS="167.24409448818898"/>
            <String HEIGHT="23.52755905511811" WIDTH="69.73228346456693" VPOS="496.34645669291336" HPOS="151.08661417322836" CONTENT="camarades" ID="tl_27_3" STYLEREFS="FONT0"/>
            <SP HEIGHT="23.52755905511811" WIDTH="5.3858267716535435" VPOS="496.34645669291336" HPOS="220.8188976377953"/>
            <String HEIGHT="23.52755905511811" WIDTH="53.85826771653543" VPOS="496.34645669291336" HPOS="204.66141732283464" CONTENT="restés" ID="tl_27_4" STYLEREFS="FONT0"/>
            <SP HEIGHT="23.52755905511811" WIDTH="5.3858267716535435" VPOS="496.34645669291336" HPOS="258.5196850393701"/>
            <String HEIGHT="23.52755905511811" WIDTH="32.31496062992126" VPOS="496.34645669291336" HPOS="242.36220472440945" CONTENT="au" ID="tl_27_5" STYLEREFS="FONT0"/>
            <SP HEIGHT="23.52755905511811" WIDTH="5.3858267716535435" VPOS="496.34645669291336" HPOS="274.6771653543307"/>
            <String HEIGHT="23.52755905511811" WIDTH="53.85826771653543" VPOS="496.34645669291336" HPOS="258.5196850393701" CONTENT="Maroc," ID="tl_27_6" STYLEREFS="FONT0"/>
            <SP HEIGHT="23.52755905511811" WIDTH="5.3858267716535435" VPOS="496.34645669291336" HPOS="312.09448818897636"/>
            <String HEIGHT="23.52755905511811" WIDTH="37.7007874015748" VPOS="496.34645669291336" HPOS="296.2204724409449" CONTENT="qui" ID="tl_27_7" STYLEREFS="FONT0"/>
            <SP HEIGHT="23.52755905511811" WIDTH="5.3858267716535435" VPOS="496.34645669291336" HPOS="333.6377952755906"/>
            <String HEIGHT="23.52755905511811" WIDTH="37.7007874015748" VPOS="496.34645669291336" HPOS="317.4803149606299" CONTENT="ont" ID="tl_27_8" STYLEREFS="FONT0"/>
            <SP HEIGHT="23.52755905511811" WIDTH="5.3858267716535435" VPOS="496.34645669291336" HPOS="355.18110236220474"/>
            <String HEIGHT="23.52755905511811" WIDTH="32.31496062992126" VPOS="496.34645669291336" HPOS="339.0236220472441" CONTENT="eu" ID="tl_27_9" STYLEREFS="FONT0"/>
            <SP HEIGHT="23.52755905511811" WIDTH="5.3858267716535435" VPOS="496.34645669291336" HPOS="371.33858267716533"/>
            <String HEIGHT="23.52755905511811" WIDTH="32.31496062992126" VPOS="496.34645669291336" HPOS="355.18110236220474" CONTENT="le" ID="tl_27_10" STYLEREFS="FONT0"/>
            <SP HEIGHT="23.52755905511811" WIDTH="5.3858267716535435" VPOS="496.34645669291336" HPOS="387.496062992126"/>
            <String HEIGHT="23.52755905511811" WIDTH="53.85826771653543" VPOS="496.34645669291336" HPOS="371.33858267716533" CONTENT="mérite" ID="tl_27_11" STYLEREFS="FONT0"/>
            <SP HEIGHT="23.52755905511811" WIDTH="5.3858267716535435" VPOS="496.34645669291336" HPOS="425.1968503937008"/>
            <String HEIGHT="23.52755905511811" WIDTH="80.50393700787401" VPOS="496.34645669291336" HPOS="409.03937007874015" CONTENT="d’apprécier" ID="tl_27_12" STYLEREFS="FONT0"/>
            <SP HEIGHT="23.52755905511811" WIDTH="5.3858267716535435" VPOS="496.34645669291336" HPOS="489.54330708661416"/>
            <String HEIGHT="23.52755905511811" WIDTH="37.7007874015748" VPOS="496.34645669291336" HPOS="468.0" CONTENT="leurs" ID="tl_27_13" STYLEREFS="FONT0"/>
          </TextLine>
          <TextLine ID="tl_28" BASELINE="1861" HEIGHT="15.307086614173228" WIDTH="392.0314960629921" VPOS="512.2204724409448" HPOS="113.95275590551181">
            <String HEIGHT="15.307086614173228" WIDTH="53.85826771653543" VPOS="512.2204724409448" HPOS="109.13385826771653" CONTENT="efforts" ID="tl_28_1" STYLEREFS="FONT0"/>
            <SP HEIGHT="15.307086614173228" WIDTH="4.818897637795276" VPOS="512.2204724409448" HPOS="162.99212598425197"/>
            <String HEIGHT="15.307086614173228" WIDTH="29.480314960629922" VPOS="512.2204724409448" HPOS="148.251968503937" CONTENT="et" ID="tl_28_2" STYLEREFS="FONT0"/>
            <SP HEIGHT="15.307086614173228" WIDTH="4.818897637795276" VPOS="512.2204724409448" HPOS="177.73228346456693"/>
            <String HEIGHT="15.307086614173228" WIDTH="29.480314960629922" VPOS="512.2204724409448" HPOS="162.99212598425197" CONTENT="de" ID="tl_28_3" STYLEREFS="FONT0"/>
            <SP HEIGHT="15.307086614173228" WIDTH="4.818897637795276" VPOS="512.2204724409448" HPOS="192.4724409448819"/>
            <String HEIGHT="15.307086614173228" WIDTH="68.5984251968504" VPOS="512.2204724409448" HPOS="177.73228346456693" CONTENT="travailler" ID="tl_28_4" STYLEREFS="FONT0"/>
            <SP HEIGHT="15.307086614173228" WIDTH="4.818897637795276" VPOS="512.2204724409448" HPOS="246.33070866141733"/>
            <String HEIGHT="15.307086614173228" WIDTH="39.118110236220474" VPOS="512.2204724409448" HPOS="231.59055118110237" CONTENT="afin" ID="tl_28_5" STYLEREFS="FONT0"/>
            <SP HEIGHT="15.307086614173228" WIDTH="4.818897637795276" VPOS="512.2204724409448" HPOS="270.70866141732284"/>
            <String HEIGHT="15.307086614173228" WIDTH="68.5984251968504" VPOS="512.2204724409448" HPOS="255.96850393700788" CONTENT="d’enrichir" ID="tl_28_6" STYLEREFS="FONT0"/>
            <SP HEIGHT="15.307086614173228" WIDTH="4.818897637795276" VPOS="512.2204724409448" HPOS="324.56692913385825"/>
            <String HEIGHT="15.307086614173228" WIDTH="39.118110236220474" VPOS="512.2204724409448" HPOS="310.1102362204724" CONTENT="leur" ID="tl_28_7" STYLEREFS="FONT0"/>
            <SP HEIGHT="15.307086614173228" WIDTH="4.818897637795276" VPOS="512.2204724409448" HPOS="349.2283464566929"/>
            <String HEIGHT="15.307086614173228" WIDTH="44.22047244094488" VPOS="512.2204724409448" HPOS="334.48818897637796" CONTENT="pays." ID="tl_28_8" STYLEREFS="FONT0"/>
            <SP HEIGHT="15.307086614173228" WIDTH="4.818897637795276" VPOS="512.2204724409448" HPOS="378.70866141732284"/>
            <String HEIGHT="15.307086614173228" WIDTH="29.480314960629922" VPOS="512.2204724409448" HPOS="363.9685039370079" CONTENT="Le" ID="tl_28_9" STYLEREFS="FONT0"/>
            <SP HEIGHT="15.307086614173228" WIDTH="4.818897637795276" VPOS="512.2204724409448" HPOS="393.1653543307087"/>
            <String HEIGHT="15.307086614173228" WIDTH="44.22047244094488" VPOS="512.2204724409448" HPOS="378.70866141732284" CONTENT="Maroc" ID="tl_28_10" STYLEREFS="FONT0"/>
            <SP HEIGHT="15.307086614173228" WIDTH="4.818897637795276" VPOS="512.2204724409448" HPOS="422.6456692913386"/>
            <String HEIGHT="15.307086614173228" WIDTH="24.37795275590551" VPOS="512.2204724409448" HPOS="407.90551181102364" CONTENT="a" ID="tl_28_11" STYLEREFS="FONT0"/>
            <SP HEIGHT="15.307086614173228" WIDTH="4.818897637795276" VPOS="512.2204724409448" HPOS="432.56692913385825"/>
            <String HEIGHT="15.307086614173228" WIDTH="44.22047244094488" VPOS="512.2204724409448" HPOS="417.8267716535433" CONTENT="ainsi" ID="tl_28_12" STYLEREFS="FONT0"/>
            <SP HEIGHT="15.307086614173228" WIDTH="4.818897637795276" VPOS="512.2204724409448" HPOS="461.76377952755905"/>
            <String HEIGHT="15.307086614173228" WIDTH="53.85826771653543" VPOS="512.2204724409448" HPOS="447.3070866141732" CONTENT="conquis" ID="tl_28_13" STYLEREFS="FONT0"/>
            <SP HEIGHT="15.307086614173228" WIDTH="4.818897637795276" VPOS="512.2204724409448" HPOS="501.1653543307087"/>
            <String HEIGHT="15.307086614173228" WIDTH="24.37795275590551" VPOS="512.2204724409448" HPOS="481.6062992125984" CONTENT="une" ID="tl_28_14" STYLEREFS="FONT0"/>
          </TextLine>
          <TextLine ID="tl_29" BASELINE="1925" HEIGHT="21.543307086614174" WIDTH="392.31496062992125" VPOS="524.1259842519685" HPOS="113.95275590551181">
            <String HEIGHT="21.543307086614174" WIDTH="46.488188976377955" VPOS="524.1259842519685" HPOS="108.85039370078741" CONTENT="place" ID="tl_29_1" STYLEREFS="FONT0"/>
            <SP HEIGHT="21.543307086614174" WIDTH="5.102362204724409" VPOS="524.1259842519685" HPOS="155.33858267716536"/>
            <String HEIGHT="21.543307086614174" WIDTH="30.89763779527559" VPOS="524.1259842519685" HPOS="139.748031496063" CONTENT="de" ID="tl_29_2" STYLEREFS="FONT0"/>
            <SP HEIGHT="21.543307086614174" WIDTH="5.102362204724409" VPOS="524.1259842519685" HPOS="170.64566929133858"/>
            <String HEIGHT="21.543307086614174" WIDTH="46.488188976377955" VPOS="524.1259842519685" HPOS="155.33858267716536" CONTENT="choix" ID="tl_29_3" STYLEREFS="FONT0"/>
            <SP HEIGHT="21.543307086614174" WIDTH="5.102362204724409" VPOS="524.1259842519685" HPOS="201.82677165354332"/>
            <String HEIGHT="21.543307086614174" WIDTH="41.38582677165354" VPOS="524.1259842519685" HPOS="186.23622047244095" CONTENT="dans" ID="tl_29_4" STYLEREFS="FONT0"/>
            <SP HEIGHT="21.543307086614174" WIDTH="5.102362204724409" VPOS="524.1259842519685" HPOS="227.6220472440945"/>
            <String HEIGHT="21.543307086614174" WIDTH="36.0" VPOS="524.1259842519685" HPOS="212.03149606299212" CONTENT="les" ID="tl_29_5" STYLEREFS="FONT0"/>
            <SP HEIGHT="21.543307086614174" WIDTH="5.102362204724409" VPOS="524.1259842519685" HPOS="248.03149606299212"/>
            <String HEIGHT="21.543307086614174" WIDTH="77.38582677165354" VPOS="524.1259842519685" HPOS="232.7244094488189" CONTENT="expositions" ID="tl_29_6" STYLEREFS="FONT0"/>
            <SP HEIGHT="21.543307086614174" WIDTH="5.102362204724409" VPOS="524.1259842519685" HPOS="310.1102362204724"/>
            <String HEIGHT="21.543307086614174" WIDTH="103.18110236220473" VPOS="524.1259842519685" HPOS="294.5196850393701" CONTENT="internationales," ID="tl_29_7" STYLEREFS="FONT0"/>
            <SP HEIGHT="21.543307086614174" WIDTH="5.102362204724409" VPOS="524.1259842519685" HPOS="397.98425196850394"/>
            <String HEIGHT="21.543307086614174" WIDTH="30.89763779527559" VPOS="524.1259842519685" HPOS="382.3937007874016" CONTENT="et" ID="tl_29_8" STYLEREFS="FONT0"/>
            <SP HEIGHT="21.543307086614174" WIDTH="5.102362204724409" VPOS="524.1259842519685" HPOS="413.29133858267716"/>
            <String HEIGHT="21.543307086614174" WIDTH="46.488188976377955" VPOS="524.1259842519685" HPOS="397.98425196850394" CONTENT="notre" ID="tl_29_9" STYLEREFS="FONT0"/>
            <SP HEIGHT="21.543307086614174" WIDTH="5.102362204724409" VPOS="524.1259842519685" HPOS="444.18897637795277"/>
            <String HEIGHT="21.543307086614174" WIDTH="46.488188976377955" VPOS="524.1259842519685" HPOS="428.88188976377955" CONTENT="jeune" ID="tl_29_10" STYLEREFS="FONT0"/>
            <SP HEIGHT="21.543307086614174" WIDTH="5.102362204724409" VPOS="524.1259842519685" HPOS="475.37007874015745"/>
            <String HEIGHT="21.543307086614174" WIDTH="51.59055118110236" VPOS="524.1259842519685" HPOS="454.6771653543307" CONTENT="peinture" ID="tl_29_11" STYLEREFS="FONT0"/>
          </TextLine>
          <TextLine ID="tl_30" BASELINE="1973" HEIGHT="20.409448818897637" WIDTH="392.59842519685037" VPOS="538.8661417322835" HPOS="113.95275590551181">
            <String HEIGHT="20.409448818897637" WIDTH="37.7007874015748" VPOS="538.8661417322835" HPOS="108.56692913385827" CONTENT="est" ID="tl_30_1" STYLEREFS="FONT0"/>
            <SP HEIGHT="20.409448818897637" WIDTH="5.3858267716535435" VPOS="538.8661417322835" HPOS="146.26771653543307"/>
            <String HEIGHT="20.409448818897637" WIDTH="80.78740157480316" VPOS="538.8661417322835" HPOS="130.11023622047244" CONTENT="représentée" ID="tl_30_2" STYLEREFS="FONT0"/>
            <SP HEIGHT="20.409448818897637" WIDTH="5.3858267716535435" VPOS="538.8661417322835" HPOS="210.89763779527559"/>
            <String HEIGHT="20.409448818897637" WIDTH="43.08661417322835" VPOS="538.8661417322835" HPOS="194.74015748031496" CONTENT="dans" ID="tl_30_3" STYLEREFS="FONT0"/>
            <SP HEIGHT="20.409448818897637" WIDTH="5.3858267716535435" VPOS="538.8661417322835" HPOS="237.54330708661416"/>
            <String HEIGHT="20.409448818897637" WIDTH="53.85826771653543" VPOS="538.8661417322835" HPOS="221.38582677165354" CONTENT="toutes" ID="tl_30_4" STYLEREFS="FONT0"/>
            <SP HEIGHT="20.409448818897637" WIDTH="5.3858267716535435" VPOS="538.8661417322835" HPOS="275.244094488189"/>
            <String HEIGHT="20.409448818897637" WIDTH="37.7007874015748" VPOS="538.8661417322835" HPOS="259.0866141732283" CONTENT="les" ID="tl_30_5" STYLEREFS="FONT0"/>
            <SP HEIGHT="20.409448818897637" WIDTH="5.3858267716535435" VPOS="538.8661417322835" HPOS="296.78740157480314"/>
            <String HEIGHT="20.409448818897637" WIDTH="96.94488188976378" VPOS="538.8661417322835" HPOS="280.62992125984255" CONTENT="manifestations" ID="tl_30_6" STYLEREFS="FONT0"/>
            <SP HEIGHT="20.409448818897637" WIDTH="5.3858267716535435" VPOS="538.8661417322835" HPOS="377.5748031496063"/>
            <String HEIGHT="20.409448818897637" WIDTH="70.01574803149606" VPOS="538.8661417322835" HPOS="361.4173228346457" CONTENT="mondiales" ID="tl_30_7" STYLEREFS="FONT0"/>
            <SP HEIGHT="20.409448818897637" WIDTH="5.3858267716535435" VPOS="538.8661417322835" HPOS="431.1496062992126"/>
            <String HEIGHT="20.409448818897637" WIDTH="32.31496062992126" VPOS="538.8661417322835" HPOS="414.99212598425197" CONTENT="et" ID="tl_30_8" STYLEREFS="FONT0"/>
            <SP HEIGHT="20.409448818897637" WIDTH="5.3858267716535435" VPOS="538.8661417322835" HPOS="447.3070866141732"/>
            <String HEIGHT="20.409448818897637" WIDTH="70.01574803149606" VPOS="538.8661417322835" HPOS="431.1496062992126" CONTENT="appréciée" ID="tl_30_9" STYLEREFS="FONT0"/>
            <SP HEIGHT="20.409448818897637" WIDTH="5.3858267716535435" VPOS="538.8661417322835" HPOS="501.1653543307087"/>
            <String HEIGHT="20.409448818897637" WIDTH="26.929133858267715" VPOS="538.8661417322835" HPOS="479.62204724409446" CONTENT="par" ID="tl_30_10" STYLEREFS="FONT0"/>
          </TextLine>
          <TextLine ID="tl_31" BASELINE="2008" HEIGHT="18.708661417322833" WIDTH="214.58267716535434" VPOS="550.488188976378" HPOS="114.80314960629921">
            <String HEIGHT="18.708661417322833" WIDTH="34.86614173228347" VPOS="550.488188976378" HPOS="109.7007874015748" CONTENT="les" ID="tl_31_1" STYLEREFS="FONT0"/>
            <SP HEIGHT="18.708661417322833" WIDTH="5.102362204724409" VPOS="550.488188976378" HPOS="144.8503937007874"/>
            <String HEIGHT="18.708661417322833" WIDTH="39.968503937007874" VPOS="550.488188976378" HPOS="129.82677165354332" CONTENT="voix" ID="tl_31_2" STYLEREFS="FONT0"/>
            <SP HEIGHT="18.708661417322833" WIDTH="5.102362204724409" VPOS="550.488188976378" HPOS="169.79527559055117"/>
            <String HEIGHT="18.708661417322833" WIDTH="34.86614173228347" VPOS="550.488188976378" HPOS="154.77165354330708" CONTENT="les" ID="tl_31_3" STYLEREFS="FONT0"/>
            <SP HEIGHT="18.708661417322833" WIDTH="5.102362204724409" VPOS="550.488188976378" HPOS="189.63779527559055"/>
            <String HEIGHT="18.708661417322833" WIDTH="39.968503937007874" VPOS="550.488188976378" HPOS="174.61417322834646" CONTENT="plus" ID="tl_31_4" STYLEREFS="FONT0"/>
            <SP HEIGHT="18.708661417322833" WIDTH="5.102362204724409" VPOS="550.488188976378" HPOS="214.58267716535434"/>
            <String HEIGHT="18.708661417322833" WIDTH="69.73228346456693" VPOS="550.488188976378" HPOS="199.55905511811022" CONTENT="autorisées" ID="tl_31_5" STYLEREFS="FONT0"/>
            <SP HEIGHT="18.708661417322833" WIDTH="5.102362204724409" VPOS="550.488188976378" HPOS="269.5748031496063"/>
            <String HEIGHT="18.708661417322833" WIDTH="30.04724409448819" VPOS="550.488188976378" HPOS="254.5511811023622" CONTENT="en" ID="tl_31_6" STYLEREFS="FONT0"/>
            <SP HEIGHT="18.708661417322833" WIDTH="5.102362204724409" VPOS="550.488188976378" HPOS="284.59842519685037"/>
            <String HEIGHT="18.708661417322833" WIDTH="30.04724409448819" VPOS="550.488188976378" HPOS="269.5748031496063" CONTENT="la" ID="tl_31_7" STYLEREFS="FONT0"/>
            <SP HEIGHT="18.708661417322833" WIDTH="5.102362204724409" VPOS="550.488188976378" HPOS="299.33858267716533"/>
            <String HEIGHT="18.708661417322833" WIDTH="49.889763779527556" VPOS="550.488188976378" HPOS="279.496062992126" CONTENT="matière." ID="tl_31_8" STYLEREFS="FONT0"/>
          </TextLine>
        </TextBlock>
        <TextBlock ID="r_4_1" HEIGHT="7.653543307086614" WIDTH="9.354330708661417" VPOS="598.6771653543307" HPOS="137.1968503937008">
          <TextLine ID="tl_32" BASELINE="2164" HEIGHT="23.811023622047244" WIDTH="14.456692913385826" VPOS="589.6062992125984" HPOS="134.9291338582677">
            <String HEIGHT="23.811023622047244" WIDTH="28.913385826771652" VPOS="589.6062992125984" HPOS="120.4724409448819" CONTENT="78" ID="tl_32_1" STYLEREFS="FONT0"/>
          </TextLine>
        </TextBlock>
        <GraphicalElement ID="r_5" HEIGHT="0.5669291338582677" WIDTH="31.181102362204726" VPOS="0.0" HPOS="477.9212598425197"/>
        <GraphicalElement ID="r_6" HEIGHT="0.5669291338582677" WIDTH="30.04724409448819" VPOS="0.0" HPOS="437.9527559055118"/>
        <GraphicalElement ID="r_7" HEIGHT="0.5669291338582677" WIDTH="30.614173228346456" VPOS="0.0" HPOS="397.98425196850394"/>
        <GraphicalElement ID="r_8" HEIGHT="0.5669291338582677" WIDTH="30.89763779527559" VPOS="0.0" HPOS="358.2992125984252"/>
        <GraphicalElement ID="r_9" HEIGHT="0.5669291338582677" WIDTH="30.614173228346456" VPOS="0.0" HPOS="318.3307086614173"/>
        <GraphicalElement ID="r_10" HEIGHT="0.5669291338582677" WIDTH="31.181102362204726" VPOS="0.0" HPOS="278.6456692913386"/>
        <GraphicalElement ID="r_11" HEIGHT="0.5669291338582677" WIDTH="31.46456692913386" VPOS="0.0" HPOS="238.6771653543307"/>
        <GraphicalElement ID="r_12" HEIGHT="0.5669291338582677" WIDTH="32.031496062992126" VPOS="0.0" HPOS="198.70866141732284"/>
        <GraphicalElement ID="r_13" HEIGHT="0.5669291338582677" WIDTH="26.362204724409448" VPOS="0.0" HPOS="159.0236220472441"/>
        <GraphicalElement ID="r_14" HEIGHT="0.5669291338582677" WIDTH="26.64566929133858" VPOS="0.0" HPOS="119.05511811023622"/>
        <GraphicalElement ID="r_15" HEIGHT="0.8503937007874016" WIDTH="43.37007874015748" VPOS="0.0" HPOS="62.92913385826772"/>
        <GraphicalElement ID="r_16" HEIGHT="222.23622047244095" WIDTH="1.7007874015748032" VPOS="0.0" HPOS="0.0"/>
        <GraphicalElement ID="r_17" HEIGHT="295.65354330708664" WIDTH="1.4173228346456692" VPOS="214.29921259842519" HPOS="0.0"/>
        <GraphicalElement ID="r_18" HEIGHT="108.0" WIDTH="1.984251968503937" VPOS="514.488188976378" HPOS="0.0"/>
      </PrintSpace>
    </Page>
  </Layout>
</alto>
