515.3385826771654 625.6062992125984
55.55905511811024 2.267716535433071 62.36220472440945 20.125984251968504 CHINE

140.5984251968504 122.1732283464567 62.92913385826772 21.25984251968504 Commissaire
191.0551181102362 122.1732283464567 46.20472440944882 21.25984251968504 Général
224.50393700787401 122.1732283464567 20.976377952755904 21.25984251968504 :
228.75590551181102 122.1732283464567 92.1259842519685 21.25984251968504 Pao

140.03149606299212 139.1811023622047 60.37795275590551 20.69291338582677 Directeur
186.23622047244095 139.1811023622047 27.77952755905512 20.69291338582677 du
200.1259842519685 139.1811023622047 41.669291338582674 20.69291338582677 Musée
228.18897637795277 139.1811023622047 55.55905511811024 20.69291338582677 National
265.3228346456693 139.1811023622047 55.55905511811024 20.69291338582677 d’Histoire

107.71653543307086 206.36220472440945 32.031496062992126 19.559055118110237 La
123.8740157480315 206.36220472440945 58.67716535433071 19.559055118110237 plupart
166.39370078740157 206.36220472440945 37.41732283464567 19.559055118110237 des
187.6535433070866 206.36220472440945 64.06299212598425 19.559055118110237 artistes
235.84251968503938 206.36220472440945 58.67716535433071 19.559055118110237 chinois
278.3622047244094 206.36220472440945 90.70866141732283 19.559055118110237 contemporains
353.1968503937008 206.36220472440945 42.803149606299215 19.559055118110237 sont
379.84251968503935 206.36220472440945 58.67716535433071 19.559055118110237 fidèles
422.3622047244094 206.36220472440945 26.64566929133858 19.559055118110237 à
433.13385826771656 206.36220472440945 32.031496062992126 19.559055118110237 la
443.90551181102364 206.36220472440945 47.90551181102362 19.559055118110237 Culture

96.66141732283465 220.251968503937 94.96062992125984 17.5748031496063 traditionnelle
175.748031496063 220.251968503937 31.748031496062993 17.5748031496063 de
191.6220472440945 220.251968503937 31.748031496062993 17.5748031496063 la
207.49606299212599 220.251968503937 52.724409448818896 17.5748031496063 Chine.
244.3464566929134 220.251968503937 42.23622047244095 17.5748031496063 Tout
270.70866141732284 220.251968503937 31.748031496062993 17.5748031496063 en
286.5826771653543 220.251968503937 63.21259842519685 17.5748031496063 adoptant
333.9212598425197 220.251968503937 31.748031496062993 17.5748031496063 la
349.79527559055117 220.251968503937 68.5984251968504 17.5748031496063 technique
402.5196850393701 220.251968503937 84.4724409448819 17.5748031496063 occidentale,
465.73228346456693 220.251968503937 26.362204724409448 17.5748031496063 ils

97.22834645669292 235.55905511811022 70.86614173228347 18.4251968503937 conservent
153.0708661417323 235.55905511811022 40.53543307086614 18.4251968503937 dans
178.29921259842519 235.55905511811022 40.53543307086614 18.4251968503937 leur
203.5275590551181 235.55905511811022 45.63779527559055 18.4251968503937 tracé
234.14173228346456 235.55905511811022 70.86614173228347 18.4251968503937 l’aisance,
289.7007874015748 235.55905511811022 75.96850393700787 18.4251968503937 l’équilibre
350.6456692913386 235.55905511811022 30.330708661417322 18.4251968503937 et
365.6692913385827 235.55905511811022 30.330708661417322 18.4251968503937 la
380.9763779527559 235.55905511811022 65.76377952755905 18.4251968503937 sveltesse
431.7165354330709 235.55905511811022 35.43307086614173 18.4251968503937 qui
451.84251968503935 235.55905511811022 40.53543307086614 18.4251968503937 sont
472.251968503937 235.55905511811022 20.125984251968504 18.4251968503937 le

97.79527559055119 250.29921259842519 48.188976377952756 17.858267716535433 propre
131.5275590551181 250.29921259842519 28.913385826771652 17.858267716535433 de
145.98425196850394 250.29921259842519 43.37007874015748 17.858267716535433 l’art
174.61417322834646 250.29921259842519 62.645669291338585 17.858267716535433 classique
222.8031496062992 250.29921259842519 57.826771653543304 17.858267716535433 chinois.
266.1732283464567 250.29921259842519 33.732283464566926 17.858267716535433 Ils
285.4488188976378 250.29921259842519 53.00787401574803 17.858267716535433 aiment,
323.7165354330709 250.29921259842519 53.00787401574803 17.858267716535433 certes,
362.26771653543307 250.29921259842519 33.732283464566926 17.858267716535433 les
381.54330708661416 250.29921259842519 67.18110236220473 17.858267716535433 contrastes
434.26771653543307 250.29921259842519 57.826771653543304 17.858267716535433 violents
472.81889763779526 250.29921259842519 19.275590551181104 17.858267716535433 de

96.37795275590551 265.03937007874015 71.43307086614173 17.007874015748033 couleurs,
151.37007874015748 265.03937007874015 43.93700787401575 17.007874015748033 mais
178.86614173228347 265.03937007874015 71.43307086614173 17.007874015748033 préfèrent
233.85826771653544 265.03937007874015 43.93700787401575 17.007874015748033 dans
261.3543307086614 265.03937007874015 77.10236220472441 17.007874015748033 l’ensemble
322.01574803149606 265.03937007874015 77.10236220472441 17.007874015748033 l’harmonie
382.6771653543307 265.03937007874015 33.16535433070866 17.007874015748033 et
399.11811023622045 265.03937007874015 33.16535433070866 17.007874015748033 la
415.5590551181102 265.03937007874015 66.04724409448819 17.007874015748033 sobriété
459.496062992126 265.03937007874015 33.16535433070866 17.007874015748033 pour

96.09448818897638 276.09448818897636 65.19685039370079 20.125984251968504 exprimer
145.13385826771653 276.09448818897636 37.98425196850393 20.125984251968504 une
166.6771653543307 276.09448818897636 54.425196850393704 20.125984251968504 beauté
199.55905511811022 276.09448818897636 92.40944881889764 20.125984251968504 indéfinissable.

106.58267716535433 291.40157480314963 52.15748031496063 20.976377952755904 Depuis
142.86614173228347 291.40157480314963 52.15748031496063 20.976377952755904 qu’ils
179.43307086614172 291.40157480314963 36.56692913385827 20.976377952755904 ont
200.1259842519685 291.40157480314963 67.74803149606299 20.976377952755904 découvert
252.28346456692913 291.40157480314963 31.181102362204726 20.976377952755904 la
267.87401574803147 291.40157480314963 62.36220472440945 20.976377952755904 peinture
314.6456692913386 291.40157480314963 83.33858267716535 20.976377952755904 occidentale,
382.3937007874016 291.40157480314963 36.56692913385827 20.976377952755904 les
403.37007874015745 291.40157480314963 62.36220472440945 20.976377952755904 peintres
445.03937007874015 291.40157480314963 46.77165354330709 20.976377952755904 chinois

95.5275590551181 306.4251968503937 72.56692913385827 15.874015748031496 subissent
151.37007874015748 306.4251968503937 39.118110236220474 15.874015748031496 son
173.76377952755905 306.4251968503937 72.56692913385827 15.874015748031496 influence
229.60629921259843 306.4251968503937 33.44881889763779 15.874015748031496 et
246.33070866141733 306.4251968503937 61.511811023622045 15.874015748031496 suivent
291.11811023622045 306.4251968503937 39.118110236220474 15.874015748031496 son
313.51181102362204 306.4251968503937 78.23622047244095 15.874015748031496 évolution:
369.3543307086614 306.4251968503937 122.74015748031496 15.874015748031496 Néo

96.09448818897638 318.0472440944882 67.74803149606299 18.708661417322833 Fauvisme,
148.251968503937 318.0472440944882 73.13385826771653 18.708661417322833 Cubisme...
205.51181102362204 318.0472440944882 41.669291338582674 18.708661417322833 Chez
231.59055118110237 318.0472440944882 47.05511811023622 18.708661417322833 nous,
263.0551181102362 318.0472440944882 83.62204724409449 18.708661417322833 aujourd’hui,
330.8031496062992 318.0472440944882 62.645669291338585 18.708661417322833 beaucoup
377.8582677165354 318.0472440944882 31.181102362204726 18.708661417322833 de
393.4488188976378 318.0472440944882 52.15748031496063 18.708661417322833 jeunes
424.9133858267717 318.0472440944882 67.74803149606299 18.708661417322833 s’efforcent

95.24409448818898 334.7716535433071 31.46456692913386 18.708661417322833 de
110.83464566929133 334.7716535433071 62.645669291338585 18.708661417322833 chercher
157.88976377952756 334.7716535433071 47.05511811023622 18.708661417322833 leurs
189.0708661417323 334.7716535433071 52.15748031496063 18.708661417322833 moyens
225.63779527559055 334.7716535433071 83.62204724409449 18.708661417322833 d’expression
293.6692913385827 334.7716535433071 41.669291338582674 18.708661417322833 dans
319.748031496063 334.7716535433071 31.46456692913386 18.708661417322833 le
335.33858267716533 334.7716535433071 47.05511811023622 18.708661417322833 style
366.8031496062992 334.7716535433071 68.03149606299213 18.708661417322833 abstrait.
418.96062992125985 334.7716535433071 41.669291338582674 18.708661417322833 Leur
439.93700787401576 334.7716535433071 52.15748031496063 18.708661417322833 ambition

95.24409448818898 348.37795275590554 35.1496062992126 22.11023622047244 est
115.37007874015748 348.37795275590554 30.04724409448819 22.11023622047244 de
130.39370078740157 348.37795275590554 60.37795275590551 22.11023622047244 traduire
175.748031496063 348.37795275590554 30.04724409448819 22.11023622047244 la
190.77165354330708 348.37795275590554 50.173228346456696 22.11023622047244 pensée
225.92125984251967 348.37795275590554 90.4251968503937 22.11023622047244 traditionnelle
301.3228346456693 348.37795275590554 25.228346456692915 22.11023622047244 —
311.5275590551181 348.37795275590554 65.48031496062993 22.11023622047244 humanisme
361.7007874015748 348.37795275590554 55.275590551181104 22.11023622047244 chinois
401.9527559055118 348.37795275590554 25.228346456692915 22.11023622047244 —
411.87401574803147 348.37795275590554 40.25196850393701 22.11023622047244 dans
437.1023622047244 348.37795275590554 35.1496062992126 22.11023622047244 les
452.12598425196853 348.37795275590554 40.25196850393701 22.11023622047244 formes

95.5275590551181 364.53543307086613 73.13385826771653 17.291338582677167 nouvelles.
152.78740157480314 364.53543307086613 47.05511811023622 17.291338582677167 C’est
184.251968503937 364.53543307086613 31.181102362204726 17.291338582677167 là
199.84251968503938 364.53543307086613 31.181102362204726 17.291338582677167 la
215.43307086614172 364.53543307086613 73.13385826771653 17.291338582677167 principale
272.9763779527559 364.53543307086613 99.21259842519684 17.291338582677167 caractéristique
356.31496062992125 364.53543307086613 31.181102362204726 17.291338582677167 de
371.90551181102364 364.53543307086613 31.181102362204726 17.291338582677167 la
387.7795275590551 364.53543307086613 62.645669291338585 17.291338582677167 peinture
434.5511811023622 364.53543307086613 57.54330708661417 17.291338582677167 moderne
471.11811023622045 364.53543307086613 20.976377952755904 17.291338582677167 en

88.7244094488189 375.3070866141732 46.488188976377955 19.559055118110237 Chine.

105.73228346456693 596.4094488188977 28.913385826771652 13.606299212598426 28
