515.3385826771654 625.6062992125984
63.77952755905512 -2.5511811023622046 118.20472440944881 15.874015748031496 GUATEMALA

162.14173228346456 119.62204724409449 64.06299212598425 31.748031496062993 Commissaire
213.4488188976378 119.62204724409449 47.05511811023622 31.748031496062993 Général
247.46456692913387 119.62204724409449 21.25984251968504 31.748031496062993 :
256.251968503937 119.62204724409449 47.05511811023622 31.748031496062993 Edna
290.26771653543307 119.62204724409449 76.81889763779527 31.748031496062993 Schaeffer
350.0787401574803 119.62204724409449 42.803149606299215 31.748031496062993 peintre.

115.37007874015748 203.81102362204723 31.46456692913386 27.77952755905512 Le
130.96062992125985 203.81102362204723 73.13385826771653 27.77952755905512 Guatemala,
188.50393700787401 203.81102362204723 41.95275590551181 27.77952755905512 l’un
214.58267716535434 203.81102362204723 36.56692913385827 27.77952755905512 des
235.55905511811022 203.81102362204723 41.95275590551181 27.77952755905512 cinq
261.6377952755906 203.81102362204723 41.95275590551181 27.77952755905512 pays
287.7165354330709 203.81102362204723 31.46456692913386 27.77952755905512 de
303.59055118110234 203.81102362204723 73.13385826771653 27.77952755905512 l’Amérique
360.8503937007874 203.81102362204723 68.03149606299213 27.77952755905512 centrale,
413.29133858267716 203.81102362204723 47.05511811023622 27.77952755905512 vient
439.37007874015745 203.81102362204723 57.54330708661417 27.77952755905512 soumettre

106.01574803149606 219.11811023622047 36.0 27.212598425196852 les
126.4251968503937 219.11811023622047 51.30708661417323 27.212598425196852 œuvres
162.4251968503937 219.11811023622047 30.89763779527559 27.212598425196852 de
178.01574803149606 219.11811023622047 36.0 27.212598425196852 ses
198.4251968503937 219.11811023622047 41.10236220472441 27.212598425196852 plus
224.2204724409449 219.11811023622047 51.30708661417323 27.212598425196852 jeunes
260.2204724409449 219.11811023622047 87.30708661417323 27.212598425196852 représentants
332.2204724409449 219.11811023622047 36.0 27.212598425196852 des
352.62992125984255 219.11811023622047 41.10236220472441 27.212598425196852 arts
378.4251968503937 219.11811023622047 72.0 27.212598425196852 plastiques
434.8346456692913 219.11811023622047 30.89763779527559 27.212598425196852 au
445.3228346456693 219.11811023622047 51.30708661417323 27.212598425196852 jugement

105.44881889763779 231.59055118110237 30.04724409448819 26.929133858267715 de
120.4724409448819 231.59055118110237 30.04724409448819 26.929133858267715 la
135.7795275590551 231.59055118110237 60.09448818897638 26.929133858267715 Biennale
180.8503937007874 231.59055118110237 30.04724409448819 26.929133858267715 de
195.8740157480315 231.59055118110237 50.173228346456696 26.929133858267715 Paris.
231.0236220472441 231.59055118110237 45.07086614173228 26.929133858267715 Selon
261.07086614173227 231.59055118110237 30.04724409448819 26.929133858267715 la
276.09448818897636 231.59055118110237 45.07086614173228 26.929133858267715 règle
306.1417322834646 231.59055118110237 65.19685039370079 26.929133858267715 actuelle,
356.31496062992125 231.59055118110237 35.1496062992126 26.929133858267715 les
376.4409448818898 231.59055118110237 75.4015748031496 26.929133858267715 conceptions
431.7165354330709 231.59055118110237 65.19685039370079 26.929133858267715 artistiques

105.16535433070867 245.48031496062993 30.614173228346456 30.04724409448819 ne
120.4724409448819 245.48031496062993 56.125984251968504 30.04724409448819 parlent
161.29133858267716 245.48031496062993 40.818897637795274 30.04724409448819 pas,
186.51968503937007 245.48031496062993 45.92125984251968 30.04724409448819 elles
217.13385826771653 245.48031496062993 56.125984251968504 30.04724409448819 créent.
257.9527559055118 245.48031496062993 45.92125984251968 30.04724409448819 Elles
288.56692913385825 245.48031496062993 56.125984251968504 30.04724409448819 créent,
329.1023622047244 245.48031496062993 81.35433070866142 30.04724409448819 c’est-à-dire
395.43307086614175 245.48031496062993 61.22834645669291 30.04724409448819 qu’elles
435.9685039370079 245.48031496062993 61.22834645669291 30.04724409448819 conçoivent

104.5984251968504 262.48818897637796 35.71653543307087 28.346456692913385 des
125.00787401574803 262.48818897637796 51.023622047244096 28.346456692913385 formes
160.7244094488189 262.48818897637796 30.614173228346456 28.346456692913385 de
176.03149606299212 262.48818897637796 30.614173228346456 28.346456692913385 la
191.33858267716536 262.48818897637796 35.71653543307087 28.346456692913385 vie
211.46456692913387 262.48818897637796 45.92125984251968 28.346456692913385 même,
242.07874015748033 262.48818897637796 30.614173228346456 28.346456692913385 en
257.38582677165357 262.48818897637796 76.53543307086615 28.346456692913385 s’éloignant
318.61417322834643 262.48818897637796 40.818897637795274 28.346456692913385 bien
344.12598425196853 262.48818897637796 56.125984251968504 28.346456692913385 entendu
384.9448818897638 262.48818897637796 30.614173228346456 28.346456692913385 de
400.251968503937 262.48818897637796 30.614173228346456 28.346456692913385 la
415.2755905511811 262.48818897637796 45.92125984251968 28.346456692913385 copie
440.78740157480314 262.48818897637796 56.125984251968504 28.346456692913385 représen-

103.46456692913385 276.66141732283467 52.724409448818896 17.007874015748033 tative
140.31496062992127 276.66141732283467 36.8503937007874 17.007874015748033 des
156.18897637795277 276.66141732283467 47.338582677165356 17.007874015748033 choses.

112.81889763779527 292.81889763779526 80.78740157480316 25.79527559055118 Aujourd’hui,
178.58267716535434 292.81889763779526 30.330708661417322 25.79527559055118 ce
193.88976377952756 292.81889763779526 40.53543307086614 25.79527559055118 sont
219.11811023622047 292.81889763779526 35.43307086614173 25.79527559055118 des
239.24409448818898 292.81889763779526 75.96850393700787 25.79527559055118 conceptions
299.90551181102364 292.81889763779526 70.86614173228347 25.79527559055118 créatrices
355.46456692913387 292.81889763779526 30.330708661417322 25.79527559055118 de
370.7716535433071 292.81889763779526 45.63779527559055 25.79527559055118 notre
401.1023622047244 292.81889763779526 55.55905511811024 25.79527559055118 esprit,
441.6377952755906 292.81889763779526 40.53543307086614 25.79527559055118 avec
461.76377952755905 292.81889763779526 35.43307086614173 25.79527559055118 leurs

104.03149606299213 305.00787401574803 60.37795275590551 26.929133858267715 qualités
149.38582677165354 305.00787401574803 100.91338582677166 26.929133858267715 caractéristiques
234.99212598425197 305.00787401574803 30.330708661417322 26.929133858267715 et
250.29921259842519 305.00787401574803 45.354330708661415 26.929133858267715 c’est
280.34645669291336 305.00787401574803 45.354330708661415 26.929133858267715 ainsi
310.6771653543307 305.00787401574803 35.1496062992126 26.929133858267715 que
330.8031496062992 305.00787401574803 35.1496062992126 26.929133858267715 les
350.92913385826773 305.00787401574803 65.48031496062993 26.929133858267715 tendances
401.38582677165357 305.00787401574803 30.330708661417322 26.929133858267715 de
416.6929133858268 305.00787401574803 45.354330708661415 26.929133858267715 notre
441.6377952755906 305.00787401574803 55.55905511811024 26.929133858267715 plastique

103.46456692913385 322.5826771653543 82.77165354330708 24.661417322834644 guatémaltèque
171.49606299212599 322.5826771653543 53.574803149606296 24.661417322834644 frisent
210.33070866141733 322.5826771653543 38.83464566929134 24.661417322834644 tant
234.70866141732284 322.5826771653543 29.19685039370079 24.661417322834644 le
249.16535433070865 322.5826771653543 92.40944881889764 24.661417322834644 constructivisme
327.11811023622045 322.5826771653543 34.01574803149607 24.661417322834644 que
346.3937007874016 322.5826771653543 68.03149606299213 24.661417322834644 l’abstrait
399.9685039370079 322.5826771653543 63.21259842519685 24.661417322834644 réaliste,
448.7244094488189 322.5826771653543 29.19685039370079 24.661417322834644 la
458.3622047244094 322.5826771653543 38.83464566929134 24.661417322834644 styli-

102.89763779527559 333.07086614173227 50.45669291338583 25.79527559055118 sation
138.33070866141733 333.07086614173227 35.43307086614173 25.79527559055118 que
158.45669291338584 333.07086614173227 85.88976377952756 25.79527559055118 l’abstraction
224.2204724409449 333.07086614173227 35.43307086614173 25.79527559055118 pure.

231.8740157480315 363.11811023622045 72.0 26.362204724409448 SECTION
284.31496062992125 363.11811023622045 52.44094488188976 26.362204724409448 ARTS
310.3937007874016 363.11811023622045 78.80314960629921 26.362204724409448 PLASTIQUES

251.43307086614172 384.09448818897636 73.98425196850394 26.362204724409448 PEINTURE
306.99212598425197 384.09448818897636 36.8503937007874 26.362204724409448 ET
319.18110236220474 384.09448818897636 49.32283464566929 26.362204724409448 DESSIN

121.60629921259843 404.78740157480314 66.04724409448819 25.511811023622048 Rafael
172.3464566929134 404.78740157480314 81.35433070866142 25.511811023622048 PEREIRA
238.39370078740157 404.78740157480314 30.614173228346456 25.511811023622048 né
253.70078740157481 404.78740157480314 25.511811023622048 25.511811023622048 à
263.90551181102364 404.78740157480314 86.45669291338582 25.511811023622048 Quezaltenango
335.0551181102362 404.78740157480314 30.614173228346456 25.511811023622048 en
345.25984251968504 404.78740157480314 35.43307086614173 25.511811023622048 1935.

106.2992125984252 420.66141732283467 54.14173228346457 18.992125984251967 1
147.11811023622047 420.66141732283467 58.67716535433071 18.992125984251967 Colombes,
192.18897637795277 420.66141732283467 36.28346456692913 18.992125984251967 1960
214.86614173228347 420.66141732283467 49.60629921259842 18.992125984251967 (huile,
246.61417322834646 420.66141732283467 45.354330708661415 18.992125984251967 61x123).

121.03937007874016 436.53543307086613 64.34645669291339 24.094488188976378 Marco
169.51181102362204 436.53543307086613 58.960629921259844 24.094488188976378 Augusto
212.31496062992127 436.53543307086613 80.50393700787401 24.094488188976378 QUIROA
276.66141732283467 436.53543307086613 32.31496062992126 24.094488188976378 né
292.81889763779526 436.53543307086613 26.929133858267715 24.094488188976378 à
303.59055118110234 436.53543307086613 69.73228346456693 24.094488188976378 Guatemala
357.4488188976378 436.53543307086613 32.31496062992126 24.094488188976378 en
367.93700787401576 436.53543307086613 37.7007874015748 24.094488188976378 1935.

106.01574803149606 447.87401574803147 51.023622047244096 21.543307086614174 2
144.28346456692913 447.87401574803147 46.77165354330709 21.543307086614174 Enfant,
178.29921259842519 447.87401574803147 34.01574803149607 21.543307086614174 1961
199.2755905511811 447.87401574803147 46.77165354330709 21.543307086614174 (huile,
229.03937007874015 447.87401574803147 38.267716535433074 21.543307086614174 57x72).

120.4724409448819 465.1653543307087 63.21259842519685 25.228346456692915 Elmar
168.09448818897638 465.1653543307087 42.23622047244095 25.228346456692915 René
194.45669291338584 465.1653543307087 73.7007874015748 25.228346456692915 ROJAS
252.28346456692913 465.1653543307087 31.748031496062993 25.228346456692915 né
268.15748031496065 465.1653543307087 26.362204724409448 25.228346456692915 à
278.6456692913386 465.1653543307087 68.5984251968504 25.228346456692915 Guatemala
331.37007874015745 465.1653543307087 31.748031496062993 25.228346456692915 en
341.8582677165354 465.1653543307087 36.8503937007874 25.228346456692915 1936.

105.16535433070867 476.503937007874 56.69291338582677 25.228346456692915 3
147.68503937007873 476.503937007874 42.51968503937008 25.228346456692915 Thème
176.31496062992127 476.503937007874 33.16535433070866 25.228346456692915 sur
195.0236220472441 476.503937007874 33.16535433070866 25.228346456692915 une
214.01574803149606 476.503937007874 66.33070866141732 25.228346456692915 sensation,
266.1732283464567 476.503937007874 37.7007874015748 25.228346456692915 1961
289.7007874015748 476.503937007874 52.15748031496063 25.228346456692915 (huile,
322.86614173228344 476.503937007874 42.51968503937008 25.228346456692915 70x91).

119.90551181102362 492.09448818897636 58.67716535433071 25.228346456692915 Edna
162.70866141732284 492.09448818897636 95.81102362204724 25.228346456692915 SCHAEFFER
242.36220472440945 492.09448818897636 37.41732283464567 25.228346456692915 née
263.62204724409446 492.09448818897636 26.64566929133858 25.228346456692915 à
274.3937007874016 492.09448818897636 69.16535433070867 25.228346456692915 Guatemala
327.68503937007875 492.09448818897636 32.031496062992126 25.228346456692915 en
338.1732283464567 492.09448818897636 37.41732283464567 25.228346456692915 1937.

104.88188976377953 505.4173228346457 56.125984251968504 28.062992125984252 4
147.11811023622047 505.4173228346457 46.77165354330709 28.062992125984252 Phases
180.0 505.4173228346457 65.48031496062993 28.062992125984252 distinctes
231.59055118110237 505.4173228346457 37.41732283464567 28.062992125984252 dans
254.83464566929135 505.4173228346457 28.062992125984252 28.062992125984252 un
269.00787401574803 505.4173228346457 56.125984251968504 28.062992125984252 atelier,
310.96062992125985 505.4173228346457 37.41732283464567 28.062992125984252 1960
334.48818897637796 505.4173228346457 51.59055118110236 28.062992125984252 (huile,
367.37007874015745 505.4173228346457 56.125984251968504 28.062992125984252 132x169)*.

120.18897637795276 521.5748031496063 74.26771653543307 24.944881889763778 Roberto
178.58267716535434 521.5748031496063 84.75590551181102 24.944881889763778 CABRERA
247.46456692913387 521.5748031496063 31.748031496062993 24.944881889763778 né
263.33858267716533 521.5748031496063 26.362204724409448 24.944881889763778 à
273.8267716535433 521.5748031496063 68.88188976377953 24.944881889763778 Guatemala
326.8346456692913 521.5748031496063 31.748031496062993 24.944881889763778 en
337.3228346456693 521.5748031496063 37.13385826771653 24.944881889763778 1937.

104.88188976377953 533.1968503937007 56.125984251968504 22.96062992125984 5
146.83464566929135 533.1968503937007 56.125984251968504 22.96062992125984 Pêcheur,
188.78740157480314 533.1968503937007 37.41732283464567 22.96062992125984 1960
212.31496062992127 533.1968503937007 51.30708661417323 22.96062992125984 (dessin
249.73228346456693 533.1968503937007 23.244094488188978 22.96062992125984 à
259.0866141732283 533.1968503937007 56.125984251968504 22.96062992125984 l’encre,
296.503937007874 533.1968503937007 41.95275590551181 22.96062992125984 45x61).

104.5984251968504 545.1023622047244 55.55905511811024 20.69291338582677 6
146.26771653543307 545.1023622047244 55.55905511811024 20.69291338582677 Edifice,
187.93700787401573 545.1023622047244 41.669291338582674 20.69291338582677 1960,
215.71653543307087 545.1023622047244 51.023622047244096 20.69291338582677 (dessin
252.8503937007874 545.1023622047244 23.244094488188978 20.69291338582677 à
262.20472440944883 545.1023622047244 55.55905511811024 20.69291338582677 l’encre,
299.33858267716533 545.1023622047244 41.669291338582674 20.69291338582677 45x61).

109.41732283464567 589.3228346456693 28.913385826771652 13.606299212598426 50
