480.18897637795277 625.6062992125984
363.11811023622045 3.6850393700787403 100.06299212598425 21.543307086614174 AUSTRALIE

89.00787401574803 125.00787401574803 80.50393700787401 23.811023622047244 Commissaires
154.48818897637796 125.00787401574803 65.48031496062993 23.811023622047244 Généraux:
204.66141732283464 125.00787401574803 55.275590551181104 23.811023622047244 Maya
244.91338582677164 125.00787401574803 50.173228346456696 23.811023622047244 Dyring
280.34645669291336 125.00787401574803 30.04724409448819 23.811023622047244 et
295.37007874015745 125.00787401574803 45.354330708661415 23.811023622047244 Bryan
320.59842519685037 125.00787401574803 70.2992125984252 23.811023622047244 Robertson

90.14173228346456 143.43307086614172 66.04724409448819 15.023622047244094 Directeur
140.88188976377953 143.43307086614172 30.614173228346456 15.023622047244094 de
156.18897637795277 143.43307086614172 30.614173228346456 15.023622047244094 la
171.49606299212599 143.43307086614172 76.25196850393701 15.023622047244094 Whitechapel
232.44094488188978 143.43307086614172 35.43307086614173 15.023622047244094 Art
252.8503937007874 143.43307086614172 55.84251968503937 15.023622047244094 Gallery
293.38582677165357 143.43307086614172 25.511811023622048 15.023622047244094 à
298.48818897637796 143.43307086614172 50.74015748031496 15.023622047244094 Londres.

43.37007874015748 217.41732283464566 32.031496062992126 24.661417322834644 La
59.52755905511811 217.41732283464566 58.67716535433071 24.661417322834644 brusque
102.04724409448819 217.41732283464566 74.55118110236221 24.661417322834644 apparition
160.7244094488189 217.41732283464566 47.90551181102362 24.661417322834644 d’une
192.75590551181102 217.41732283464566 47.90551181102362 24.661417322834644 école
224.78740157480314 217.41732283464566 85.32283464566929 24.661417322834644 australienne
293.9527559055118 217.41732283464566 32.031496062992126 24.661417322834644 de
310.1102362204724 217.41732283464566 64.06299212598425 24.661417322834644 peinture
358.01574803149606 217.41732283464566 37.41732283464567 24.661417322834644 est
379.2755905511811 217.41732283464566 42.51968503937008 24.661417322834644 l’un
405.9212598425197 217.41732283464566 32.031496062992126 24.661417322834644 de
416.6929133858268 217.41732283464566 26.64566929133858 24.661417322834644 ces

34.01574803149607 236.1259842519685 76.53543307086615 21.543307086614174 événements
94.11023622047244 236.1259842519685 38.267716535433074 21.543307086614174 qui
115.93700787401575 236.1259842519685 76.53543307086615 21.543307086614174 favorisent
176.03149606299212 236.1259842519685 38.267716535433074 21.543307086614174 les
197.85826771653544 236.1259842519685 49.039370078740156 21.543307086614174 arts,
230.45669291338584 236.1259842519685 32.881889763779526 21.543307086614174 en
246.89763779527559 236.1259842519685 38.267716535433074 21.543307086614174 les
268.7244094488189 236.1259842519685 65.48031496062993 21.543307086614174 libérant
318.0472440944882 236.1259842519685 32.881889763779526 21.543307086614174 de
334.48818897637796 236.1259842519685 32.881889763779526 21.543307086614174 la
350.6456692913386 236.1259842519685 54.70866141732284 21.543307086614174 poigne
388.9133858267717 236.1259842519685 32.881889763779526 21.543307086614174 de
405.3543307086614 236.1259842519685 38.267716535433074 21.543307086614174 fer
421.79527559055117 236.1259842519685 21.826771653543307 21.543307086614174 du

34.2992125984252 252.0 86.1732283464567 17.291338582677167 déterminisme
104.31496062992126 252.0 80.78740157480316 17.291338582677167 historique.
169.22834645669292 252.0 86.1732283464567 17.291338582677167 Aujourd’hui,
239.24409448818898 252.0 43.08661417322835 17.291338582677167 nous
266.1732283464567 252.0 80.78740157480316 17.291338582677167 l’admettons
330.8031496062992 252.0 59.24409448818898 17.291338582677167 presque
374.1732283464567 252.0 43.08661417322835 17.291338582677167 sans
395.7165354330709 252.0 48.47244094488189 17.291338582677167 discus-

34.2992125984252 263.90551181102364 48.47244094488189 20.409448818897637 sion.
66.61417322834646 263.90551181102364 75.4015748031496 20.409448818897637 Cependant,
125.85826771653544 263.90551181102364 32.31496062992126 20.409448818897637 en
142.29921259842519 263.90551181102364 80.78740157480316 20.409448818897637 Angleterre,
206.9291338582677 263.90551181102364 32.31496062992126 20.409448818897637 il
223.08661417322836 263.90551181102364 26.929133858267715 20.409448818897637 y
233.85826771653544 263.90551181102364 26.929133858267715 20.409448818897637 a
244.62992125984252 263.90551181102364 26.929133858267715 20.409448818897637 à
255.4015748031496 263.90551181102364 48.47244094488189 20.409448818897637 peine
287.7165354330709 263.90551181102364 32.31496062992126 20.409448818897637 un
303.87401574803147 263.90551181102364 86.1732283464567 20.409448818897637 demi-siècle,
374.1732283464567 263.90551181102364 64.62992125984252 20.409448818897637 affirmer
417.25984251968504 263.90551181102364 26.929133858267715 20.409448818897637 que

34.86614173228347 277.2283464566929 75.96850393700787 20.125984251968504 l’Australie
95.5275590551181 277.2283464566929 45.63779527559055 20.125984251968504 était
125.85826771653544 277.2283464566929 35.43307086614173 20.125984251968504 sur
146.26771653543307 277.2283464566929 30.330708661417322 20.125984251968504 le
161.29133858267716 277.2283464566929 45.63779527559055 20.125984251968504 point
191.6220472440945 277.2283464566929 70.86614173228347 20.125984251968504 d’apporter
247.1811023622047 277.2283464566929 35.43307086614173 20.125984251968504 une
267.59055118110234 277.2283464566929 80.78740157480316 20.125984251968504 contribution
333.3543307086614 277.2283464566929 75.96850393700787 20.125984251968504 entièrement
388.9133858267717 277.2283464566929 55.55905511811024 20.125984251968504 originale

34.58267716535433 292.53543307086613 26.929133858267715 19.275590551181104 à
45.354330708661415 292.53543307086613 32.31496062992126 19.275590551181104 la
61.511811023622045 292.53543307086613 64.91338582677166 19.275590551181104 peinture
110.26771653543307 292.53543307086613 91.84251968503936 19.275590551181104 contemporaine
185.95275590551182 292.53543307086613 48.75590551181102 19.275590551181104 était
218.26771653543307 292.53543307086613 48.75590551181102 19.275590551181104 folie
250.86614173228347 292.53543307086613 43.37007874015748 19.275590551181104 pour
277.79527559055117 292.53543307086613 37.7007874015748 19.275590551181104 mes
299.33858267716533 292.53543307086613 48.75590551181102 19.275590551181104 amis;
331.93700787401576 292.53543307086613 32.31496062992126 19.275590551181104 et
348.09448818897636 292.53543307086613 48.75590551181102 19.275590551181104 s’ils
380.40944881889766 292.53543307086613 43.37007874015748 19.275590551181104 m’en
401.9527559055118 292.53543307086613 43.37007874015748 19.275590551181104 deman-

34.86614173228347 309.25984251968504 56.125984251968504 17.007874015748033 daient
74.26771653543307 309.25984251968504 39.40157480314961 17.007874015748033 les
96.66141732283465 309.25984251968504 67.46456692913385 17.007874015748033 raisons,
147.11811023622047 309.25984251968504 39.40157480314961 17.007874015748033 que
169.79527559055117 309.25984251968504 78.51968503937007 17.007874015748033 pouvais-je
231.30708661417322 309.25984251968504 72.85039370078741 17.007874015748033 répondre,
287.43307086614175 309.25984251968504 50.45669291338583 17.007874015748033 sinon
321.1653543307087 309.25984251968504 67.46456692913385 17.007874015748033 quelques
371.90551181102364 309.25984251968504 44.78740157480315 17.007874015748033 mots
394.2992125984252 309.25984251968504 50.45669291338583 17.007874015748033 confus:

35.1496062992126 320.59842519685037 32.31496062992126 21.826771653543307 la
51.30708661417323 320.59842519685037 64.62992125984252 21.826771653543307 lumière,
99.77952755905511 320.59842519685037 37.7007874015748 21.826771653543307 les
121.60629921259843 320.59842519685037 53.85826771653543 21.826771653543307 arbres
159.30708661417322 320.59842519685037 48.47244094488189 21.826771653543307 morts
191.6220472440945 320.59842519685037 70.2992125984252 21.826771653543307 blanchis,
245.76377952755905 320.59842519685037 32.31496062992126 21.826771653543307 la
261.9212598425197 320.59842519685037 75.68503937007874 21.826771653543307 prescience
321.1653543307087 320.59842519685037 43.08661417322835 21.826771653543307 d’un
348.09448818897636 320.59842519685037 48.47244094488189 21.826771653543307 mythe
375.0236220472441 320.59842519685037 70.2992125984252 21.826771653543307 australien.

45.63779527559055 335.0551181102362 67.46456692913385 22.677165354330707 Différent
97.51181102362204 335.0551181102362 36.28346456692913 22.677165354330707 des
118.20472440944881 335.0551181102362 51.874015748031496 22.677165354330707 autres
154.77165354330708 335.0551181102362 41.669291338582674 22.677165354330707 pays
180.8503937007874 335.0551181102362 72.85039370078741 22.677165354330707 lointains,
237.82677165354332 335.0551181102362 31.181102362204726 22.677165354330707 de
253.41732283464566 335.0551181102362 36.28346456692913 22.677165354330707 par
274.3937007874016 335.0551181102362 36.28346456692913 22.677165354330707 les
295.0866141732283 335.0551181102362 62.36220472440945 22.677165354330707 nouveaux
341.8582677165354 335.0551181102362 57.25984251968504 22.677165354330707 mondes,
378.4251968503937 335.0551181102362 67.46456692913385 22.677165354330707 l’Australie

36.0 348.37795275590554 57.826771653543304 20.976377952755904 suscite
78.23622047244095 348.37795275590554 31.46456692913386 20.976377952755904 la
93.8267716535433 348.37795275590554 63.21259842519685 20.976377952755904 vocation
141.16535433070865 348.37795275590554 31.46456692913386 20.976377952755904 du
157.03937007874015 348.37795275590554 63.21259842519685 20.976377952755904 peintre.
204.3779527559055 348.37795275590554 68.31496062992126 20.976377952755904 Pourtant,
256.81889763779526 348.37795275590554 41.95275590551181 20.976377952755904 bien
283.18110236220474 348.37795275590554 36.8503937007874 20.976377952755904 des
304.15748031496065 348.37795275590554 52.44094488188976 20.976377952755904 années
341.00787401574803 348.37795275590554 68.31496062992126 20.976377952755904 passèrent
393.73228346456693 348.37795275590554 47.338582677165356 20.976377952755904 avant
419.81102362204723 348.37795275590554 26.362204724409448 20.976377952755904 que

36.28346456692913 363.9685039370079 34.86614173228347 19.275590551181104 les
56.40944881889764 363.9685039370079 39.968503937007874 19.275590551181104 yeux
81.35433070866142 363.9685039370079 30.04724409448819 19.275590551181104 de
96.37795275590551 363.9685039370079 64.91338582677166 19.275590551181104 l’artiste
146.26771653543307 363.9685039370079 30.04724409448819 19.275590551181104 ne
161.29133858267716 363.9685039370079 30.04724409448819 19.275590551181104 la
176.31496062992127 363.9685039370079 34.86614173228347 19.275590551181104 vit
196.15748031496062 363.9685039370079 39.968503937007874 19.275590551181104 face
221.10236220472441 363.9685039370079 24.944881889763778 19.275590551181104 à
231.0236220472441 363.9685039370079 39.968503937007874 19.275590551181104 face
256.251968503937 363.9685039370079 30.04724409448819 19.275590551181104 et
270.99212598425197 363.9685039370079 34.86614173228347 19.275590551181104 non
291.11811023622045 363.9685039370079 34.86614173228347 19.275590551181104 pas
310.96062992125985 363.9685039370079 24.944881889763778 19.275590551181104 à
321.1653543307087 363.9685039370079 54.99212598425197 19.275590551181104 travers
361.13385826771656 363.9685039370079 30.04724409448819 19.275590551181104 la
375.87401574803147 363.9685039370079 49.889763779527556 19.275590551181104 fluide
405.9212598425197 363.9685039370079 39.968503937007874 19.275590551181104 atmos-

36.56692913385827 376.7244094488189 46.20472440944882 22.11023622047244 phère
67.18110236220473 376.7244094488189 41.10236220472441 22.11023622047244 d’un
92.97637795275591 376.7244094488189 66.61417322834646 22.11023622047244 Daubigny.
144.0 376.7244094488189 35.71653543307087 22.11023622047244 Les
164.69291338582678 376.7244094488189 51.30708661417323 22.11023622047244 belles
200.40944881889763 376.7244094488189 56.40944881889764 22.11023622047244 vallées
241.22834645669292 376.7244094488189 51.30708661417323 22.11023622047244 vertes
277.2283464566929 376.7244094488189 30.614173228346456 22.11023622047244 de
292.53543307086613 376.7244094488189 76.81889763779527 22.11023622047244 l’Australie
354.0472440944882 376.7244094488189 30.614173228346456 22.11023622047244 ne
369.3543307086614 376.7244094488189 71.71653543307086 22.11023622047244 s’étendent
420.66141732283467 376.7244094488189 25.511811023622048 22.11023622047244 pas

36.8503937007874 390.61417322834643 23.811023622047244 21.826771653543307 à
46.488188976377955 390.61417322834643 61.79527559055118 21.826771653543307 l’infini,
94.11023622047244 390.61417322834643 28.62992125984252 21.826771653543307 et
108.28346456692914 390.61417322834643 37.98425196850393 21.826771653543307 tant
132.09448818897638 390.61417322834643 56.976377952755904 21.826771653543307 qu’elles
174.89763779527559 390.61417322834643 61.79527559055118 21.826771653543307 restèrent
222.51968503937007 390.61417322834643 28.62992125984252 21.826771653543307 le
236.69291338582678 390.61417322834643 42.803149606299215 21.826771653543307 sujet
265.03937007874015 390.61417322834643 28.62992125984252 21.826771653543307 de
279.496062992126 390.61417322834643 28.62992125984252 21.826771653543307 la
293.6692913385827 390.61417322834643 56.976377952755904 21.826771653543307 peinture
336.4724409448819 390.61417322834643 80.78740157480316 21.826771653543307 australienne,
403.0866141732283 390.61417322834643 42.803149606299215 21.826771653543307 elles
426.8976377952756 390.61417322834643 18.992125984251967 21.826771653543307 en

36.8503937007874 406.20472440944883 73.7007874015748 20.69291338582677 marquèrent
94.67716535433071 406.20472440944883 68.31496062992126 20.69291338582677 également
147.4015748031496 406.20472440944883 36.8503937007874 20.69291338582677 les
168.3779527559055 406.20472440944883 63.21259842519685 20.69291338582677 limites.
215.71653543307087 406.20472440944883 47.338582677165356 20.69291338582677 C’est
247.1811023622047 406.20472440944883 68.31496062992126 20.69291338582677 seulement
299.90551181102364 406.20472440944883 47.338582677165356 20.69291338582677 quand
331.37007874015745 406.20472440944883 36.8503937007874 20.69291338582677 les
352.34645669291336 406.20472440944883 63.21259842519685 20.69291338582677 peintres
394.5826771653543 406.20472440944883 52.44094488188976 20.69291338582677 s’appro-

37.13385826771653 420.09448818897636 60.94488188976378 21.25984251968504 prièrent
82.77165354330708 420.09448818897636 30.330708661417322 21.25984251968504 la
98.07874015748031 420.09448818897636 55.84251968503937 21.25984251968504 matière
138.61417322834646 420.09448818897636 45.63779527559055 21.25984251968504 rude,
168.9448818897638 420.09448818897636 70.86614173228347 21.25984251968504 solitaire,
224.78740157480314 420.09448818897636 91.2755905511811 21.25984251968504 inhospitalière
300.755905511811 420.09448818897636 30.330708661417322 21.25984251968504 de
315.7795275590551 420.09448818897636 40.53543307086614 21.25984251968504 leur
341.29133858267716 420.09448818897636 45.63779527559055 21.25984251968504 pays,
371.62204724409446 420.09448818897636 50.74015748031496 21.25984251968504 qu’ils
401.9527559055118 420.09448818897636 45.63779527559055 21.25984251968504 l’appa-

36.8503937007874 434.5511811023622 75.11811023622047 20.409448818897637 rentèrent
94.67716535433071 434.5511811023622 40.53543307086614 20.409448818897637 aux
117.63779527559055 434.5511811023622 69.44881889763779 20.409448818897637 qualités
169.79527559055117 434.5511811023622 75.11811023622047 20.409448818897637 héroïques
227.6220472440945 434.5511811023622 34.58267716535433 20.409448818897637 du
244.91338582677164 434.5511811023622 63.496062992125985 20.409448818897637 peuple.
291.11811023622045 434.5511811023622 40.53543307086614 20.409448818897637 Les
314.3622047244094 434.5511811023622 52.15748031496063 20.409448818897637 héros
348.9448818897638 434.5511811023622 40.53543307086614 20.409448818897637 des
372.18897637795277 434.5511811023622 52.15748031496063 20.409448818897637 sagas
406.7716535433071 434.5511811023622 34.58267716535433 20.409448818897637 et
418.3937007874016 434.5511811023622 28.913385826771652 20.409448818897637 des

36.56692913385827 451.2755905511811 77.38582677165354 19.84251968503937 anciennes
96.09448818897638 451.2755905511811 65.48031496062993 19.84251968503937 épopées
144.0 451.2755905511811 47.62204724409449 19.84251968503937 sont
173.76377952755905 451.2755905511811 47.62204724409449 19.84251968503937 plus
203.5275590551181 451.2755905511811 83.33858267716535 19.84251968503937 farouches,
269.00787401574803 451.2755905511811 47.62204724409449 19.84251968503937 plus
298.7716535433071 451.2755905511811 59.52755905511811 19.84251968503937 rusés,
340.4409448818898 451.2755905511811 53.574803149606296 19.84251968503937 moins
370.48818897637796 451.2755905511811 77.38582677165354 19.84251968503937 romanesques

36.56692913385827 466.5826771653543 41.10236220472441 18.4251968503937 que
60.09448818897638 466.5826771653543 41.10236220472441 18.4251968503937 les
83.62204724409449 466.5826771653543 52.724409448818896 18.4251968503937 héros
118.77165354330708 466.5826771653543 41.10236220472441 18.4251968503937 des
142.29921259842519 466.5826771653543 64.62992125984252 18.4251968503937 marches
189.35433070866142 466.5826771653543 47.05511811023622 18.4251968503937 vers
218.5511811023622 466.5826771653543 70.58267716535433 18.4251968503937 l’ouest;
271.5590551181102 466.5826771653543 35.1496062992126 18.4251968503937 et
289.13385826771656 466.5826771653543 35.1496062992126 18.4251968503937 le
306.70866141732284 466.5826771653543 64.62992125984252 18.4251968503937 western
353.76377952755905 466.5826771653543 47.05511811023622 18.4251968503937 sans
382.96062992125985 466.5826771653543 64.62992125984252 18.4251968503937 panache
424.06299212598424 466.5826771653543 23.52755905511811 18.4251968503937 de

37.7007874015748 480.755905511811 76.53543307086615 16.440944881889763 l’histoire
97.79527559055119 480.755905511811 82.20472440944881 16.440944881889763 d’Australie
163.55905511811022 480.755905511811 32.881889763779526 16.440944881889763 se
180.0 480.755905511811 60.09448818897638 16.440944881889763 changea
223.6535433070866 480.755905511811 32.881889763779526 16.440944881889763 en
240.09448818897638 480.755905511811 54.70866141732284 16.440944881889763 mythe,
278.3622047244094 480.755905511811 49.32283464566929 16.440944881889763 alors
311.244094488189 480.755905511811 38.267716535433074 16.440944881889763 que
333.07086614173227 480.755905511811 38.267716535433074 16.440944881889763 ses
355.18110236220474 480.755905511811 65.76377952755905 16.440944881889763 derniers
398.8346456692913 480.755905511811 49.32283464566929 16.440944881889763 témoins

37.41732283464567 492.37795275590554 91.2755905511811 19.84251968503937 survivaient.
111.4015748031496 492.37795275590554 56.976377952755904 19.84251968503937 Ainsi,
151.37007874015748 492.37795275590554 45.63779527559055 19.84251968503937 dans
179.71653543307087 492.37795275590554 34.2992125984252 19.84251968503937 le
197.00787401574803 492.37795275590554 62.645669291338585 19.84251968503937 paysage
242.36220472440945 492.37795275590554 85.32283464566929 19.84251968503937 australien,
310.96062992125985 492.37795275590554 51.30708661417323 19.84251968503937 comme
344.9763779527559 492.37795275590554 45.63779527559055 19.84251968503937 dans
373.6062992125984 492.37795275590554 51.30708661417323 19.84251968503937 toute
401.9527559055118 492.37795275590554 45.63779527559055 19.84251968503937 grande

37.98425196850393 509.38582677165357 66.61417322834646 18.141732283464567 peinture
88.15748031496064 509.38582677165357 83.33858267716535 18.141732283464567 paysagiste,
154.77165354330708 509.38582677165357 33.16535433070866 18.141732283464567 le
171.21259842519686 509.38582677165357 49.889763779527556 18.141732283464567 décor
204.66141732283464 509.38582677165357 38.83464566929134 18.141732283464567 est
226.77165354330708 509.38582677165357 33.16535433070866 18.141732283464567 là
243.49606299212599 509.38582677165357 49.889763779527556 18.141732283464567 comme
276.66141732283467 509.38582677165357 49.889763779527556 18.141732283464567 toile
310.1102362204724 509.38582677165357 33.16535433070866 18.141732283464567 de
326.5511811023622 509.38582677165357 44.503937007874015 18.141732283464567 fond
354.3307086614173 509.38582677165357 49.889763779527556 18.141732283464567 d’une
387.7795275590551 509.38582677165357 60.94488188976378 18.141732283464567 légende
426.61417322834643 509.38582677165357 22.11023622047244 18.141732283464567 et

37.41732283464567 524.4094488188977 64.34645669291339 19.559055118110237 symbole
84.18897637795276 524.4094488188977 40.818897637795274 19.559055118110237 des
107.71653543307086 524.4094488188977 64.34645669291339 19.559055118110237 valeurs
148.53543307086613 524.4094488188977 64.34645669291339 19.559055118110237 humaines.

360.56692913385825 550.2047244094488 64.62992125984252 21.543307086614174 Kenneth
401.6692913385827 550.2047244094488 47.05511811023622 21.543307086614174 Clark.

398.8346456692913 594.4251968503937 28.346456692913385 24.37795275590551 11
