489.25984251968504 625.6062992125984
409.6062992125984 1.984251968503937 73.13385826771653 24.094488188976378 GRÈCE

91.55905511811024 135.49606299212599 68.03149606299213 16.15748031496063 Commissaire
145.98425196850394 135.49606299212599 49.889763779527556 16.15748031496063 Général
182.26771653543307 135.49606299212599 22.677165354330707 16.15748031496063 :
191.33858267716536 135.49606299212599 63.496062992125985 16.15748031496063 Georges
236.40944881889763 135.49606299212599 72.56692913385827 16.15748031496063 Kournoutos

92.40944881889764 147.68503937007873 62.36220472440945 18.708661417322833 Directeur
140.31496062992127 147.68503937007873 52.724409448818896 18.708661417322833 Général
178.86614173228347 147.68503937007873 33.732283464566926 18.708661417322833 des
198.14173228346456 147.68503937007873 38.267716535433074 18.708661417322833 Arts
221.95275590551182 147.68503937007873 28.913385826771652 18.708661417322833 et
236.40944881889763 147.68503937007873 33.732283464566926 18.708661417322833 des
250.86614173228347 147.68503937007873 47.90551181102362 18.708661417322833 Lettres.

45.07086614173228 222.51968503937007 52.724409448818896 21.543307086614174 L’art
80.50393700787401 222.51968503937007 93.8267716535433 21.543307086614174 contemporain
156.75590551181102 222.51968503937007 52.724409448818896 21.543307086614174 grec,
191.90551181102362 222.51968503937007 64.62992125984252 21.543307086614174 pendant
238.96062992125985 222.51968503937007 41.10236220472441 21.543307086614174 les
262.48818897637796 222.51968503937007 82.20472440944881 21.543307086614174 vingt-cinq
327.11811023622045 222.51968503937007 76.25196850393701 21.543307086614174 dernières
385.79527559055117 222.51968503937007 58.67716535433071 21.543307086614174 années
420.9448818897638 222.51968503937007 23.52755905511811 21.543307086614174 du

36.28346456692913 240.3779527559055 43.08661417322835 20.125984251968504 XIXe
63.21259842519685 240.3779527559055 59.24409448818898 20.125984251968504 siècle,
106.2992125984252 240.3779527559055 80.78740157480316 20.125984251968504 fléchissait
170.9291338582677 240.3779527559055 53.85826771653543 20.125984251968504 encore
208.62992125984252 240.3779527559055 43.08661417322835 20.125984251968504 sous
235.55905511811022 240.3779527559055 32.31496062992126 20.125984251968504 le
251.43307086614172 240.3779527559055 48.47244094488189 20.125984251968504 poids
283.748031496063 240.3779527559055 32.31496062992126 20.125984251968504 du
299.90551181102364 240.3779527559055 53.85826771653543 20.125984251968504 sujet.
337.6062992125984 240.3779527559055 37.7007874015748 20.125984251968504 Les
359.1496062992126 240.3779527559055 59.24409448818898 20.125984251968504 talents
402.23622047244095 240.3779527559055 32.31496062992126 20.125984251968504 ne
413.00787401574803 240.3779527559055 32.31496062992126 20.125984251968504 man-

36.56692913385827 250.01574803149606 58.39370078740158 20.976377952755904 quaient
79.08661417322834 250.01574803149606 53.00787401574803 20.976377952755904 point,
116.22047244094489 250.01574803149606 31.748031496062993 20.976377952755904 ni
132.09448818897638 250.01574803149606 63.77952755905512 20.976377952755904 certains
180.0 250.01574803149606 58.39370078740158 20.976377952755904 esprits
222.51968503937007 250.01574803149606 63.77952755905512 20.976377952755904 avancés,
270.1417322834646 250.01574803149606 47.90551181102362 20.976377952755904 fiers
301.8897637795276 250.01574803149606 31.748031496062993 20.976377952755904 de
318.0472440944882 250.01574803149606 42.51968503937008 20.976377952755904 leur
344.40944881889766 250.01574803149606 90.14173228346456 20.976377952755904 indépendance,
413.5748031496063 250.01574803149606 31.748031496062993 20.976377952755904 mais

36.56692913385827 265.3228346456693 47.338582677165356 20.69291338582677 dans
66.33070866141732 265.3228346456693 41.38582677165354 20.69291338582677 son
89.85826771653544 265.3228346456693 71.14960629921259 20.69291338582677 ensemble
143.43307086614172 265.3228346456693 53.29133858267716 20.69291338582677 l’art
178.86614173228347 265.3228346456693 47.338582677165356 20.69291338582677 grec
208.62992125984252 265.3228346456693 35.71653543307087 20.69291338582677 de
226.48818897637796 265.3228346456693 53.29133858267716 20.69291338582677 cette
261.9212598425197 265.3228346456693 59.24409448818898 20.69291338582677 époque
303.59055118110234 265.3228346456693 65.19685039370079 20.69291338582677 s’était
350.92913385826773 265.3228346456693 59.24409448818898 20.69291338582677 engagé
392.59842519685037 265.3228346456693 47.338582677165356 20.69291338582677 dans
416.12598425196853 265.3228346456693 29.763779527559056 20.69291338582677 les

37.7007874015748 278.6456692913386 72.85039370078741 21.826771653543307 contraintes
96.09448818897638 278.6456692913386 38.83464566929134 21.826771653543307 d’un
120.18897637795276 278.6456692913386 48.47244094488189 21.826771653543307 devoir
154.20472440944883 278.6456692913386 38.83464566929134 21.826771653543307 dont
178.58267716535434 278.6456692913386 63.21259842519685 21.826771653543307 l’origine
227.0551181102362 278.6456692913386 43.653543307086615 21.826771653543307 était
256.251968503937 278.6456692913386 48.47244094488189 21.826771653543307 plutôt
290.26771653543307 278.6456692913386 72.85039370078741 21.826771653543307 littéraire:
348.66141732283467 278.6456692913386 43.653543307086615 21.826771653543307 créer
377.8582677165354 278.6456692913386 29.19685039370079 21.826771653543307 un
392.31496062992125 278.6456692913386 34.01574803149607 21.826771653543307 art
411.87401574803147 278.6456692913386 24.37795275590551 21.826771653543307 «
416.6929133858268 278.6456692913386 29.19685039370079 21.826771653543307 grec

37.13385826771653 296.503937007874 38.83464566929134 20.125984251968504 pur
59.52755905511811 296.503937007874 33.16535433070866 20.125984251968504 ».
75.96850393700787 296.503937007874 38.83464566929134 20.125984251968504 Une
98.07874015748031 296.503937007874 60.94488188976378 20.125984251968504 société
142.29921259842519 296.503937007874 44.22047244094488 20.125984251968504 qui,
170.07874015748033 296.503937007874 27.77952755905512 20.125984251968504 à
181.13385826771653 296.503937007874 49.889763779527556 20.125984251968504 cette
214.29921259842519 296.503937007874 60.94488188976378 20.125984251968504 époque,
258.5196850393701 296.503937007874 72.0 20.125984251968504 finissait
313.79527559055117 296.503937007874 38.83464566929134 20.125984251968504 par
335.90551181102364 296.503937007874 77.38582677165354 20.125984251968504 consolider
396.56692913385825 296.503937007874 33.16535433070866 20.125984251968504 sa
407.62204724409446 296.503937007874 38.83464566929134 20.125984251968504 forme

37.98425196850393 313.51181102362204 73.41732283464567 16.440944881889763 bourgeoise
95.5275590551181 313.51181102362204 68.03149606299213 16.440944881889763 soutenait
147.96850393700788 313.51181102362204 47.05511811023622 16.440944881889763 cette
179.43307086614172 313.51181102362204 68.03149606299213 16.440944881889763 exigence.
231.8740157480315 313.51181102362204 78.51968503937007 16.440944881889763 D’ailleurs,
294.8031496062992 313.51181102362204 31.46456692913386 16.440944881889763 ce
310.3937007874016 313.51181102362204 47.05511811023622 16.440944881889763 n’est
341.8582677165354 313.51181102362204 36.56692913385827 16.440944881889763 pas
362.8346456692913 313.51181102362204 31.46456692913386 16.440944881889763 là
378.70866141732284 313.51181102362204 47.05511811023622 16.440944881889763 chose
404.78740157480314 313.51181102362204 41.95275590551181 16.440944881889763 excep-

37.41732283464567 322.01574803149606 76.53543307086615 22.677165354330707 tionnelle;
97.51181102362204 322.01574803149606 65.48031496062993 22.677165354330707 d’autres
146.5511811023622 322.01574803149606 65.48031496062993 22.677165354330707 sociétés
195.8740157480315 322.01574803149606 87.59055118110236 22.677165354330707 bourgeoises,
267.0236220472441 322.01574803149606 32.881889763779526 22.677165354330707 un
283.18110236220474 322.01574803149606 38.267716535433074 22.677165354330707 peu
305.29133858267716 322.01574803149606 43.653543307086615 22.677165354330707 plus
332.503937007874 322.01574803149606 43.653543307086615 22.677165354330707 tôt,
359.7165354330709 322.01574803149606 60.09448818897638 22.677165354330707 avaient
397.98425196850394 322.01574803149606 49.32283464566929 22.677165354330707 projeté

38.267716535433074 337.03937007874015 32.59842519685039 20.409448818897637 de
54.425196850393704 337.03937007874015 60.09448818897638 20.409448818897637 pareils
98.07874015748031 337.03937007874015 60.09448818897638 20.409448818897637 dogmes,
141.73228346456693 337.03937007874015 38.267716535433074 20.409448818897637 non
163.55905511811022 337.03937007874015 70.86614173228347 20.409448818897637 seulement
217.98425196850394 337.03937007874015 43.653543307086615 20.409448818897637 dans
245.48031496062993 337.03937007874015 32.59842519685039 20.409448818897637 le
261.6377952755906 337.03937007874015 60.09448818897638 20.409448818897637 domaine
305.29133858267716 337.03937007874015 38.267716535433074 20.409448818897637 des
327.11811023622045 337.03937007874015 43.653543307086615 20.409448818897637 arts
354.3307086614173 337.03937007874015 81.63779527559055 20.409448818897637 plastiques,
414.4251968503937 337.03937007874015 32.59842519685039 20.409448818897637 mais

38.267716535433074 352.62992125984255 47.338582677165356 22.393700787401574 aussi
70.01574803149606 352.62992125984255 41.95275590551181 22.393700787401574 dans
96.09448818897638 352.62992125984255 41.95275590551181 22.393700787401574 ceux
122.45669291338582 352.62992125984255 31.46456692913386 22.393700787401574 de
138.04724409448818 352.62992125984255 31.46456692913386 22.393700787401574 la
153.92125984251967 352.62992125984255 57.826771653543304 22.393700787401574 musique
195.8740157480315 352.62992125984255 31.46456692913386 22.393700787401574 et
211.46456692913387 352.62992125984255 31.46456692913386 22.393700787401574 de
227.33858267716536 352.62992125984255 31.46456692913386 22.393700787401574 la
242.9291338582677 352.62992125984255 83.90551181102362 22.393700787401574 littérature.
311.244094488189 352.62992125984255 31.46456692913386 22.393700787401574 De
326.8346456692913 352.62992125984255 68.31496062992126 22.393700787401574 pareilles
374.1732283464567 352.62992125984255 73.41732283464567 22.393700787401574 orientations

37.98425196850393 365.6692913385827 77.38582677165354 19.275590551181104 attribuent
98.92913385826772 365.6692913385827 72.0 19.275590551181104 cependant
154.20472440944883 365.6692913385827 77.38582677165354 19.275590551181104 fatalement
215.1496062992126 365.6692913385827 38.83464566929134 19.275590551181104 une
237.25984251968504 365.6692913385827 55.275590551181104 19.275590551181104 énorme
276.09448818897636 365.6692913385827 77.38582677165354 19.275590551181104 importance
337.03937007874015 365.6692913385827 33.16535433070866 19.275590551181104 au
353.4803149606299 365.6692913385827 49.889763779527556 19.275590551181104 sujet
381.25984251968504 365.6692913385827 66.33070866141732 19.275590551181104 (histoire,

38.267716535433074 381.25984251968504 75.11811023622047 23.244094488188978 folklore)
95.81102362204724 381.25984251968504 40.53543307086614 23.244094488188978 aux
119.05511811023622 381.25984251968504 57.826771653543304 23.244094488188978 dépens
159.30708661417322 381.25984251968504 40.53543307086614 23.244094488188978 des
182.5511811023622 381.25984251968504 69.16535433070867 23.244094488188978 éléments
234.4251968503937 381.25984251968504 80.78740157480316 23.244094488188978 plastiques
297.9212598425197 381.25984251968504 34.58267716535433 23.244094488188978 et
315.21259842519686 381.25984251968504 40.53543307086614 23.244094488188978 des
338.45669291338584 381.25984251968504 75.11811023622047 23.244094488188978 problèmes
390.3307086614173 381.25984251968504 57.826771653543304 23.244094488188978 purement

39.68503937007874 400.53543307086613 78.23622047244095 15.590551181102363 artistiques
102.04724409448819 400.53543307086613 31.181102362204726 15.590551181102363 de
117.63779527559055 400.53543307086613 31.181102362204726 15.590551181102363 la
128.1259842519685 400.53543307086613 41.669291338582674 15.590551181102363 forme.

49.32283464566929 408.4724409448819 31.46456692913386 23.52755905511811 Le
65.19685039370079 408.4724409448819 36.8503937007874 23.52755905511811 XXe
86.1732283464567 408.4724409448819 52.44094488188976 23.52755905511811 siècle
123.02362204724409 408.4724409448819 57.826771653543304 23.52755905511811 nettoya
164.9763779527559 408.4724409448819 31.46456692913386 23.52755905511811 le
180.8503937007874 408.4724409448819 57.826771653543304 23.52755905511811 terrain
222.8031496062992 408.4724409448819 31.46456692913386 23.52755905511811 de
238.6771653543307 408.4724409448819 36.8503937007874 23.52755905511811 ces
259.65354330708664 408.4724409448819 78.80314960629921 23.52755905511811 agacements.
322.5826771653543 408.4724409448819 84.18897637795276 23.52755905511811 Aujourd’hui,
390.8976377952756 408.4724409448819 47.338582677165356 23.52755905511811 l’art
417.25984251968504 408.4724409448819 31.46456692913386 23.52755905511811 grec

39.968503937007874 423.7795275590551 35.71653543307087 19.559055118110237 est
60.37795275590551 423.7795275590551 40.818897637795274 19.559055118110237 tout
85.88976377952756 423.7795275590551 25.511811023622048 19.559055118110237 à
96.09448818897638 423.7795275590551 40.818897637795274 19.559055118110237 fait
121.88976377952756 423.7795275590551 25.511811023622048 19.559055118110237 à
132.09448818897638 423.7795275590551 30.614173228346456 19.559055118110237 la
147.4015748031496 423.7795275590551 40.818897637795274 19.559055118110237 page
172.91338582677164 423.7795275590551 30.614173228346456 19.559055118110237 et
188.2204724409449 423.7795275590551 107.43307086614173 19.559055118110237 physiologiquement
280.34645669291336 423.7795275590551 45.92125984251968 19.559055118110237 placé
310.96062992125985 423.7795275590551 40.818897637795274 19.559055118110237 dans
336.4724409448819 423.7795275590551 35.71653543307087 19.559055118110237 les
356.88188976377955 423.7795275590551 51.023622047244096 19.559055118110237 cadres
387.7795275590551 423.7795275590551 61.22834645669291 19.559055118110237 européens.

39.40157480314961 436.81889763779526 35.1496062992126 20.69291338582677 Il
56.976377952755904 436.81889763779526 64.34645669291339 20.69291338582677 connaît
104.03149606299213 436.81889763779526 41.10236220472441 20.69291338582677 les
127.2755905511811 436.81889763779526 52.724409448818896 20.69291338582677 mêmes
162.4251968503937 436.81889763779526 81.92125984251969 20.69291338582677 problèmes,
226.77165354330708 436.81889763779526 41.10236220472441 20.69291338582677 les
250.29921259842519 436.81889763779526 52.724409448818896 20.69291338582677 mêmes
285.4488188976378 436.81889763779526 93.54330708661418 20.69291338582677 inquiétudes;
361.4173228346457 436.81889763779526 35.1496062992126 20.69291338582677 il
378.99212598425197 436.81889763779526 29.19685039370079 20.69291338582677 a
390.61417322834643 436.81889763779526 41.10236220472441 20.69291338582677 les
408.18897637795277 436.81889763779526 41.10236220472441 20.69291338582677 mêmes

39.40157480314961 452.12598425196853 71.14960629921259 19.84251968503937 tendances
94.11023622047244 452.12598425196853 38.267716535433074 19.84251968503937 que
115.93700787401575 452.12598425196853 49.32283464566929 19.84251968503937 l’art
148.8188976377953 452.12598425196853 32.881889763779526 19.84251968503937 de
165.25984251968504 452.12598425196853 71.14960629921259 19.84251968503937 l’Europe.
219.96850393700788 452.12598425196853 54.70866141732284 19.84251968503937 Depuis
258.23622047244095 452.12598425196853 32.881889763779526 19.84251968503937 le
274.6771653543307 452.12598425196853 49.32283464566929 19.84251968503937 début
307.5590551181102 452.12598425196853 32.881889763779526 19.84251968503937 du
324.0 452.12598425196853 38.267716535433074 19.84251968503937 XXe
345.8267716535433 452.12598425196853 60.09448818897638 19.84251968503937 siècle,
389.76377952755905 452.12598425196853 49.32283464566929 19.84251968503937 l’art
416.9763779527559 452.12598425196853 32.881889763779526 19.84251968503937 grec

40.25196850393701 466.01574803149606 60.94488188976378 20.409448818897637 moderne
84.75590551181102 466.01574803149606 27.77952755905512 20.409448818897637 a
95.81102362204724 466.01574803149606 72.0 20.409448818897637 abandonné
151.08661417322836 466.01574803149606 88.7244094488189 20.409448818897637 l’Académisme
223.37007874015748 466.01574803149606 44.22047244094488 20.409448818897637 figé
250.86614173228347 466.01574803149606 33.16535433070866 20.409448818897637 et
267.59055118110234 466.01574803149606 66.61417322834646 20.409448818897637 officiel
317.4803149606299 466.01574803149606 33.16535433070866 20.409448818897637 de
333.9212598425197 466.01574803149606 55.275590551181104 20.409448818897637 Munich
372.755905511811 466.01574803149606 49.889763779527556 20.409448818897637 qu’il
400.53543307086613 466.01574803149606 49.889763779527556 20.409448818897637 suivait

41.10236220472441 480.18897637795277 29.480314960629922 20.125984251968504 et
55.84251968503937 480.18897637795277 44.503937007874015 20.125984251968504 s’est
85.32283464566929 480.18897637795277 54.14173228346457 20.125984251968504 orienté
124.7244094488189 480.18897637795277 39.40157480314961 20.125984251968504 vers
149.38582677165354 480.18897637795277 49.32283464566929 20.125984251968504 Paris,
183.96850393700788 480.18897637795277 34.58267716535433 20.125984251968504 qui
203.5275590551181 480.18897637795277 54.14173228346457 20.125984251968504 gardait
243.21259842519686 480.18897637795277 39.40157480314961 20.125984251968504 très
267.87401574803147 480.18897637795277 39.40157480314961 20.125984251968504 haut
292.53543307086613 480.18897637795277 29.480314960629922 20.125984251968504 la
307.2755905511811 480.18897637795277 68.88188976377953 20.125984251968504 conscience
361.4173228346457 480.18897637795277 59.24409448818898 20.125984251968504 éveillée
405.6377952755906 480.18897637795277 29.480314960629922 20.125984251968504 de
415.5590551181102 480.18897637795277 34.58267716535433 20.125984251968504 l’art

40.53543307086614 497.1968503937008 32.031496062992126 17.5748031496063 de
56.69291338582677 497.1968503937008 58.67716535433071 17.5748031496063 l’homme
99.21259842519684 497.1968503937008 63.77952755905512 17.5748031496063 moderne.
147.11811023622047 497.1968503937008 32.031496062992126 17.5748031496063 Ce
162.99212598425197 497.1968503937008 53.29133858267716 17.5748031496063 détour
200.40944881889763 497.1968503937008 26.64566929133858 17.5748031496063 a
210.89763779527559 497.1968503937008 37.41732283464567 17.5748031496063 été
232.44094488188978 497.1968503937008 63.77952755905512 17.5748031496063 vraiment
280.34645669291336 497.1968503937008 79.93700787401575 17.5748031496063 libérateur.
344.12598425196853 497.1968503937008 47.90551181102362 17.5748031496063 L’art
376.15748031496065 497.1968503937008 26.64566929133858 17.5748031496063 «
386.92913385826773 497.1968503937008 69.16535433070867 17.5748031496063 bourgeois
434.8346456692913 497.1968503937008 15.874015748031496 17.5748031496063 »

40.818897637795274 510.23622047244095 47.338582677165356 19.559055118110237 était
72.56692913385827 510.23622047244095 68.31496062992126 19.559055118110237 déterminé
125.00787401574803 510.23622047244095 36.8503937007874 19.559055118110237 par
145.98425196850394 510.23622047244095 31.46456692913386 19.559055118110237 la
161.5748031496063 510.23622047244095 78.80314960629921 19.559055118110237 sensibilité
224.50393700787401 510.23622047244095 73.41732283464567 19.559055118110237 artistique
282.3307086614173 510.23622047244095 83.90551181102362 19.559055118110237 particulière
350.3622047244094 510.23622047244095 26.362204724409448 19.559055118110237 à
360.8503937007874 510.23622047244095 31.46456692913386 19.559055118110237 un
376.7244094488189 510.23622047244095 52.44094488188976 19.559055118110237 peuple
413.29133858267716 510.23622047244095 31.46456692913386 19.559055118110237 et
423.7795275590551 510.23622047244095 26.362204724409448 19.559055118110237 non

42.23622047244095 527.8110236220473 36.56692913385827 18.4251968503937 par
62.92913385826772 527.8110236220473 36.56692913385827 18.4251968503937 les
83.90551181102362 527.8110236220473 68.03149606299213 18.4251968503937 exigences
136.3464566929134 527.8110236220473 41.95275590551181 18.4251968503937 d’un
162.4251968503937 527.8110236220473 47.05511811023622 18.4251968503937 sujet
193.60629921259843 527.8110236220473 41.95275590551181 18.4251968503937 fixé
214.58267716535434 527.8110236220473 57.54330708661417 18.4251968503937 d’avance.

51.30708661417323 538.8661417322835 31.46456692913386 18.4251968503937 Et
67.18110236220473 538.8661417322835 31.46456692913386 18.4251968503937 la
83.05511811023622 538.8661417322835 78.80314960629921 18.4251968503937 sensibilité
145.98425196850394 538.8661417322835 73.7007874015748 18.4251968503937 artistique
203.81102362204723 538.8661417322835 31.46456692913386 18.4251968503937 de
219.68503937007873 538.8661417322835 47.338582677165356 18.4251968503937 l’art
251.1496062992126 538.8661417322835 41.95275590551181 18.4251968503937 grec
277.51181102362204 538.8661417322835 57.826771653543304 18.4251968503937 moderne
319.46456692913387 538.8661417322835 47.338582677165356 18.4251968503937 n’est
351.21259842519686 538.8661417322835 47.338582677165356 18.4251968503937 point
377.29133858267716 538.8661417322835 73.7007874015748 18.4251968503937 négligeable.

42.51968503937008 554.7401574803149 34.86614173228347 21.543307086614174 Nos
62.645669291338585 554.7401574803149 59.811023622047244 21.543307086614174 artistes
107.43307086614173 554.7401574803149 74.83464566929133 21.543307086614174 s’efforcent
167.24409448818898 554.7401574803149 24.944881889763778 21.543307086614174 à
177.16535433070865 554.7401574803149 44.78740157480315 21.543307086614174 faire
207.21259842519686 554.7401574803149 30.04724409448819 21.543307086614174 de
222.23622047244095 554.7401574803149 44.78740157480315 21.543307086614174 l’art
252.0 554.7401574803149 30.04724409448819 21.543307086614174 et
267.0236220472441 554.7401574803149 34.86614173228347 21.543307086614174 non
286.86614173228344 554.7401574803149 30.04724409448819 21.543307086614174 de
301.8897637795276 554.7401574803149 30.04724409448819 21.543307086614174 la
316.9133858267717 554.7401574803149 79.65354330708661 21.543307086614174 littérature.
381.8267716535433 554.7401574803149 34.86614173228347 21.543307086614174 Ils
401.6692913385827 554.7401574803149 39.968503937007874 21.543307086614174 sont
421.51181102362204 554.7401574803149 30.04724409448819 21.543307086614174 très

400.81889763779526 594.992125984252 29.480314960629922 19.559055118110237 47
