515.3385826771654 625.6062992125984
59.52755905511811 -1.4173228346456692 106.01574803149606 14.173228346456693 PAKISTAN

158.17322834645668 152.78740157480314 65.76377952755905 24.094488188976378 Commissaire
210.61417322834646 152.78740157480314 52.724409448818896 24.094488188976378 Général:
250.01574803149606 152.78740157480314 48.188976377952756 24.094488188976378 Syed
280.9133858267717 152.78740157480314 70.01574803149606 24.094488188976378 Waliullah.

111.68503937007874 254.5511811023622 30.89763779527559 26.929133858267715 Le
126.99212598425197 254.5511811023622 61.79527559055118 26.929133858267715 Pakistan
173.48031496062993 254.5511811023622 36.0 26.929133858267715 est
194.17322834645668 254.5511811023622 72.0 26.929133858267715 l’héritier
250.86614173228347 254.5511811023622 46.488188976377955 26.929133858267715 d’une
281.76377952755905 254.5511811023622 66.89763779527559 26.929133858267715 tradition
333.07086614173227 254.5511811023622 72.0 26.929133858267715 culturelle
389.76377952755905 254.5511811023622 46.488188976377955 26.929133858267715 qu’il
420.66141732283467 254.5511811023622 41.10236220472441 26.929133858267715 doit
441.3543307086614 254.5511811023622 56.69291338582677 26.929133858267715 notamment

100.62992125984252 268.7244094488189 27.496062992125985 17.5748031496063 à
111.4015748031496 268.7244094488189 32.881889763779526 17.5748031496063 la
128.1259842519685 268.7244094488189 66.04724409448819 17.5748031496063 peinture
172.06299212598427 268.7244094488189 54.99212598425197 17.5748031496063 mongole.

111.11811023622047 282.0472440944882 57.826771653543304 20.125984251968504 Celle-ci
154.48818897637796 282.0472440944882 28.913385826771652 20.125984251968504 se
168.9448818897638 282.0472440944882 72.56692913385827 20.125984251968504 distinguait
227.0551181102362 282.0472440944882 33.732283464566926 20.125984251968504 par
246.33070866141733 282.0472440944882 33.732283464566926 20.125984251968504 une
265.6062992125984 282.0472440944882 72.56692913385827 20.125984251968504 stylisation
323.7165354330709 282.0472440944882 67.74803149606299 20.125984251968504 rigoureuse
376.7244094488189 282.0472440944882 28.913385826771652 20.125984251968504 de
391.18110236220474 282.0472440944882 28.913385826771652 20.125984251968504 la
405.6377952755906 282.0472440944882 48.188976377952756 20.125984251968504 nature
439.65354330708664 282.0472440944882 28.913385826771652 20.125984251968504 et
454.1102362204724 282.0472440944882 28.913385826771652 20.125984251968504 un
463.748031496063 282.0472440944882 33.732283464566926 20.125984251968504 souci

100.91338582677166 295.37007874015745 75.11811023622047 19.275590551181104 méticuleux
159.8740157480315 295.37007874015745 32.31496062992126 19.275590551181104 du
176.03149606299212 295.37007874015745 58.960629921259844 19.275590551181104 détail,
218.83464566929135 295.37007874015745 37.41732283464567 19.275590551181104 qui
240.3779527559055 295.37007874015745 37.41732283464567 19.275590551181104 ont
261.9212598425197 295.37007874015745 53.574803149606296 19.275590551181104 trouvé
299.33858267716533 295.37007874015745 42.803149606299215 19.275590551181104 leur
326.26771653543307 295.37007874015745 96.66141732283465 19.275590551181104 épanouissement
406.48818897637796 295.37007874015745 42.803149606299215 19.275590551181104 dans
433.4173228346457 295.37007874015745 48.188976377952756 19.275590551181104 l’art
465.4488188976378 295.37007874015745 32.31496062992126 19.275590551181104 de
476.2204724409449 295.37007874015745 21.543307086614174 19.275590551181104 la

100.62992125984252 308.40944881889766 73.13385826771653 21.826771653543307 miniature.
157.88976377952756 308.40944881889766 41.95275590551181 21.826771653543307 Elle
184.251968503937 308.40944881889766 26.078740157480315 21.826771653543307 a
194.45669291338584 308.40944881889766 57.54330708661417 21.826771653543307 inspiré
236.40944881889763 308.40944881889766 83.62204724409449 21.826771653543307 quelques-uns
304.4409448818898 308.40944881889766 36.56692913385827 21.826771653543307 des
325.13385826771656 308.40944881889766 41.95275590551181 21.826771653543307 plus
351.496062992126 308.40944881889766 52.15748031496063 21.826771653543307 grands
388.06299212598424 308.40944881889766 62.645669291338585 21.826771653543307 artistes
429.73228346456693 308.40944881889766 68.03149606299213 21.826771653543307 pakistanais

99.77952755905511 323.7165354330709 91.84251968503936 19.559055118110237 contemporains;
176.31496062992127 323.7165354330709 30.614173228346456 19.559055118110237 le
191.6220472440945 323.7165354330709 40.818897637795274 19.559055118110237 plus
217.13385826771653 323.7165354330709 76.53543307086615 19.559055118110237 remarquable
278.3622047244094 323.7165354330709 56.125984251968504 19.559055118110237 d’entre
319.18110236220474 323.7165354330709 35.71653543307087 19.559055118110237 eux
339.59055118110234 323.7165354330709 45.92125984251968 19.559055118110237 étant
370.20472440944883 323.7165354330709 30.614173228346456 19.559055118110237 A.
385.51181102362204 323.7165354330709 30.614173228346456 19.559055118110237 R.
400.81889763779526 323.7165354330709 61.22834645669291 19.559055118110237 Chugtai,
446.74015748031496 323.7165354330709 35.71653543307087 19.559055118110237 qui
462.0472440944882 323.7165354330709 35.71653543307087 19.559055118110237 relie

99.21259842519684 333.3543307086614 32.59842519685039 20.409448818897637 le
115.37007874015748 333.3543307086614 65.19685039370079 20.409448818897637 Pakistan
164.40944881889763 333.3543307086614 27.212598425196852 20.409448818897637 à
175.46456692913387 333.3543307086614 37.98425196850393 20.409448818897637 son
197.00787401574803 333.3543307086614 49.039370078740156 20.409448818897637 passé
224.2204724409449 333.3543307086614 70.86614173228347 20.409448818897637 artistique.

109.13385826771653 345.8267716535433 38.83464566929134 19.559055118110237 Les
131.5275590551181 345.8267716535433 44.503937007874015 19.559055118110237 noms
159.30708661417322 345.8267716535433 33.44881889763779 19.559055118110237 de
176.03149606299212 345.8267716535433 49.889763779527556 19.559055118110237 Fyzee
209.1968503937008 345.8267716535433 55.55905511811024 19.559055118110237 Rahmin
248.03149606299212 345.8267716535433 33.44881889763779 19.559055118110237 et
264.755905511811 345.8267716535433 49.889763779527556 19.559055118110237 Ustad
298.20472440944883 345.8267716535433 49.889763779527556 19.559055118110237 Allah
331.37007874015745 345.8267716535433 38.83464566929134 19.559055118110237 Bux
353.76377952755905 345.8267716535433 66.61417322834646 19.559055118110237 méritent
403.65354330708664 345.8267716535433 72.28346456692914 19.559055118110237 également
453.54330708661416 345.8267716535433 44.503937007874015 19.559055118110237 d’être

98.64566929133858 362.26771653543307 53.85826771653543 20.125984251968504 cités.
136.3464566929134 362.26771653543307 32.31496062992126 20.125984251968504 Ce
152.50393700787401 362.26771653543307 43.08661417322835 20.125984251968504 sont
179.71653543307087 362.26771653543307 37.7007874015748 20.125984251968504 des
201.25984251968504 362.26771653543307 64.62992125984252 20.125984251968504 artistes
249.73228346456693 362.26771653543307 32.31496062992126 20.125984251968504 de
265.8897637795276 362.26771653543307 59.24409448818898 20.125984251968504 qualité
309.25984251968504 362.26771653543307 37.7007874015748 20.125984251968504 qui
330.8031496062992 362.26771653543307 37.7007874015748 20.125984251968504 ont
352.34645669291336 362.26771653543307 37.7007874015748 20.125984251968504 été
373.8897637795276 362.26771653543307 43.08661417322835 20.125984251968504 tous
400.81889763779526 362.26771653543307 43.08661417322835 20.125984251968504 deux
422.3622047244094 362.26771653543307 75.68503937007874 20.125984251968504 profondément

98.64566929133858 373.3228346456693 79.93700787401575 24.37795275590551 influencés
161.5748031496063 373.3228346456693 39.968503937007874 24.37795275590551 par
184.251968503937 373.3228346456693 79.93700787401575 24.37795275590551 l’ancienne
247.1811023622047 373.3228346456693 68.5984251968504 24.37795275590551 peinture
292.81889763779526 373.3228346456693 57.25984251968504 24.37795275590551 mongole.

108.85039370078741 387.21259842519686 38.267716535433074 21.25984251968504 Les
130.6771653543307 387.21259842519686 71.14960629921259 21.25984251968504 activités
185.38582677165354 387.21259842519686 82.20472440944881 21.25984251968504 artistiques
251.43307086614172 387.21259842519686 32.881889763779526 21.25984251968504 du
267.87401574803147 387.21259842519686 65.76377952755905 21.25984251968504 Pakistan
317.1968503937008 387.21259842519686 93.25984251968504 21.25984251968504 d’aujourd’hui
393.73228346456693 387.21259842519686 32.881889763779526 21.25984251968504 se
410.45669291338584 387.21259842519686 76.81889763779527 21.25984251968504 présentent
465.1653543307087 387.21259842519686 32.881889763779526 21.25984251968504 sous

98.07874015748031 400.251968503937 33.16535433070866 17.858267716535433 un
114.80314960629921 400.251968503937 55.55905511811024 17.858267716535433 visage
153.63779527559055 400.251968503937 44.22047244094488 17.858267716535433 bien
175.748031496063 400.251968503937 66.61417322834646 17.858267716535433 différent.

108.28346456692914 411.87401574803147 38.55118110236221 23.244094488188978 Les
130.11023622047244 411.87401574803147 65.76377952755905 23.244094488188978 peintres
179.43307086614172 411.87401574803147 32.881889763779526 23.244094488188978 et
195.8740157480315 411.87401574803147 76.81889763779527 23.244094488188978 sculpteurs
256.251968503937 411.87401574803147 32.881889763779526 23.244094488188978 de
272.6929133858268 411.87401574803147 32.881889763779526 23.244094488188978 la
289.13385826771656 411.87401574803147 49.32283464566929 23.244094488188978 jeune
322.2992125984252 411.87401574803147 82.20472440944881 23.244094488188978 génération,
388.06299212598424 411.87401574803147 43.93700787401575 23.244094488188978 sans
415.5590551181102 411.87401574803147 82.20472440944881 23.244094488188978 méconnaître
475.93700787401576 411.87401574803147 21.826771653543307 23.244094488188978 la

98.36220472440945 423.7795275590551 61.511811023622045 27.77952755905512 richesse
144.28346456692913 423.7795275590551 30.614173228346456 27.77952755905512 de
159.8740157480315 423.7795275590551 71.71653543307086 27.77952755905512 l’héritage
216.0 423.7795275590551 61.511811023622045 27.77952755905512 culturel
262.20472440944883 423.7795275590551 30.614173228346456 27.77952755905512 de
277.51181102362204 423.7795275590551 40.818897637795274 27.77952755905512 leur
303.0236220472441 423.7795275590551 45.92125984251968 27.77952755905512 pays,
333.6377952755906 423.7795275590551 76.81889763779527 27.77952755905512 considèrent
395.1496062992126 423.7795275590551 45.92125984251968 27.77952755905512 qu’il
425.76377952755905 423.7795275590551 30.614173228346456 27.77952755905512 ne
435.9685039370079 423.7795275590551 61.511811023622045 27.77952755905512 correspond

97.79527559055119 439.0866141732283 46.488188976377955 20.125984251968504 plus
126.70866141732283 439.0866141732283 40.53543307086614 20.125984251968504 aux
149.95275590551182 439.0866141732283 63.77952755905512 20.125984251968504 besoins
196.15748031496062 439.0866141732283 87.02362204724409 20.125984251968504 esthétiques
259.93700787401576 439.0866141732283 58.110236220472444 20.125984251968504 actuels.

108.0 449.8582677165354 45.07086614173228 27.77952755905512 Parmi
138.04724409448818 449.8582677165354 34.86614173228347 27.77952755905512 les
158.17322834645668 449.8582677165354 59.811023622047244 27.77952755905512 peintres
202.96062992125985 449.8582677165354 74.83464566929133 27.77952755905512 appartenant
263.0551181102362 449.8582677165354 24.944881889763778 27.77952755905512 à
272.9763779527559 449.8582677165354 45.07086614173228 27.77952755905512 cette
303.0236220472441 449.8582677165354 74.83464566929133 27.77952755905512 génération,
362.8346456692913 449.8582677165354 30.04724409448819 27.77952755905512 le
377.8582677165354 449.8582677165354 39.968503937007874 27.77952755905512 plus
402.8031496062992 449.8582677165354 54.99212598425197 27.77952755905512 célèbre
442.7716535433071 449.8582677165354 34.86614173228347 27.77952755905512 est
457.79527559055117 449.8582677165354 39.968503937007874 27.77952755905512 Zainul

97.22834645669292 461.4803149606299 58.110236220472444 26.078740157480315 Abedin,
139.46456692913387 461.4803149606299 42.23622047244095 26.078740157480315 dont
165.82677165354332 461.4803149606299 36.8503937007874 26.078740157480315 une
187.08661417322836 461.4803149606299 47.338582677165356 26.078740157480315 série
218.5511811023622 461.4803149606299 79.08661417322834 26.078740157480315 d’esquisses
281.76377952755905 461.4803149606299 31.748031496062993 26.078740157480315 au
297.6377952755906 461.4803149606299 58.110236220472444 26.078740157480315 pinceau
339.87401574803147 461.4803149606299 63.21259842519685 26.078740157480315 évoquant
387.21259842519686 461.4803149606299 31.748031496062993 26.078740157480315 la
403.0866141732283 461.4803149606299 52.724409448818896 26.078740157480315 famine
439.93700787401576 461.4803149606299 31.748031496062993 26.078740157480315 au
450.70866141732284 461.4803149606299 47.338582677165356 26.078740157480315 Bengale

96.94488188976378 478.7716535433071 57.826771653543304 19.275590551181104 (1943)
137.1968503937008 478.7716535433071 57.826771653543304 19.275590551181104 assura
177.73228346456693 478.7716535433071 69.16535433070867 19.275590551181104 d’emblée
229.60629921259843 478.7716535433071 34.58267716535433 19.275590551181104 la
241.22834645669292 478.7716535433071 63.496062992125985 19.275590551181104 renommée.

106.58267716535433 491.244094488189 76.25196850393701 26.362204724409448 Toutefois,
166.39370078740157 491.244094488189 43.653543307086615 26.362204724409448 même
193.60629921259843 491.244094488189 43.653543307086615 26.362204724409448 dans
220.8188976377953 491.244094488189 37.98425196850393 26.362204724409448 ses
242.64566929133858 491.244094488189 59.811023622047244 26.362204724409448 œuvres,
286.01574803149606 491.244094488189 81.63779527559055 26.362204724409448 l’influence
351.496062992126 491.244094488189 70.86614173228347 26.362204724409448 orientale
405.9212598425197 491.244094488189 32.59842519685039 26.362204724409448 se
422.0787401574803 491.244094488189 54.425196850393704 26.362204724409448 révèle
460.34645669291336 491.244094488189 37.98425196850393 26.362204724409448 par
476.503937007874 491.244094488189 21.826771653543307 26.362204724409448 la

96.94488188976378 504.0 51.30708661417323 18.141732283464567 pureté
132.9448818897638 504.0 30.89763779527559 18.141732283464567 de
148.251968503937 504.0 30.89763779527559 18.141732283464567 la
158.45669291338584 504.0 41.10236220472441 18.141732283464567 ligne.

107.43307086614173 518.1732283464567 29.763779527559056 21.25984251968504 Il
122.1732283464567 518.1732283464567 49.32283464566929 21.25984251968504 existe
156.75590551181102 518.1732283464567 64.34645669291339 21.25984251968504 également
206.07874015748033 518.1732283464567 39.40157480314961 21.25984251968504 dans
230.74015748031496 518.1732283464567 29.763779527559056 21.25984251968504 le
245.76377952755905 518.1732283464567 59.24409448818898 21.25984251968504 Pakistan
290.26771653543307 518.1732283464567 54.425196850393704 21.25984251968504 actuel,
329.6692913385827 518.1732283464567 29.763779527559056 21.25984251968504 un
344.40944881889766 518.1732283464567 59.24409448818898 21.25984251968504 puissant
388.9133858267717 518.1732283464567 54.425196850393704 21.25984251968504 courant
428.59842519685037 518.1732283464567 34.58267716535433 21.25984251968504 non
443.33858267716533 518.1732283464567 54.425196850393704 21.25984251968504 figuratif

96.66141732283465 531.496062992126 37.41732283464567 21.25984251968504 qui
118.20472440944881 531.496062992126 58.960629921259844 21.25984251968504 cherche
161.00787401574803 531.496062992126 26.64566929133858 21.25984251968504 à
171.7795275590551 531.496062992126 74.83464566929133 21.25984251968504 s’exprimer
230.45669291338584 531.496062992126 37.41732283464567 21.25984251968504 par
252.0 531.496062992126 32.031496062992126 21.25984251968504 la
268.15748031496065 531.496062992126 64.34645669291339 21.25984251968504 peinture
316.34645669291336 531.496062992126 74.83464566929133 21.25984251968504 abstraite.
375.0236220472441 531.496062992126 58.960629921259844 21.25984251968504 Zubaida
418.1102362204724 531.496062992126 42.803149606299215 21.25984251968504 Agha
444.755905511811 531.496062992126 32.031496062992126 21.25984251968504 et
455.5275590551181 531.496062992126 42.803149606299215 21.25984251968504 Shakir

96.37795275590551 543.9685039370079 42.51968503937008 23.811023622047244 Ali,
123.02362204724409 543.9685039370079 42.51968503937008 23.811023622047244 sont
149.66929133858267 543.9685039370079 37.41732283464567 23.811023622047244 les
171.21259842519686 543.9685039370079 90.70866141732283 23.811023622047244 représentants
245.76377952755905 543.9685039370079 37.41732283464567 23.811023622047244 les
267.0236220472441 543.9685039370079 47.90551181102362 23.811023622047244 mieux
299.0551181102362 543.9685039370079 53.29133858267716 23.811023622047244 connus
336.4724409448819 543.9685039370079 32.031496062992126 23.811023622047244 de
352.34645669291336 543.9685039370079 47.90551181102362 23.811023622047244 cette
384.37795275590554 543.9685039370079 64.06299212598425 23.811023622047244 nouvelle
427.18110236220474 543.9685039370079 42.51968503937008 23.811023622047244 école.
