515.3385826771654 625.6062992125984
150.23622047244095 125.85826771653544 78.51968503937007 14.456692913385826 Commissaire
212.88188976377953 125.85826771653544 57.54330708661417 14.456692913385826 Général
254.83464566929135 125.85826771653544 26.078740157480315 14.456692913385826 :
265.03937007874015 125.85826771653544 73.13385826771653 14.456692913385826 Charles-F.
317.4803149606299 125.85826771653544 47.05511811023622 14.456692913385826 Comfort

150.23622047244095 135.7795275590551 64.91338582677166 17.858267716535433 Directeur
200.40944881889763 135.7795275590551 30.04724409448819 17.858267716535433 de
215.43307086614172 135.7795275590551 30.04724409448819 17.858267716535433 la
230.45669291338584 135.7795275590551 54.99212598425197 17.858267716535433 Galerie
270.4251968503937 135.7795275590551 64.91338582677166 17.858267716535433 Nationale
320.31496062992125 135.7795275590551 30.04724409448819 17.858267716535433 du
335.33858267716533 135.7795275590551 49.889763779527556 17.858267716535433 Canada
370.48818897637796 135.7795275590551 24.944881889763778 17.858267716535433 à
375.3070866141732 135.7795275590551 45.07086614173228 17.858267716535433 Ottawa.

105.44881889763779 216.56692913385828 89.85826771653544 19.84251968503937 L’après-guerre
180.28346456692913 216.56692913385828 24.944881889763778 19.84251968503937 a
190.20472440944883 216.56692913385828 30.04724409448819 19.84251968503937 vu
205.22834645669292 216.56692913385828 34.86614173228347 19.84251968503937 les
225.35433070866142 216.56692913385828 39.968503937007874 19.84251968503937 arts
250.29921259842519 216.56692913385828 30.04724409448819 19.84251968503937 au
265.03937007874015 216.56692913385828 54.99212598425197 19.84251968503937 Canada,
305.00787401574803 216.56692913385828 30.04724409448819 19.84251968503937 la
320.0314960629921 216.56692913385828 59.811023622047244 19.84251968503937 peinture
364.81889763779526 216.56692913385828 30.04724409448819 19.84251968503937 en
379.84251968503935 216.56692913385828 79.65354330708661 19.84251968503937 particulier,
444.755905511811 216.56692913385828 30.04724409448819 19.84251968503937 se
454.6771653543307 216.56692913385828 34.86614173228347 19.84251968503937 déve-

94.96062992125984 230.45669291338584 48.188976377952756 17.291338582677167 lopper
128.69291338582678 230.45669291338584 28.913385826771652 17.291338582677167 de
143.1496062992126 230.45669291338584 43.37007874015748 17.291338582677167 façon
171.7795275590551 230.45669291338584 91.2755905511811 17.291338582677167 extraordinaire.
248.88188976377953 230.45669291338584 28.913385826771652 17.291338582677167 Il
263.33858267716533 230.45669291338584 24.094488188976378 17.291338582677167 y
272.9763779527559 230.45669291338584 24.094488188976378 17.291338582677167 a
282.61417322834643 230.45669291338584 38.55118110236221 17.291338582677167 plus
306.4251968503937 230.45669291338584 28.913385826771652 17.291338582677167 de
320.88188976377955 230.45669291338584 62.645669291338585 17.291338582677167 peintres,
369.07086614173227 230.45669291338584 28.913385826771652 17.291338582677167 de
383.5275590551181 230.45669291338584 48.188976377952756 17.291338582677167 musées
417.25984251968504 230.45669291338584 28.913385826771652 17.291338582677167 et
431.43307086614175 230.45669291338584 28.913385826771652 17.291338582677167 de
441.07086614173227 230.45669291338584 48.188976377952756 17.291338582677167 galeries

94.11023622047244 247.46456692913387 37.41732283464567 14.456692913385826 que
115.37007874015748 247.46456692913387 53.29133858267716 14.456692913385826 jamais
152.78740157480314 247.46456692913387 32.031496062992126 14.456692913385826 et
168.9448818897638 247.46456692913387 32.031496062992126 14.456692913385826 le
184.8188976377953 247.46456692913387 53.29133858267716 14.456692913385826 nombre
222.23622047244095 247.46456692913387 74.83464566929133 14.456692913385826 d’amateurs
280.9133858267717 247.46456692913387 32.031496062992126 14.456692913385826 et
296.78740157480314 247.46456692913387 32.031496062992126 14.456692913385826 de
312.9448818897638 247.46456692913387 101.48031496062993 14.456692913385826 collectionneurs
398.26771653543307 247.46456692913387 47.90551181102362 14.456692913385826 s’est
430.2992125984252 247.46456692913387 47.90551181102362 14.456692913385826 accru
462.3307086614173 247.46456692913387 26.64566929133858 14.456692913385826 à
467.7165354330709 247.46456692913387 21.25984251968504 14.456692913385826 un

93.8267716535433 258.8031496062992 56.40944881889764 18.4251968503937 rythme
133.51181102362204 258.8031496062992 39.40157480314961 18.4251968503937 que
155.90551181102362 258.8031496062992 73.41732283464567 18.4251968503937 plusieurs
212.5984251968504 258.8031496062992 45.07086614173228 18.4251968503937 pays
240.66141732283464 258.8031496062992 45.07086614173228 18.4251968503937 nous
269.00787401574803 258.8031496062992 67.74803149606299 18.4251968503937 envient.
319.748031496063 258.8031496062992 39.40157480314961 18.4251968503937 Les
342.4251968503937 258.8031496062992 56.40944881889764 18.4251968503937 jeunes
381.8267716535433 258.8031496062992 67.74803149606299 18.4251968503937 peintres
427.18110236220474 258.8031496062992 62.07874015748032 18.4251968503937 canadiens

93.54330708661418 272.6929133858268 90.99212598425197 19.84251968503937 d’aujourd’hui
168.3779527559055 272.6929133858268 64.06299212598425 19.84251968503937 prennent
216.56692913385828 272.6929133858268 42.803149606299215 19.84251968503937 rang
243.21259842519686 272.6929133858268 26.64566929133858 19.84251968503937 à
253.98425196850394 272.6929133858268 42.803149606299215 19.84251968503937 leur
280.62992125984255 272.6929133858268 42.803149606299215 19.84251968503937 tour
307.5590551181102 272.6929133858268 42.803149606299215 19.84251968503937 dans
334.20472440944883 272.6929133858268 32.031496062992126 19.84251968503937 ce
350.3622047244094 272.6929133858268 69.44881889763779 19.84251968503937 renouveau
403.65354330708664 272.6929133858268 69.44881889763779 19.84251968503937 culturel.
451.84251968503935 272.6929133858268 37.41732283464567 19.84251968503937 Leurs

93.25984251968504 287.7165354330709 66.89763779527559 20.125984251968504 activités
144.56692913385828 287.7165354330709 41.10236220472441 20.125984251968504 sont
170.36220472440945 287.7165354330709 77.10236220472441 20.125984251968504 importantes
231.8740157480315 287.7165354330709 56.40944881889764 20.125984251968504 surtout
272.9763779527559 287.7165354330709 25.79527559055118 20.125984251968504 à
283.46456692913387 287.7165354330709 66.89763779527559 20.125984251968504 Montréal,
334.7716535433071 287.7165354330709 56.40944881889764 20.125984251968504 Québec,
375.87401574803147 287.7165354330709 56.40944881889764 20.125984251968504 Toronto
416.9763779527559 287.7165354330709 30.89763779527559 20.125984251968504 et
427.18110236220474 287.7165354330709 61.79527559055118 20.125984251968504 Vancouver,

92.97637795275591 301.03937007874015 31.748031496062993 26.078740157480315 où
108.85039370078741 301.03937007874015 37.13385826771653 26.078740157480315 les
130.11023622047244 301.03937007874015 53.00787401574803 26.078740157480315 écoles
167.24409448818898 301.03937007874015 37.13385826771653 26.078740157480315 des
188.2204724409449 301.03937007874015 79.37007874015748 26.078740157480315 Beaux-Arts,
251.71653543307087 301.03937007874015 63.496062992125985 26.078740157480315 devenues
299.33858267716533 301.03937007874015 42.23622047244095 26.078740157480315 vite
325.7007874015748 301.03937007874015 63.496062992125985 26.078740157480315 exigués,
373.3228346456693 301.03937007874015 53.00787401574803 26.078740157480315 furent
410.45669291338584 301.03937007874015 26.362204724409448 26.078740157480315 à
420.9448818897638 301.03937007874015 68.88188976377953 26.078740157480315 l’origine
468.56692913385825 301.03937007874015 21.25984251968504 26.078740157480315 en

92.40944881889764 318.61417322834643 60.661417322834644 17.007874015748033 grande
134.9291338582677 318.61417322834643 60.661417322834644 17.007874015748033 partie
177.4488188976378 318.61417322834643 97.22834645669292 17.007874015748033 responsables
256.251968503937 318.61417322834643 36.56692913385827 17.007874015748033 de
274.6771653543307 318.61417322834643 36.56692913385827 17.007874015748033 ce
286.86614173228344 318.61417322834643 72.85039370078741 17.007874015748033 mouvement.

103.18110236220473 330.5196850393701 39.68503937007874 16.440944881889763 Pour
127.84251968503936 330.5196850393701 29.763779527559056 16.440944881889763 la
142.58267716535434 330.5196850393701 44.503937007874015 16.440944881889763 jeune
172.3464566929134 330.5196850393701 69.44881889763779 16.440944881889763 génération
226.77165354330708 330.5196850393701 34.58267716535433 16.440944881889763 des
246.61417322834646 330.5196850393701 59.52755905511811 16.440944881889763 artistes
291.11811023622045 330.5196850393701 69.44881889763779 16.440944881889763 canadiens,
345.54330708661416 330.5196850393701 29.763779527559056 16.440944881889763 la
360.56692913385825 330.5196850393701 59.52755905511811 16.440944881889763 peinture
405.07086614173227 330.5196850393701 44.503937007874015 16.440944881889763 n’est
434.8346456692913 330.5196850393701 34.58267716535433 16.440944881889763 pas
449.5748031496063 330.5196850393701 39.68503937007874 16.440944881889763 régio-

92.97637795275591 344.40944881889766 41.669291338582674 17.291338582677167 nale
119.05511811023622 344.40944881889766 31.46456692913386 17.291338582677167 ou
134.64566929133858 344.40944881889766 41.669291338582674 17.291338582677167 même
160.7244094488189 344.40944881889766 73.13385826771653 17.291338582677167 nationale,
218.26771653543307 344.40944881889766 41.669291338582674 17.291338582677167 elle
244.3464566929134 344.40944881889766 36.56692913385827 17.291338582677167 est
265.3228346456693 344.40944881889766 52.15748031496063 17.291338582677167 plutôt
301.8897637795276 344.40944881889766 31.46456692913386 17.291338582677167 un
317.4803149606299 344.40944881889766 47.05511811023622 17.291338582677167 moyen
348.66141732283467 344.40944881889766 31.46456692913386 17.291338582677167 de
364.53543307086613 344.40944881889766 47.05511811023622 17.291338582677167 créer
395.7165354330709 344.40944881889766 36.56692913385827 17.291338582677167 une
416.6929133858268 344.40944881889766 47.05511811023622 17.291338582677167 œuvre
442.7716535433071 344.40944881889766 47.05511811023622 17.291338582677167 person-

92.1259842519685 360.56692913385825 53.574803149606296 19.275590551181104 nelle.
129.82677165354332 360.56692913385825 42.803149606299215 19.275590551181104 Même
156.4724409448819 360.56692913385825 32.31496062992126 19.275590551181104 si
172.62992125984252 360.56692913385825 32.31496062992126 19.275590551181104 au
188.78740157480314 360.56692913385825 48.188976377952756 19.275590551181104 début
220.8188976377953 360.56692913385825 69.73228346456693 19.275590551181104 plusieurs
274.6771653543307 360.56692913385825 58.960629921259844 19.275590551181104 d’entre
317.4803149606299 360.56692913385825 37.7007874015748 19.275590551181104 eux
339.0236220472441 360.56692913385825 32.31496062992126 19.275590551181104 se
355.18110236220474 360.56692913385825 69.73228346456693 19.275590551181104 réclament
408.755905511811 360.56692913385825 32.31496062992126 19.275590551181104 de
419.5275590551181 360.56692913385825 69.73228346456693 19.275590551181104 différentes

92.40944881889764 372.755905511811 56.69291338582677 21.25984251968504 écoles,
133.79527559055117 372.755905511811 36.28346456692913 21.25984251968504 ils
154.20472440944883 372.755905511811 41.38582677165354 21.25984251968504 s’en
180.28346456692913 372.755905511811 62.07874015748032 21.25984251968504 dégagent
226.77165354330708 372.755905511811 36.28346456692913 21.25984251968504 tôt
247.1811023622047 372.755905511811 30.89763779527559 21.25984251968504 ou
262.7716535433071 372.755905511811 41.38582677165354 21.25984251968504 tard
288.56692913385825 372.755905511811 41.38582677165354 21.25984251968504 pour
314.3622047244094 372.755905511811 77.38582677165354 21.25984251968504 approfondir
376.4409448818898 372.755905511811 30.89763779527559 21.25984251968504 un
392.0314960629921 372.755905511811 46.488188976377955 21.25984251968504 style
422.92913385826773 372.755905511811 36.28346456692913 21.25984251968504 qui
443.62204724409446 372.755905511811 41.38582677165354 21.25984251968504 leur
464.31496062992125 372.755905511811 25.79527559055118 21.25984251968504 est

85.88976377952756 388.34645669291336 49.889763779527556 15.023622047244094 propre.

102.33070866141732 402.5196850393701 30.89763779527559 23.811023622047244 Il
117.63779527559055 402.5196850393701 36.28346456692913 23.811023622047244 est
138.33070866141733 402.5196850393701 36.28346456692913 23.811023622047244 par
159.0236220472441 402.5196850393701 72.28346456692914 23.811023622047244 conséquent
216.0 402.5196850393701 51.59055118110236 23.811023622047244 normal
252.0 402.5196850393701 51.59055118110236 23.811023622047244 qu’une
288.2834645669291 402.5196850393701 46.488188976377955 23.811023622047244 telle
319.18110236220474 402.5196850393701 67.18110236220473 23.811023622047244 diversité
371.0551181102362 402.5196850393701 30.89763779527559 23.811023622047244 de
386.3622047244094 402.5196850393701 51.59055118110236 23.811023622047244 points
422.6456692913386 402.5196850393701 30.89763779527559 23.811023622047244 de
438.23622047244095 402.5196850393701 41.38582677165354 23.811023622047244 vue,
458.92913385826773 402.5196850393701 30.89763779527559 23.811023622047244 dans

92.1259842519685 417.25984251968504 29.480314960629922 22.677165354330707 un
106.86614173228347 417.25984251968504 39.40157480314961 22.677165354330707 pays
131.24409448818898 417.25984251968504 29.480314960629922 22.677165354330707 où
145.98425196850394 417.25984251968504 34.2992125984252 22.677165354330707 les
165.82677165354332 417.25984251968504 54.14173228346457 22.677165354330707 centres
204.9448818897638 417.25984251968504 44.22047244094488 22.677165354330707 d’art
234.4251968503937 417.25984251968504 39.40157480314961 22.677165354330707 sont
259.0866141732283 417.25984251968504 39.40157480314961 22.677165354330707 fort
283.46456692913387 417.25984251968504 58.960629921259844 22.677165354330707 éloignés
327.68503937007875 417.25984251968504 34.2992125984252 22.677165354330707 les
347.5275590551181 417.25984251968504 34.2992125984252 22.677165354330707 uns
367.0866141732283 417.25984251968504 34.2992125984252 22.677165354330707 des
386.6456692913386 417.25984251968504 54.14173228346457 22.677165354330707 autres,
426.0472440944882 417.25984251968504 44.22047244094488 22.677165354330707 rende
450.4251968503937 417.25984251968504 39.40157480314961 22.677165354330707 impos-

91.2755905511811 430.01574803149606 47.90551181102362 17.5748031496063 sible
123.30708661417323 430.01574803149606 37.13385826771653 17.5748031496063 une
144.56692913385828 430.01574803149606 74.26771653543307 17.5748031496063 uniformité
202.96062992125985 430.01574803149606 31.748031496062993 17.5748031496063 de
213.4488188976378 430.01574803149606 42.51968503937008 17.5748031496063 style.

101.76377952755905 443.62204724409446 30.330708661417322 24.37795275590551 La
117.07086614173228 443.62204724409446 65.48031496062993 24.37795275590551 diversité
167.24409448818898 443.62204724409446 35.43307086614173 24.37795275590551 est
187.6535433070866 443.62204724409446 40.25196850393701 24.37795275590551 donc
212.88188976377953 443.62204724409446 30.330708661417322 24.37795275590551 la
227.90551181102362 443.62204724409446 40.25196850393701 24.37795275590551 note
253.13385826771653 443.62204724409446 65.48031496062993 24.37795275590551 dominante
303.59055118110234 443.62204724409446 35.43307086614173 24.37795275590551 des
323.7165354330709 443.62204724409446 65.48031496062993 24.37795275590551 peintures
374.1732283464567 443.62204724409446 40.25196850393701 24.37795275590551 qu’a
399.40157480314963 443.62204724409446 65.48031496062993 24.37795275590551 choisies,
449.8582677165354 443.62204724409446 40.25196850393701 24.37795275590551 pour
469.98425196850394 443.62204724409446 20.125984251968504 24.37795275590551 la

91.2755905511811 457.79527559055117 62.92913385826772 20.976377952755904 Biennale
138.61417322834646 457.79527559055117 31.46456692913386 20.976377952755904 de
154.48818897637796 457.79527559055117 52.44094488188976 20.976377952755904 Paris,
191.0551181102362 457.79527559055117 31.46456692913386 20.976377952755904 la
206.9291338582677 457.79527559055117 57.826771653543304 20.976377952755904 Galerie
248.88188976377953 457.79527559055117 68.31496062992126 20.976377952755904 Nationale
301.3228346456693 457.79527559055117 31.46456692913386 20.976377952755904 du
316.9133858267717 457.79527559055117 52.44094488188976 20.976377952755904 Canada
353.76377952755905 457.79527559055117 31.46456692913386 20.976377952755904 et
369.3543307086614 457.79527559055117 36.8503937007874 20.976377952755904 qui
390.3307086614173 457.79527559055117 73.41732283464567 20.976377952755904 représente
442.7716535433071 457.79527559055117 47.338582677165356 20.976377952755904 l’œuvre

90.99212598425197 473.9527559055118 32.31496062992126 29.19685039370079 de
107.14960629921259 473.9527559055118 86.1732283464567 29.19685039370079 quelques-uns
177.16535433070865 473.9527559055118 37.7007874015748 29.19685039370079 des
198.70866141732284 473.9527559055118 64.62992125984252 29.19685039370079 artistes
247.1811023622047 473.9527559055118 37.7007874015748 29.19685039370079 les
268.7244094488189 473.9527559055118 43.08661417322835 29.19685039370079 plus
295.65354330708664 473.9527559055118 80.78740157480316 29.19685039370079 prometteurs
360.2834645669291 473.9527559055118 37.7007874015748 29.19685039370079 des
381.8267716535433 473.9527559055118 80.78740157480316 29.19685039370079 différentes
441.07086614173227 473.9527559055118 48.47244094488189 29.19685039370079 régions

85.03937007874016 486.4251968503937 79.37007874015748 18.708661417322833 canadiennes.

409.6062992125984 553.3228346456693 51.30708661417323 18.141732283464567 J.-R.
438.23622047244095 553.3228346456693 51.30708661417323 18.141732283464567 Harper.
