483.0236220472441 628.7244094488188
202.6771653543307 7.3700787401574805 44.22047244094488 20.409448818897637 BOURSES
237.25984251968504 7.3700787401574805 18.992125984251967 20.409448818897637 ET
243.49606299212599 7.3700787401574805 50.45669291338583 20.409448818897637 RÉCOMPENSE

41.669291338582674 115.37007874015748 41.38582677165354 17.858267716535433 Pour
67.46456692913385 115.37007874015748 51.874015748031496 17.858267716535433 chaque
103.74803149606299 115.37007874015748 62.36220472440945 17.858267716535433 section,
150.51968503937007 115.37007874015748 31.181102362204726 17.858267716535433 un
166.11023622047244 115.37007874015748 41.38582677165354 17.858267716535433 jury
191.90551181102362 115.37007874015748 93.25984251968504 17.858267716535433 international,
269.8582677165354 115.37007874015748 56.976377952755904 17.858267716535433 composé
311.244094488189 115.37007874015748 31.181102362204726 17.858267716535433 de
326.8346456692913 115.37007874015748 88.15748031496064 17.858267716535433 personnalités
394.2992125984252 115.37007874015748 46.77165354330709 17.858267716535433 nommées

32.881889763779526 125.00787401574803 31.748031496062993 18.992125984251967 par
51.023622047244096 125.00787401574803 27.212598425196852 18.992125984251967 le
64.62992125984252 125.00787401574803 49.889763779527556 18.992125984251967 Conseil
100.91338582677166 125.00787401574803 95.24409448818898 18.992125984251967 d’Administration,
182.5511811023622 125.00787401574803 27.212598425196852 18.992125984251967 se
196.15748031496062 125.00787401574803 49.889763779527556 18.992125984251967 réunira
232.44094488188978 125.00787401574803 49.889763779527556 18.992125984251967 pendant
269.00787401574803 125.00787401574803 27.212598425196852 18.992125984251967 la
282.61417322834643 125.00787401574803 54.425196850393704 18.992125984251967 Biennale
323.43307086614175 125.00787401574803 27.212598425196852 18.992125984251967 et
337.03937007874015 125.00787401574803 63.496062992125985 18.992125984251967 attribuera
386.92913385826773 125.00787401574803 31.748031496062993 18.992125984251967 des
400.53543307086613 125.00787401574803 40.818897637795274 18.992125984251967 bourses

32.59842519685039 134.64566929133858 30.04724409448819 17.291338582677167 et
47.62204724409449 134.64566929133858 74.83464566929133 17.291338582677167 récompenses
107.43307086614173 134.64566929133858 64.91338582677166 17.291338582677167 destinées
157.3228346456693 134.64566929133858 34.86614173228347 17.291338582677167 aux
177.4488188976378 134.64566929133858 59.811023622047244 17.291338582677167 artistes
222.23622047244095 134.64566929133858 64.91338582677166 17.291338582677167 étrangers
272.12598425196853 134.64566929133858 30.04724409448819 17.291338582677167 et
287.1496062992126 134.64566929133858 64.91338582677166 17.291338582677167 français.
337.03937007874015 134.64566929133858 30.04724409448819 17.291338582677167 Ce
351.7795275590551 134.64566929133858 39.968503937007874 17.291338582677167 jury
376.7244094488189 134.64566929133858 39.968503937007874 17.291338582677167 sera
396.8503937007874 134.64566929133858 44.78740157480315 17.291338582677167 composé

32.59842519685039 146.26771653543307 40.818897637795274 15.590551181102363 d’au
58.110236220472444 146.26771653543307 45.92125984251968 15.590551181102363 moins
88.7244094488189 146.26771653543307 40.818897637795274 15.590551181102363 deux
114.23622047244095 146.26771653543307 45.92125984251968 15.590551181102363 tiers
145.13385826771653 146.26771653543307 30.614173228346456 15.590551181102363 de
160.44094488188978 146.26771653543307 56.125984251968504 15.590551181102363 membres
201.25984251968504 146.26771653543307 71.43307086614173 15.590551181102363 étrangers.
257.38582677165357 146.26771653543307 35.71653543307087 15.590551181102363 Les
277.79527559055117 146.26771653543307 81.63779527559055 15.590551181102363 commissaires
344.40944881889766 146.26771653543307 61.22834645669291 15.590551181102363 généraux
390.3307086614173 146.26771653543307 30.614173228346456 15.590551181102363 de
400.53543307086613 146.26771653543307 40.818897637795274 15.590551181102363 chaque

32.59842519685039 157.88976377952756 41.95275590551181 15.023622047244094 pays
58.67716535433071 157.88976377952756 31.46456692913386 15.023622047244094 ne
74.26771653543307 157.88976377952756 62.92913385826772 15.023622047244094 pourront
121.60629921259843 157.88976377952756 47.05511811023622 15.023622047244094 faire
152.78740157480314 157.88976377952756 52.44094488188976 15.023622047244094 partie
189.63779527559055 157.88976377952756 31.46456692913386 15.023622047244094 du
200.1259842519685 157.88976377952756 36.56692913385827 15.023622047244094 jury.

42.51968503937008 166.11023622047244 35.71653543307087 18.708661417322833 Les
62.92913385826772 166.11023622047244 56.40944881889764 18.708661417322833 bourses
104.03149606299213 166.11023622047244 66.61417322834646 18.708661417322833 destinées
155.0551181102362 166.11023622047244 35.71653543307087 18.708661417322833 aux
175.748031496063 166.11023622047244 66.61417322834646 18.708661417322833 étrangers
226.77165354330708 166.11023622047244 51.30708661417323 18.708661417322833 seront
262.7716535433071 166.11023622047244 71.71653543307086 18.708661417322833 attribuées
318.8976377952756 166.11023622047244 41.10236220472441 18.708661417322833 sans
344.6929133858268 166.11023622047244 46.20472440944882 18.708661417322833 tenir
375.3070866141732 166.11023622047244 51.30708661417323 18.708661417322833 compte
406.20472440944883 166.11023622047244 35.71653543307087 18.708661417322833 d’une

33.732283464566926 176.31496062992127 68.88188976377953 17.5748031496063 répartition
88.7244094488189 176.31496062992127 32.031496062992126 17.5748031496063 par
107.14960629921259 176.31496062992127 73.41732283464567 17.5748031496063 nationalité;
166.6771653543307 176.31496062992127 27.496062992125985 17.5748031496063 il
180.56692913385828 176.31496062992127 32.031496062992126 17.5748031496063 n’y
198.70866141732284 176.31496062992127 36.56692913385827 17.5748031496063 aura
221.66929133858267 176.31496062992127 32.031496062992126 17.5748031496063 nul
240.09448818897638 176.31496062992127 73.41732283464567 17.5748031496063 inconvénient
299.62204724409446 176.31496062992127 22.96062992125984 17.5748031496063 à
308.9763779527559 176.31496062992127 27.496062992125985 17.5748031496063 ce
322.5826771653543 176.31496062992127 45.92125984251968 17.5748031496063 qu’une
354.8976377952756 176.31496062992127 36.56692913385827 17.5748031496063 même
373.03937007874015 176.31496062992127 68.88188976377953 17.5748031496063 participation

32.881889763779526 190.48818897637796 67.18110236220473 13.606299212598426 étrangère
84.4724409448819 190.48818897637796 51.59055118110236 13.606299212598426 compte
120.4724409448819 190.48818897637796 67.18110236220473 13.606299212598426 plusieurs
166.96062992125985 190.48818897637796 56.69291338582677 13.606299212598426 lauréats.

43.653543307086615 195.59055118110237 32.59842519685039 21.25984251968504 Les
62.07874015748032 195.59055118110237 55.84251968503937 21.25984251968504 artistes
104.03149606299213 195.59055118110237 41.669291338582674 21.25984251968504 ayant
131.81102362204723 195.59055118110237 51.023622047244096 21.25984251968504 obtenu,
168.9448818897638 195.59055118110237 37.13385826771653 21.25984251968504 hors
192.18897637795277 195.59055118110237 27.77952755905512 21.25984251968504 de
206.07874015748033 195.59055118110237 27.77952755905512 21.25984251968504 la
219.96850393700788 195.59055118110237 60.37795275590551 21.25984251968504 Biennale,
266.45669291338584 195.59055118110237 32.59842519685039 21.25984251968504 des
284.88188976377955 195.59055118110237 74.26771653543307 21.25984251968504 distinctions
345.25984251968504 195.59055118110237 64.91338582677166 21.25984251968504 nationales
396.2834645669291 195.59055118110237 27.77952755905512 21.25984251968504 ou
405.6377952755906 195.59055118110237 37.13385826771653 21.25984251968504 inter-

34.01574803149607 206.9291338582677 65.76377952755905 18.141732283464567 nationales
85.88976377952756 206.9291338582677 28.346456692913385 18.141732283464567 ne
100.06299212598425 206.9291338582677 47.05511811023622 18.141732283464567 seront
132.9448818897638 206.9291338582677 32.881889763779526 18.141732283464567 pas
151.6535433070866 206.9291338582677 47.05511811023622 18.141732283464567 exclus
184.53543307086613 206.9291338582677 28.346456692913385 18.141732283464567 de
198.70866141732284 206.9291338582677 28.346456692913385 18.141732283464567 la
212.88188976377953 206.9291338582677 75.11811023622047 18.141732283464567 compétition.
274.1102362204724 206.9291338582677 65.76377952755905 18.141732283464567 Cependant,
325.7007874015748 206.9291338582677 32.881889763779526 18.141732283464567 les
344.6929133858268 206.9291338582677 56.40944881889764 18.141732283464567 artistes
386.92913385826773 206.9291338582677 42.23622047244095 18.141732283464567 ayant
410.45669291338584 206.9291338582677 32.881889763779526 18.141732283464567 béné-

32.881889763779526 218.83464566929135 45.63779527559055 16.724409448818896 ficié
63.21259842519685 218.83464566929135 30.330708661417322 16.724409448818896 de
78.51968503937007 218.83464566929135 55.84251968503937 16.724409448818896 bourses
119.05511811023622 218.83464566929135 30.330708661417322 16.724409448818896 ou
134.36220472440945 218.83464566929135 30.330708661417322 16.724409448818896 de
149.38582677165354 218.83464566929135 75.96850393700787 16.724409448818896 récompenses
210.33070866141733 218.83464566929135 25.228346456692915 16.724409448818896 à
220.53543307086613 218.83464566929135 30.330708661417322 16.724409448818896 la
235.55905511811022 218.83464566929135 70.86614173228347 16.724409448818896 précédente
291.40157480314963 218.83464566929135 60.94488188976378 16.724409448818896 Biennale
337.03937007874015 218.83464566929135 30.330708661417322 16.724409448818896 de
352.06299212598424 218.83464566929135 45.63779527559055 16.724409448818896 Paris
382.6771653543307 218.83464566929135 30.330708661417322 16.724409448818896 ne
392.59842519685037 218.83464566929135 50.74015748031496 16.724409448818896 pourront

33.732283464566926 227.6220472440945 53.574803149606296 15.874015748031496 obtenir
72.56692913385827 227.6220472440945 34.01574803149607 15.874015748031496 une
92.1259842519685 227.6220472440945 48.75590551181102 15.874015748031496 bourse
126.14173228346456 227.6220472440945 29.19685039370079 15.874015748031496 ou
140.88188976377953 227.6220472440945 68.31496062992126 15.874015748031496 récompense
194.45669291338584 227.6220472440945 39.118110236220474 15.874015748031496 dans
218.83464566929135 227.6220472440945 29.19685039370079 15.874015748031496 la
233.5748031496063 227.6220472440945 39.118110236220474 15.874015748031496 même
257.9527559055118 227.6220472440945 68.31496062992126 15.874015748031496 technique.
311.5275590551181 227.6220472440945 34.01574803149607 15.874015748031496 Les
331.0866141732283 227.6220472440945 53.574803149606296 15.874015748031496 bourses
369.9212598425197 227.6220472440945 39.118110236220474 15.874015748031496 sont
389.4803149606299 227.6220472440945 53.574803149606296 15.874015748031496 accordées

34.01574803149607 237.25984251968504 33.732283464566926 16.724409448818896 aux
53.29133858267716 237.25984251968504 57.826771653543304 16.724409448818896 lauréats
96.66141732283465 237.25984251968504 62.645669291338585 16.724409448818896 étrangers
144.56692913385828 237.25984251968504 38.55118110236221 16.724409448818896 pour
168.66141732283464 237.25984251968504 38.55118110236221 16.724409448818896 leur
192.75590551181102 237.25984251968504 62.645669291338585 16.724409448818896 permettre
240.9448818897638 237.25984251968504 28.913385826771652 16.724409448818896 de
255.4015748031496 237.25984251968504 43.37007874015748 16.724409448818896 faire
284.31496062992125 237.25984251968504 28.913385826771652 16.724409448818896 en
298.7716535433071 237.25984251968504 48.188976377952756 16.724409448818896 France
332.503937007874 237.25984251968504 28.913385826771652 16.724409448818896 un
346.6771653543307 237.25984251968504 48.188976377952756 16.724409448818896 séjour
380.40944881889766 237.25984251968504 28.913385826771652 16.724409448818896 de
390.0472440944882 237.25984251968504 53.00787401574803 16.724409448818896 plusieurs

34.58267716535433 246.61417322834646 43.37007874015748 17.858267716535433 mois.
63.496062992125985 246.61417322834646 28.913385826771652 17.858267716535433 Ce
77.95275590551181 246.61417322834646 48.188976377952756 17.858267716535433 séjour
111.68503937007874 246.61417322834646 48.188976377952756 17.858267716535433 pourra
145.41732283464566 246.61417322834646 38.55118110236221 17.858267716535433 être
169.51181102362204 246.61417322834646 57.826771653543304 17.858267716535433 effectué
212.88188976377953 246.61417322834646 28.913385826771652 17.858267716535433 en
227.33858267716536 246.61417322834646 33.732283464566926 17.858267716535433 une
246.33070866141733 246.61417322834646 28.913385826771652 17.858267716535433 ou
260.78740157480314 246.61417322834646 62.645669291338585 17.858267716535433 plusieurs
308.9763779527559 246.61417322834646 43.37007874015748 17.858267716535433 fois.
337.8897637795276 246.61417322834646 33.732283464566926 17.858267716535433 Les
357.1653543307087 246.61417322834646 53.00787401574803 17.858267716535433 bourses
390.8976377952756 246.61417322834646 53.00787401574803 17.858267716535433 resteront

34.2992125984252 256.251968503937 56.976377952755904 16.440944881889763 valables
77.10236220472441 256.251968503937 52.44094488188976 16.440944881889763 jusqu’à
115.37007874015748 256.251968503937 85.60629921259843 16.440944881889763 l’inauguration
186.51968503937007 256.251968503937 28.62992125984252 16.440944881889763 de
200.9763779527559 256.251968503937 28.62992125984252 16.440944881889763 la
215.1496062992126 256.251968503937 56.976377952755904 16.440944881889763 Biennale
257.9527559055118 256.251968503937 61.79527559055118 16.440944881889763 suivante.
305.5748031496063 256.251968503937 42.803149606299215 16.440944881889763 Etant
334.20472440944883 256.251968503937 52.44094488188976 16.440944881889763 versées
367.37007874015745 256.251968503937 76.25196850393701 16.440944881889763 mensuellement,

34.58267716535433 265.6062992125984 41.38582677165354 16.440944881889763 elles
62.07874015748032 265.6062992125984 55.275590551181104 16.440944881889763 seraient
103.74803149606299 265.6062992125984 55.275590551181104 16.440944881889763 réduites
145.13385826771653 265.6062992125984 106.01574803149606 16.440944881889763 proportionnellement
237.25984251968504 265.6062992125984 22.96062992125984 16.440944881889763 à
246.61417322834646 265.6062992125984 27.77952755905512 16.440944881889763 la
260.503937007874 265.6062992125984 41.38582677165354 16.440944881889763 durée
288.0 265.6062992125984 27.77952755905512 16.440944881889763 du
301.8897637795276 265.6062992125984 46.20472440944882 16.440944881889763 séjour
334.20472440944883 265.6062992125984 27.77952755905512 16.440944881889763 si
348.09448818897636 265.6062992125984 59.811023622047244 16.440944881889763 l’artiste
394.01574803149606 265.6062992125984 27.77952755905512 16.440944881889763 ne
403.37007874015745 265.6062992125984 41.38582677165354 16.440944881889763 pouvait

34.58267716535433 278.0787401574803 29.480314960629922 17.5748031496063 ou
49.32283464566929 278.0787401574803 29.480314960629922 17.5748031496063 ne
63.77952755905512 278.0787401574803 53.85826771653543 17.5748031496063 voulait
102.89763779527559 278.0787401574803 58.67716535433071 17.5748031496063 profiter
147.11811023622047 278.0787401574803 83.05511811023622 17.5748031496063 intégralement
215.43307086614172 278.0787401574803 29.480314960629922 17.5748031496063 de
230.17322834645668 278.0787401574803 29.480314960629922 17.5748031496063 la
244.91338582677164 278.0787401574803 43.93700787401575 17.5748031496063 durée
269.29133858267716 278.0787401574803 43.93700787401575 17.5748031496063 prévue.

44.22047244094488 284.88188976377955 42.23622047244095 21.826771653543307 Après
72.56692913385827 284.88188976377955 42.23622047244095 21.826771653543307 avoir
100.91338582677166 284.88188976377955 32.881889763779526 21.826771653543307 été
119.62204724409449 284.88188976377955 61.22834645669291 21.826771653543307 acceptées
166.6771653543307 284.88188976377955 32.881889763779526 21.826771653543307 par
185.66929133858267 284.88188976377955 28.346456692913385 21.826771653543307 la
199.55905511811022 284.88188976377955 61.22834645669291 21.826771653543307 Biennale,
246.89763779527559 284.88188976377955 28.346456692913385 21.826771653543307 un
260.78740157480314 284.88188976377955 51.874015748031496 21.826771653543307 certain
298.48818897637796 284.88188976377955 47.05511811023622 21.826771653543307 nombre
331.37007874015745 284.88188976377955 28.346456692913385 21.826771653543307 de
345.54330708661416 284.88188976377955 51.874015748031496 21.826771653543307 bourses
383.244094488189 284.88188976377955 28.346456692913385 21.826771653543307 ou
397.4173228346457 284.88188976377955 28.346456692913385 21.826771653543307 de
406.7716535433071 284.88188976377955 37.7007874015748 21.826771653543307 récom-

35.1496062992126 297.6377952755906 47.62204724409449 18.992125984251967 penses
68.5984251968504 297.6377952755906 57.25984251968504 18.992125984251967 offertes
111.4015748031496 297.6377952755906 33.44881889763779 18.992125984251967 par
130.39370078740157 297.6377952755906 33.44881889763779 18.992125984251967 des
149.38582677165354 297.6377952755906 66.61417322834646 18.992125984251967 organismes
201.82677165354332 297.6377952755906 61.79527559055118 18.992125984251967 officiels
249.4488188976378 297.6377952755906 28.62992125984252 18.992125984251967 ou
263.90551181102364 297.6377952755906 47.62204724409449 18.992125984251967 privés
297.07086614173227 297.6377952755906 57.25984251968504 18.992125984251967 pourront
339.87401574803147 297.6377952755906 37.98425196850393 18.992125984251967 être
363.68503937007875 297.6377952755906 61.79527559055118 18.992125984251967 décernées
411.3070866141732 297.6377952755906 33.44881889763779 18.992125984251967 par
425.76377952755905 297.6377952755906 18.992125984251967 18.992125984251967 le

35.43307086614173 310.1102362204724 40.818897637795274 21.543307086614174 même
60.94488188976378 310.1102362204724 40.818897637795274 21.543307086614174 jury
81.35433070866142 310.1102362204724 81.35433070866142 21.543307086614174 international.

45.07086614173228 316.9133858267717 33.732283464566926 20.409448818897637 Les
64.34645669291339 316.9133858267717 62.645669291338585 20.409448818897637 décisions
112.53543307086615 316.9133858267717 33.732283464566926 20.409448818897637 des
131.81102362204723 316.9133858267717 43.37007874015748 20.409448818897637 jurys
160.44094488188978 316.9133858267717 86.74015748031496 20.409448818897637 internationaux
232.7244094488189 316.9133858267717 38.55118110236221 20.409448818897637 sont
256.81889763779526 316.9133858267717 38.55118110236221 20.409448818897637 sans
280.9133858267717 316.9133858267717 57.826771653543304 20.409448818897637 recours.
324.2834645669291 316.9133858267717 33.732283464566926 20.409448818897637 Les
343.5590551181102 316.9133858267717 43.37007874015748 20.409448818897637 jurys
372.18897637795277 316.9133858267717 33.732283464566926 20.409448818897637 ont
391.46456692913387 316.9133858267717 28.913385826771652 20.409448818897637 la
401.1023622047244 316.9133858267717 43.37007874015748 20.409448818897637 faculté

35.1496062992126 329.1023622047244 28.62992125984252 17.007874015748033 de
49.60629921259842 329.1023622047244 66.89763779527559 17.007874015748033 s’abstenir
102.04724409448819 329.1023622047244 28.62992125984252 17.007874015748033 de
116.22047244094489 329.1023622047244 66.89763779527559 17.007874015748033 distribuer
168.66141732283464 329.1023622047244 33.44881889763779 17.007874015748033 les
187.93700787401573 329.1023622047244 71.43307086614173 17.007874015748033 récompenses
244.91338582677164 329.1023622047244 52.44094488188976 17.007874015748033 prêvues
283.18110236220474 329.1023622047244 33.44881889763779 17.007874015748033 et,
302.1732283464567 329.1023622047244 38.267716535433074 17.007874015748033 dans
325.98425196850394 329.1023622047244 28.62992125984252 17.007874015748033 ce
340.4409448818898 329.1023622047244 38.267716535433074 17.007874015748033 cas,
364.251968503937 329.1023622047244 52.44094488188976 17.007874015748033 peuvent
397.7007874015748 329.1023622047244 47.62204724409449 17.007874015748033 proposer

35.1496062992126 339.87401574803147 34.86614173228347 17.5748031496063 que
55.275590551181104 339.87401574803147 34.86614173228347 17.5748031496063 les
75.11811023622047 339.87401574803147 49.889763779527556 17.5748031496063 sommes
110.26771653543307 339.87401574803147 54.99212598425197 17.5748031496063 rendues
150.23622047244095 339.87401574803147 45.07086614173228 17.5748031496063 ainsi
180.0 339.87401574803147 74.83464566929133 17.5748031496063 disponibles
240.09448818897638 339.87401574803147 49.889763779527556 17.5748031496063 soient
274.96062992125985 339.87401574803147 64.91338582677166 17.5748031496063 utilisées
324.8503937007874 339.87401574803147 39.968503937007874 17.5748031496063 sous
349.79527559055117 339.87401574803147 34.86614173228347 17.5748031496063 une
369.9212598425197 339.87401574803147 45.07086614173228 17.5748031496063 autre
399.68503937007875 339.87401574803147 45.07086614173228 17.5748031496063 forme
424.9133858267717 339.87401574803147 19.84251968503937 17.5748031496063 au

35.71653543307087 352.06299212598424 51.874015748031496 19.559055118110237 profit
72.0 352.06299212598424 41.38582677165354 19.559055118110237 d’un
97.79527559055119 352.06299212598424 31.181102362204726 19.559055118110237 ou
113.38582677165354 352.06299212598424 67.46456692913385 19.559055118110237 plusieurs
165.25984251968504 352.06299212598424 62.36220472440945 19.559055118110237 artistes
206.64566929133858 352.06299212598424 62.36220472440945 19.559055118110237 exposants.

198.99212598425197 375.3070866141732 40.25196850393701 19.559055118110237 Arts
224.50393700787401 375.3070866141732 58.39370078740158 19.559055118110237 plastiques

36.0 390.3307086614173 28.346456692913385 23.244094488188978 1°
50.173228346456696 390.3307086614173 51.874015748031496 23.244094488188978 Bourses
87.8740157480315 390.3307086614173 61.22834645669291 23.244094488188978 réservées
135.21259842519686 390.3307086614173 32.881889763779526 23.244094488188978 aux
153.92125984251967 390.3307086614173 56.69291338582677 23.244094488188978 artistes
196.44094488188978 390.3307086614173 56.69291338582677 23.244094488188978 exposant
238.96062992125985 390.3307086614173 37.7007874015748 23.244094488188978 dans
262.48818897637796 390.3307086614173 32.881889763779526 23.244094488188978 les
281.4803149606299 390.3307086614173 85.03937007874016 23.244094488188978 participations
347.5275590551181 390.3307086614173 61.22834645669291 23.244094488188978 étrangères.

106.58267716535433 408.4724409448819 80.78740157480316 13.88976377952756 Peinture:
168.66141732283464 408.4724409448819 30.89763779527559 13.88976377952756 6
174.89763779527559 408.4724409448819 55.84251968503937 13.88976377952756 bourses

107.43307086614173 416.9763779527559 74.83464566929133 13.88976377952756 Sculpture:
166.39370078740157 416.9763779527559 26.64566929133858 13.88976377952756 2
171.49606299212599 416.9763779527559 48.188976377952756 13.88976377952756 bourses

107.43307086614173 428.88188976377955 71.43307086614173 13.32283464566929 Gravure:
161.00787401574803 428.88188976377955 29.763779527559056 13.32283464566929 1
166.96062992125985 428.88188976377955 47.62204724409449 13.32283464566929 bourse

108.28346456692914 433.7007874015748 52.724409448818896 18.4251968503937 Dessin
145.13385826771653 433.7007874015748 31.46456692913386 18.4251968503937 ou
161.00787401574803 433.7007874015748 73.7007874015748 18.4251968503937 Aquarelle:
218.83464566929135 433.7007874015748 26.362204724409448 18.4251968503937 1
224.2204724409449 433.7007874015748 41.95275590551181 18.4251968503937 bourse

46.488188976377955 440.503937007874 54.99212598425197 22.393700787401574 Chacune
86.74015748031496 440.503937007874 30.04724409448819 22.393700787401574 de
101.48031496062993 440.503937007874 35.1496062992126 22.393700787401574 ces
121.60629921259843 440.503937007874 54.99212598425197 22.393700787401574 bourses
161.5748031496063 440.503937007874 35.1496062992126 22.393700787401574 est
181.70078740157481 440.503937007874 45.07086614173228 22.393700787401574 d’une
211.748031496063 440.503937007874 49.889763779527556 22.393700787401574 valeur
246.61417322834646 440.503937007874 30.04724409448819 22.393700787401574 de
261.6377952755906 440.503937007874 35.1496062992126 22.393700787401574 800
281.76377952755905 440.503937007874 60.09448818897638 22.393700787401574 nouveaux
326.8346456692913 440.503937007874 49.889763779527556 22.393700787401574 francs
361.7007874015748 440.503937007874 35.1496062992126 22.393700787401574 par
381.8267716535433 440.503937007874 39.968503937007874 22.393700787401574 mois
406.7716535433071 440.503937007874 39.968503937007874 22.393700787401574 pour
426.61417322834643 440.503937007874 20.125984251968504 22.393700787401574 un

37.41732283464567 459.7795275590551 49.889763779527556 14.456692913385826 séjour
72.56692913385827 459.7795275590551 59.811023622047244 14.456692913385826 effectif
117.35433070866142 459.7795275590551 30.04724409448819 14.456692913385826 de
132.3779527559055 459.7795275590551 39.968503937007874 14.456692913385826 cinq
157.3228346456693 459.7795275590551 39.968503937007874 14.456692913385826 mois
182.26771653543307 459.7795275590551 30.04724409448819 14.456692913385826 en
192.18897637795277 459.7795275590551 44.78740157480315 14.456692913385826 France.

47.338582677165356 461.76377952755905 49.889763779527556 23.811023622047244 L’Etat
82.48818897637796 461.76377952755905 60.09448818897638 23.811023622047244 français
127.2755905511811 461.76377952755905 30.04724409448819 23.811023622047244 se
142.29921259842519 461.76377952755905 49.889763779527556 23.811023622047244 rendra
177.4488188976378 461.76377952755905 30.04724409448819 23.811023622047244 en
192.4724409448819 461.76377952755905 45.07086614173228 23.811023622047244 outre
222.51968503937007 461.76377952755905 64.91338582677166 23.811023622047244 acquéreur
272.40944881889766 461.76377952755905 60.09448818897638 23.811023622047244 d’œuvres
317.4803149606299 461.76377952755905 30.04724409448819 23.811023622047244 de
332.2204724409449 461.76377952755905 49.889763779527556 23.811023622047244 chacun
367.37007874015745 461.76377952755905 30.04724409448819 23.811023622047244 de
382.3937007874016 461.76377952755905 34.86614173228347 23.811023622047244 ces
397.4173228346457 461.76377952755905 49.889763779527556 23.811023622047244 lauréats

36.8503937007874 477.3543307086614 56.40944881889764 18.708661417322833 jusqu’à
77.95275590551181 477.3543307086614 77.10236220472441 18.708661417322833 concurrence
139.46456692913387 477.3543307086614 46.20472440944882 18.708661417322833 d’une
170.36220472440945 477.3543307086614 46.20472440944882 18.708661417322833 somme
201.25984251968504 477.3543307086614 30.89763779527559 18.708661417322833 de
216.56692913385828 477.3543307086614 25.79527559055118 18.708661417322833 1
226.77165354330708 477.3543307086614 36.0 18.708661417322833 000
247.46456692913387 477.3543307086614 61.511811023622045 18.708661417322833 nouveaux
293.6692913385827 477.3543307086614 51.30708661417323 18.708661417322833 francs
329.38582677165357 477.3543307086614 36.0 18.708661417322833 par
344.9763779527559 477.3543307086614 51.30708661417323 18.708661417322833 artiste.

37.41732283464567 490.3937007874016 29.19685039370079 20.409448818897637 2°
51.874015748031496 490.3937007874016 53.574803149606296 20.409448818897637 Bourses
90.70866141732283 490.3937007874016 63.21259842519685 20.409448818897637 réservées
139.46456692913387 490.3937007874016 34.01574803149607 20.409448818897637 aux
159.0236220472441 490.3937007874016 58.39370078740158 20.409448818897637 artistes
202.6771653543307 490.3937007874016 58.39370078740158 20.409448818897637 exposant
246.33070866141733 490.3937007874016 38.83464566929134 20.409448818897637 dans
270.70866141732284 490.3937007874016 29.19685039370079 20.409448818897637 la
285.1653543307087 490.3937007874016 82.77165354330708 20.409448818897637 participation
348.37795275590554 490.3937007874016 53.574803149606296 20.409448818897637 française

109.41732283464567 502.86614173228344 69.16535433070867 13.88976377952756 Peinture:
162.70866141732284 502.86614173228344 26.64566929133858 13.88976377952756 2
173.1968503937008 502.86614173228344 58.39370078740158 13.88976377952756 bourses
215.71653543307087 502.86614173228344 32.031496062992126 13.88976377952756 de
231.8740157480315 502.86614173228344 26.64566929133858 13.88976377952756 2
242.36220472440945 502.86614173228344 37.13385826771653 13.88976377952756 000
263.62204724409446 502.86614173228344 63.77952755905512 13.88976377952756 nouveaux
311.5275590551181 502.86614173228344 53.29133858267716 13.88976377952756 francs
343.2755905511811 502.86614173228344 47.90551181102362 13.88976377952756 chacune

109.13385826771653 511.65354330708664 74.55118110236221 15.590551181102363 Sculpture:
167.81102362204723 511.65354330708664 26.64566929133858 15.590551181102363 2
178.29921259842519 511.65354330708664 58.39370078740158 15.590551181102363 bourses
220.8188976377953 511.65354330708664 32.031496062992126 15.590551181102363 de
236.69291338582678 511.65354330708664 26.64566929133858 15.590551181102363 2
247.46456692913387 511.65354330708664 37.13385826771653 15.590551181102363 000
268.7244094488189 511.65354330708664 63.77952755905512 15.590551181102363 nouveaux
316.62992125984255 511.65354330708664 53.29133858267716 15.590551181102363 francs
348.37795275590554 511.65354330708664 47.90551181102362 15.590551181102363 chacune

109.7007874015748 522.992125984252 54.70866141732284 12.755905511811024 Gravure
149.66929133858267 522.992125984252 24.944881889763778 12.755905511811024 :
159.59055118110237 522.992125984252 24.944881889763778 12.755905511811024 1
169.51181102362204 522.992125984252 49.60629921259842 12.755905511811024 bourse
204.09448818897638 522.992125984252 29.763779527559056 12.755905511811024 de
219.11811023622047 522.992125984252 24.944881889763778 12.755905511811024 1
229.03937007874015 522.992125984252 34.86614173228347 12.755905511811024 000
248.88188976377953 522.992125984252 59.52755905511811 12.755905511811024 nouveaux
288.56692913385825 522.992125984252 44.78740157480315 12.755905511811024 francs.

109.98425196850394 528.6614173228346 52.44094488188976 19.84251968503937 Dessin
146.5511811023622 528.6614173228346 31.46456692913386 19.84251968503937 ou
162.14173228346456 528.6614173228346 73.41732283464567 19.84251968503937 Aquarelle:
219.68503937007873 528.6614173228346 26.078740157480315 19.84251968503937 1
230.17322834645668 528.6614173228346 52.44094488188976 19.84251968503937 bourse
267.0236220472441 528.6614173228346 31.46456692913386 19.84251968503937 de
282.61417322834643 528.6614173228346 26.078740157480315 19.84251968503937 1
293.1023622047244 528.6614173228346 36.56692913385827 19.84251968503937 000
314.0787401574803 528.6614173228346 62.92913385826772 19.84251968503937 nouveaux
356.0314960629921 528.6614173228346 47.05511811023622 19.84251968503937 francs.

49.039370078740156 547.0866141732283 77.95275590551181 13.32283464566929 L’attribution
113.38582677165354 547.0866141732283 32.031496062992126 13.32283464566929 des
131.5275590551181 547.0866141732283 50.45669291338583 13.32283464566929 bourses
168.3779527559055 547.0866141732283 59.811023622047244 13.32283464566929 n’empêche
214.29921259842519 547.0866141732283 32.031496062992126 13.32283464566929 pas
232.7244094488189 547.0866141732283 32.031496062992126 13.32283464566929 les
250.86614173228347 547.0866141732283 54.99212598425197 13.32283464566929 lauréats
292.251968503937 547.0866141732283 59.811023622047244 13.32283464566929 d’obtenir
338.1732283464567 547.0866141732283 36.8503937007874 13.32283464566929 l’un
361.13385826771656 547.0866141732283 32.031496062992126 13.32283464566929 des
379.5590551181102 547.0866141732283 36.8503937007874 13.32283464566929 prix
397.98425196850394 547.0866141732283 50.45669291338583 13.32283464566929 ci

38.83464566929134 558.992125984252 35.71653543307087 15.590551181102363 mis
59.24409448818898 558.992125984252 25.511811023622048 15.590551181102363 à
69.44881889763779 558.992125984252 30.614173228346456 15.590551181102363 la
84.75590551181102 558.992125984252 76.25196850393701 15.590551181102363 disposition
145.70078740157481 558.992125984252 30.614173228346456 15.590551181102363 de
161.00787401574803 558.992125984252 30.614173228346456 15.590551181102363 la
171.21259842519686 558.992125984252 55.84251968503937 15.590551181102363 Biennale:

400.251968503937 595.2755905511812 28.346456692913385 15.590551181102363 XI
