515.3385826771654 625.6062992125984
47.05511811023622 5.952755905511811 83.90551181102362 22.11023622047244 BULGARIE

91.2755905511811 39.118110236220474 46.77165354330709 16.15748031496063 n’est
122.1732283464567 39.118110236220474 51.874015748031496 16.15748031496063 certes
158.45669291338584 39.118110236220474 36.28346456692913 16.15748031496063 pas
179.1496062992126 39.118110236220474 56.976377952755904 16.15748031496063 exempte
220.8188976377953 39.118110236220474 31.181102362204726 16.15748031496063 de
236.40944881889763 39.118110236220474 77.66929133858268 16.15748031496063 faiblesses,
298.48818897637796 39.118110236220474 41.38582677165354 16.15748031496063 qui,
324.2834645669291 39.118110236220474 41.38582677165354 16.15748031496063 dans
350.3622047244094 39.118110236220474 67.46456692913385 16.15748031496063 certaines
402.23622047244095 39.118110236220474 56.976377952755904 16.15748031496063 toiles,
438.23622047244095 39.118110236220474 46.77165354330709 16.15748031496063 sautent

91.2755905511811 51.023622047244096 35.71653543307087 18.141732283464567 aux
111.68503937007874 51.023622047244096 45.92125984251968 18.141732283464567 yeux,
142.29921259842519 51.023622047244096 40.818897637795274 18.141732283464567 soit
167.81102362204723 51.023622047244096 45.92125984251968 18.141732283464567 parce
198.4251968503937 51.023622047244096 35.71653543307087 18.141732283464567 que
218.83464566929135 51.023622047244096 45.92125984251968 18.141732283464567 leurs
249.4488188976378 51.023622047244096 51.023622047244096 18.141732283464567 jeunes
285.1653543307087 51.023622047244096 56.125984251968504 18.141732283464567 auteurs
326.26771653543307 51.023622047244096 40.818897637795274 18.141732283464567 sont
351.7795275590551 51.023622047244096 71.43307086614173 18.141732283464567 incapables
407.90551181102364 51.023622047244096 30.614173228346456 18.141732283464567 de
423.21259842519686 51.023622047244096 35.71653543307087 18.141732283464567 les
438.5196850393701 51.023622047244096 45.92125984251968 18.141732283464567 éviter,

91.55905511811024 66.61417322834646 41.38582677165354 17.291338582677167 soit
117.35433070866142 66.61417322834646 46.488188976377955 17.291338582677167 parce
148.53543307086613 66.61417322834646 51.874015748031496 17.291338582677167 qu’ils
184.53543307086613 66.61417322834646 31.181102362204726 17.291338582677167 ne
200.1259842519685 66.61417322834646 67.18110236220473 17.291338582677167 possèdent
252.0 66.61417322834646 36.28346456692913 17.291338582677167 pas
272.6929133858268 66.61417322834646 62.07874015748032 17.291338582677167 l’astuce
319.18110236220474 66.61417322834646 31.181102362204726 17.291338582677167 et
334.7716535433071 66.61417322834646 31.181102362204726 17.291338582677167 la
350.0787401574803 66.61417322834646 72.56692913385827 17.291338582677167 technique,
407.0551181102362 66.61417322834646 72.56692913385827 17.291338582677167 d’ailleurs
458.92913385826773 66.61417322834646 25.79527559055118 17.291338582677167 peu

90.4251968503937 81.35433070866142 107.71653543307086 14.456692913385826 recommandable,
180.0 81.35433070866142 47.90551181102362 14.456692913385826 pour
210.04724409448818 81.35433070866142 41.95275590551181 14.456692913385826 les
227.90551181102362 81.35433070866142 71.71653543307086 14.456692913385826 camoufler.

101.76377952755905 93.25984251968504 28.62992125984252 18.708661417322833 Il
116.22047244094489 93.25984251968504 52.724409448818896 18.708661417322833 importe
154.48818897637796 93.25984251968504 67.18110236220473 18.708661417322833 davantage,
207.21259842519686 93.25984251968504 28.62992125984252 18.708661417322833 me
221.66929133858267 93.25984251968504 76.81889763779527 18.708661417322833 semble-t-il,
284.0314960629921 93.25984251968504 28.62992125984252 18.708661417322833 de
298.20472440944883 93.25984251968504 52.724409448818896 18.708661417322833 relever
336.755905511811 93.25984251968504 33.44881889763779 18.708661417322833 que
355.748031496063 93.25984251968504 43.08661417322835 18.708661417322833 cette
384.66141732283467 93.25984251968504 43.08661417322835 18.708661417322833 œuvre
413.29133858267716 93.25984251968504 24.094488188976378 18.708661417322833 a
422.92913385826773 93.25984251968504 33.44881889763779 18.708661417322833 des
437.38582677165357 93.25984251968504 47.90551181102362 18.708661417322833 qualités

91.55905511811024 107.71653543307086 67.18110236220473 16.15748031496063 évidentes,
144.28346456692913 107.71653543307086 33.732283464566926 16.15748031496063 qui
163.55905511811022 107.71653543307086 72.0 16.15748031496063 l’emportent
221.10236220472441 107.71653543307086 33.732283464566926 16.15748031496063 sur
240.3779527559055 107.71653543307086 33.732283464566926 16.15748031496063 ses
259.65354330708664 107.71653543307086 57.54330708661417 16.15748031496063 défauts.
302.74015748031496 107.71653543307086 28.913385826771652 16.15748031496063 La
317.1968503937008 107.71653543307086 52.724409448818896 16.15748031496063 plupart
355.748031496063 107.71653543307086 33.732283464566926 16.15748031496063 des
374.74015748031496 107.71653543307086 52.724409448818896 16.15748031496063 toiles,
413.29133858267716 107.71653543307086 33.732283464566926 16.15748031496063 des
427.748031496063 107.71653543307086 57.54330708661417 16.15748031496063 sculptures

90.99212598425197 123.30708661417323 31.181102362204726 15.590551181102363 et
106.58267716535433 123.30708661417323 36.28346456692913 15.590551181102363 des
127.2755905511811 123.30708661417323 62.36220472440945 15.590551181102363 gravures
174.04724409448818 123.30708661417323 36.28346456692913 15.590551181102363 des
194.74015748031496 123.30708661417323 51.874015748031496 15.590551181102363 jeunes
231.0236220472441 123.30708661417323 62.36220472440945 15.590551181102363 artistes
277.79527559055117 123.30708661417323 62.36220472440945 15.590551181102363 bulgares
324.56692913385825 123.30708661417323 41.669291338582674 15.590551181102363 sont
350.6456692913386 123.30708661417323 57.25984251968504 15.590551181102363 puisées
392.0314960629921 123.30708661417323 26.078740157480315 15.590551181102363 à
402.5196850393701 123.30708661417323 31.181102362204726 15.590551181102363 la
418.1102362204724 123.30708661417323 51.874015748031496 15.590551181102363 source
454.3937007874016 123.30708661417323 31.181102362204726 15.590551181102363 de
464.88188976377955 123.30708661417323 20.69291338582677 15.590551181102363 la

90.99212598425197 140.31496062992127 36.28346456692913 14.456692913385826 vie
111.68503937007874 140.31496062992127 41.669291338582674 14.456692913385826 même
137.76377952755905 140.31496062992127 31.181102362204726 14.456692913385826 et
153.35433070866142 140.31496062992127 67.74803149606299 14.456692913385826 inspirées
205.22834645669292 140.31496062992127 36.28346456692913 14.456692913385826 par
226.20472440944883 140.31496062992127 67.74803149606299 14.456692913385826 celle-ci,
278.0787401574803 140.31496062992127 31.181102362204726 14.456692913385826 et
293.6692913385827 140.31496062992127 46.77165354330709 14.456692913385826 c’est
324.8503937007874 140.31496062992127 31.181102362204726 14.456692913385826 là
340.4409448818898 140.31496062992127 31.181102362204726 14.456692913385826 la
356.0314960629921 140.31496062992127 41.669291338582674 14.456692913385826 plus
382.1102362204724 140.31496062992127 72.85039370078741 14.456692913385826 importante
439.37007874015745 140.31496062992127 31.181102362204726 14.456692913385826 de
449.8582677165354 140.31496062992127 36.28346456692913 14.456692913385826 leurs

91.55905511811024 153.0708661417323 64.91338582677166 17.5748031496063 qualités.
141.73228346456693 153.0708661417323 30.04724409448819 17.5748031496063 La
156.4724409448819 153.0708661417323 59.811023622047244 17.5748031496063 majorité
201.54330708661416 153.0708661417323 34.86614173228347 17.5748031496063 des
221.38582677165354 153.0708661417323 49.889763779527556 17.5748031496063 œuvres
256.53543307086613 153.0708661417323 34.86614173228347 17.5748031496063 est
276.37795275590554 153.0708661417323 64.91338582677166 17.5748031496063 consacrée
326.26771653543307 153.0708661417323 24.944881889763778 17.5748031496063 à
336.4724409448819 153.0708661417323 30.04724409448819 17.5748031496063 la
351.21259842519686 153.0708661417323 99.77952755905511 17.5748031496063 contemporanéité,
431.1496062992126 153.0708661417323 54.99212598425197 17.5748031496063 dévoilant

90.70866141732283 165.82677165354332 37.41732283464567 17.007874015748033 les
112.25196850393701 165.82677165354332 80.22047244094489 17.007874015748033 aspirations
176.31496062992127 165.82677165354332 32.031496062992126 17.007874015748033 et
192.4724409448819 165.82677165354332 37.41732283464567 17.007874015748033 les
213.73228346456693 165.82677165354332 74.83464566929133 17.007874015748033 sentiments
272.40944881889766 165.82677165354332 32.031496062992126 17.007874015748033 de
288.56692913385825 165.82677165354332 58.67716535433071 17.007874015748033 l’homme
331.37007874015745 165.82677165354332 64.06299212598425 17.007874015748033 moderne.
379.5590551181102 165.82677165354332 32.031496062992126 17.007874015748033 La
395.43307086614175 165.82677165354332 42.803149606299215 17.007874015748033 note
416.9763779527559 165.82677165354332 69.44881889763779 17.007874015748033 caractéris-

90.14173228346456 181.70078740157481 46.20472440944882 17.291338582677167 tique
121.03937007874016 181.70078740157481 30.89763779527559 17.291338582677167 et
136.3464566929134 181.70078740157481 30.89763779527559 17.291338582677167 en
151.93700787401573 181.70078740157481 41.10236220472441 17.291338582677167 même
177.73228346456693 181.70078740157481 46.20472440944882 17.291338582677167 temps
208.3464566929134 181.70078740157481 41.10236220472441 17.291338582677167 très
234.14173228346456 181.70078740157481 61.79527559055118 17.291338582677167 positive
280.62992125984255 181.70078740157481 30.89763779527559 17.291338582677167 de
295.93700787401576 181.70078740157481 46.20472440944882 17.291338582677167 cette
326.8346456692913 181.70078740157481 46.20472440944882 17.291338582677167 œuvre
357.73228346456693 181.70078740157481 36.0 17.291338582677167 est
378.4251968503937 181.70078740157481 30.89763779527559 17.291338582677167 la
393.73228346456693 181.70078740157481 61.79527559055118 17.291338582677167 tendance
440.2204724409449 181.70078740157481 30.89763779527559 17.291338582677167 de
450.4251968503937 181.70078740157481 36.0 17.291338582677167 toute

90.99212598425197 196.7244094488189 35.1496062992126 18.141732283464567 une
111.11811023622047 196.7244094488189 45.07086614173228 18.141732283464567 série
141.16535433070865 196.7244094488189 30.04724409448819 18.141732283464567 de
156.18897637795277 196.7244094488189 50.173228346456696 18.141732283464567 jeunes
191.33858267716536 196.7244094488189 60.09448818897638 18.141732283464567 artistes
236.40944881889763 196.7244094488189 24.944881889763778 18.141732283464567 à
246.33070866141733 196.7244094488189 54.99212598425197 18.141732283464567 arriver
286.5826771653543 196.7244094488189 24.944881889763778 18.141732283464567 à
296.503937007874 196.7244094488189 30.04724409448819 18.141732283464567 un
311.5275590551181 196.7244094488189 45.07086614173228 18.141732283464567 style
341.5748031496063 196.7244094488189 75.11811023622047 18.141732283464567 individuel,
401.6692913385827 196.7244094488189 70.2992125984252 18.141732283464567 personnel,
456.9448818897638 196.7244094488189 24.944881889763778 18.141732283464567 à
462.0472440944882 196.7244094488189 24.944881889763778 18.141732283464567 une

90.70866141732283 210.04724409448818 74.26771653543307 17.291338582677167 originalité
149.95275590551182 210.04724409448818 29.763779527559056 17.291338582677167 de
164.9763779527559 210.04724409448818 54.425196850393704 17.291338582677167 langage
204.66141732283464 210.04724409448818 69.44881889763779 17.291338582677167 plastique,
259.0866141732283 210.04724409448818 39.68503937007874 17.291338582677167 sans
283.748031496063 210.04724409448818 59.52755905511811 17.291338582677167 laquelle
328.53543307086613 210.04724409448818 29.763779527559056 17.291338582677167 ne
343.2755905511811 210.04724409448818 54.425196850393704 17.291338582677167 saurait
382.96062992125985 210.04724409448818 49.60629921259842 17.291338582677167 naître
417.54330708661416 210.04724409448818 34.58267716535433 17.291338582677167 une
432.56692913385825 210.04724409448818 54.425196850393704 17.291338582677167 véritable

89.85826771653544 222.23622047244095 50.45669291338583 20.409448818897637 œuvre
123.59055118110236 222.23622047244095 56.125984251968504 20.409448818897637 d’art.
162.70866141732284 222.23622047244095 50.45669291338583 20.409448818897637 Point
196.44094488188978 222.23622047244095 50.45669291338583 20.409448818897637 n’est
229.88976377952756 222.23622047244095 56.125984251968504 20.409448818897637 besoin
269.00787401574803 222.23622047244095 44.78740157480315 20.409448818897637 d’un
297.07086614173227 222.23622047244095 44.78740157480315 20.409448818897637 long
325.13385826771656 222.23622047244095 56.125984251968504 20.409448818897637 examen
364.251968503937 222.23622047244095 39.118110236220474 20.409448818897637 des
386.6456692913386 222.23622047244095 50.45669291338583 20.409448818897637 dites
420.37795275590554 222.23622047244095 56.125984251968504 20.409448818897637 œuvres
453.8267716535433 222.23622047244095 33.732283464566926 20.409448818897637 pour

90.70866141732283 238.96062992125985 65.19685039370079 20.976377952755904 remarquer
140.88188976377953 238.96062992125985 30.04724409448819 20.976377952755904 la
155.90551181102362 238.96062992125985 55.275590551181104 20.976377952755904 facture
196.15748031496062 238.96062992125985 65.19685039370079 20.976377952755904 originale
246.33070866141733 238.96062992125985 30.04724409448819 20.976377952755904 de
261.3543307086614 238.96062992125985 30.04724409448819 20.976377952755904 la
276.37795275590554 238.96062992125985 55.275590551181104 20.976377952755904 plupart
316.62992125984255 238.96062992125985 55.275590551181104 20.976377952755904 d’entre
356.88188976377955 238.96062992125985 50.173228346456696 20.976377952755904 elles,
392.0314960629921 238.96062992125985 30.04724409448819 20.976377952755904 la
407.0551181102362 238.96062992125985 55.275590551181104 20.976377952755904 variété
447.0236220472441 238.96062992125985 30.04724409448819 20.976377952755904 de
457.2283464566929 238.96062992125985 30.04724409448819 20.976377952755904 leur

90.4251968503937 254.5511811023622 64.34645669291339 17.5748031496063 manière,
138.61417322834646 254.5511811023622 53.574803149606296 17.5748031496063 depuis
176.03149606299212 254.5511811023622 32.031496062992126 17.5748031496063 le
192.18897637795277 254.5511811023622 48.188976377952756 17.5748031496063 souci
224.2204724409449 254.5511811023622 32.031496062992126 17.5748031496063 du
240.3779527559055 254.5511811023622 53.574803149606296 17.5748031496063 détail
277.79527559055117 254.5511811023622 64.34645669291339 17.5748031496063 jusqu’au
325.98425196850394 254.5511811023622 69.73228346456693 17.5748031496063 laconisme
379.5590551181102 254.5511811023622 53.574803149606296 17.5748031496063 poussé
416.9763779527559 254.5511811023622 26.64566929133858 17.5748031496063 à
422.3622047244094 254.5511811023622 64.34645669291339 17.5748031496063 l’extrême,

90.14173228346456 268.7244094488189 51.59055118110236 15.590551181102363 depuis
126.14173228346456 268.7244094488189 30.89763779527559 15.590551181102363 la
141.73228346456693 268.7244094488189 56.69291338582677 15.590551181102363 palette
182.83464566929135 268.7244094488189 82.48818897637796 15.590551181102363 éblouissante
250.01574803149606 268.7244094488189 56.69291338582677 15.590551181102363 jusqu’à
291.11811023622045 268.7244094488189 30.89763779527559 15.590551181102363 la
306.70866141732284 268.7244094488189 61.79527559055118 15.590551181102363 sobriété
352.9133858267717 268.7244094488189 56.69291338582677 15.590551181102363 voisine
394.2992125984252 268.7244094488189 30.89763779527559 15.590551181102363 de
409.6062992125984 268.7244094488189 30.89763779527559 15.590551181102363 la
425.1968503937008 268.7244094488189 61.79527559055118 15.590551181102363 gravure,
466.2992125984252 268.7244094488189 20.69291338582677 15.590551181102363 où

89.85826771653544 278.92913385826773 60.37795275590551 18.141732283464567 l’espace
135.21259842519686 278.92913385826773 30.04724409448819 18.141732283464567 et
150.23622047244095 278.92913385826773 35.1496062992126 18.141732283464567 les
170.36220472440945 278.92913385826773 55.275590551181104 18.141732283464567 volumes
210.61417322834646 278.92913385826773 30.04724409448819 18.141732283464567 ne
225.63779527559055 278.92913385826773 40.25196850393701 18.141732283464567 sont
250.86614173228347 278.92913385826773 80.50393700787401 18.141732283464567 qu’ébauchés,
316.34645669291336 278.92913385826773 50.173228346456696 18.141732283464567 depuis
351.496062992126 278.92913385826773 30.04724409448819 18.141732283464567 le
366.5196850393701 278.92913385826773 55.275590551181104 18.141732283464567 coloris
406.7716535433071 278.92913385826773 50.173228346456696 18.141732283464567 sonore
441.9212598425197 278.92913385826773 30.04724409448819 18.141732283464567 et
452.12598425196853 278.92913385826773 35.1496062992126 18.141732283464567 clair

89.00787401574803 296.2204724409449 72.0 18.992125984251967 jusqu’aux
144.56692913385828 296.2204724409449 72.0 18.992125984251967 harmonies
199.84251968503938 296.2204724409449 72.0 18.992125984251967 mineures,
255.11811023622047 296.2204724409449 38.83464566929134 18.992125984251967 car
277.2283464566929 296.2204724409449 33.16535433070866 18.992125984251967 le
293.9527559055118 296.2204724409449 66.33070866141732 18.992125984251967 réalisme
343.5590551181102 296.2204724409449 38.83464566929134 18.992125984251967 tel
365.9527559055118 296.2204724409449 38.83464566929134 18.992125984251967 que
388.06299212598424 296.2204724409449 44.22047244094488 18.992125984251967 nous
415.5590551181102 296.2204724409449 33.16535433070866 18.992125984251967 le
426.61417322834643 296.2204724409449 60.94488188976378 18.992125984251967 concevons

90.14173228346456 310.6771653543307 36.28346456692913 19.84251968503937 est
110.83464566929133 310.6771653543307 67.18110236220473 19.84251968503937 justement
162.4251968503937 310.6771653543307 36.28346456692913 19.84251968503937 une
183.11811023622047 310.6771653543307 56.976377952755904 19.84251968503937 méthode
224.50393700787401 310.6771653543307 30.89763779527559 19.84251968503937 et
240.09448818897638 310.6771653543307 36.28346456692913 19.84251968503937 non
260.78740157480314 310.6771653543307 36.28346456692913 19.84251968503937 pas
281.4803149606299 310.6771653543307 30.89763779527559 19.84251968503937 un
296.78740157480314 310.6771653543307 56.976377952755904 19.84251968503937 cliché;
338.1732283464567 310.6771653543307 36.28346456692913 19.84251968503937 car
358.86614173228344 310.6771653543307 30.89763779527559 19.84251968503937 ce
374.45669291338584 310.6771653543307 62.07874015748032 19.84251968503937 réalisme
420.9448818897638 310.6771653543307 36.28346456692913 19.84251968503937 est
436.53543307086613 310.6771653543307 51.59055118110236 19.84251968503937 étranger

89.29133858267717 325.13385826771656 31.181102362204726 20.125984251968504 au
104.88188976377953 325.13385826771656 77.66929133858268 20.125984251968504 piétinement
166.96062992125985 325.13385826771656 36.28346456692913 20.125984251968504 sur
187.6535433070866 325.13385826771656 51.874015748031496 20.125984251968504 place,
223.93700787401573 325.13385826771656 46.488188976377955 20.125984251968504 ainsi
255.11811023622047 325.13385826771656 36.28346456692913 20.125984251968504 que
275.81102362204723 325.13385826771656 31.181102362204726 20.125984251968504 le
291.40157480314963 325.13385826771656 51.874015748031496 20.125984251968504 disait
327.40157480314963 325.13385826771656 72.56692913385827 20.125984251968504 Maïakovski
384.37795275590554 325.13385826771656 25.79527559055118 20.125984251968504 :
394.86614173228344 325.13385826771656 25.79527559055118 20.125984251968504 «
405.3543307086614 325.13385826771656 41.38582677165354 20.125984251968504 Plus
431.1496062992126 325.13385826771656 31.181102362204726 20.125984251968504 de
441.6377952755906 325.13385826771656 46.488188976377955 20.125984251968504 poètes,

89.85826771653544 338.1732283464567 30.330708661417322 21.25984251968504 de
105.16535433070867 338.1732283464567 45.354330708661415 21.25984251968504 bons,
135.21259842519686 338.1732283464567 30.330708661417322 21.25984251968504 de
150.51968503937007 338.1732283464567 65.48031496062993 21.25984251968504 divers...
200.9763779527559 338.1732283464567 30.330708661417322 21.25984251968504 »,
216.0 338.1732283464567 30.330708661417322 21.25984251968504 ce
231.0236220472441 338.1732283464567 35.43307086614173 21.25984251968504 qui
251.43307086614172 338.1732283464567 40.25196850393701 21.25984251968504 pour
276.66141732283467 338.1732283464567 40.25196850393701 21.25984251968504 nous
301.8897637795276 338.1732283464567 60.661417322834644 21.25984251968504 pourrait
347.244094488189 338.1732283464567 30.330708661417322 21.25984251968504 se
362.26771653543307 338.1732283464567 60.661417322834644 21.25984251968504 traduire
407.62204724409446 338.1732283464567 35.43307086614173 21.25984251968504 par
427.748031496063 338.1732283464567 25.228346456692915 21.25984251968504 :
437.9527559055118 338.1732283464567 25.228346456692915 21.25984251968504 «
448.15748031496065 338.1732283464567 40.25196850393701 21.25984251968504 Plus
468.2834645669291 338.1732283464567 20.125984251968504 21.25984251968504 de

89.85826771653544 353.4803149606299 64.62992125984252 20.409448818897637 peintres,
139.748031496063 353.4803149606299 29.763779527559056 20.409448818897637 de
154.77165354330708 353.4803149606299 44.78740157480315 20.409448818897637 bons,
184.53543307086613 353.4803149606299 29.763779527559056 20.409448818897637 de
199.55905511811022 353.4803149606299 64.62992125984252 20.409448818897637 divers...
249.4488188976378 353.4803149606299 29.763779527559056 20.409448818897637 »,
264.18897637795277 353.4803149606299 39.968503937007874 20.409448818897637 afin
289.13385826771656 353.4803149606299 34.86614173228347 20.409448818897637 que
308.9763779527559 353.4803149606299 49.889763779527556 20.409448818897637 soient
343.84251968503935 353.4803149606299 69.73228346456693 20.409448818897637 conservées
398.8346456692913 353.4803149606299 29.763779527559056 20.409448818897637 la
413.5748031496063 353.4803149606299 59.811023622047244 20.409448818897637 richesse
458.6456692913386 353.4803149606299 29.763779527559056 20.409448818897637 et
468.56692913385825 353.4803149606299 19.84251968503937 20.409448818897637 la

89.5748031496063 368.503937007874 64.91338582677166 22.393700787401574 diversité
139.46456692913387 368.503937007874 30.04724409448819 22.393700787401574 de
154.48818897637796 368.503937007874 79.93700787401575 22.393700787401574 l’expression
219.4015748031496 368.503937007874 69.73228346456693 22.393700787401574 plastique,
274.1102362204724 368.503937007874 39.968503937007874 22.393700787401574 sans
299.0551181102362 368.503937007874 59.811023622047244 22.393700787401574 laquelle
344.12598425196853 368.503937007874 84.75590551181102 22.393700787401574 disparaîtrait
413.8582677165354 368.503937007874 30.04724409448819 22.393700787401574 la
428.88188976377955 368.503937007874 59.811023622047244 22.393700787401574 richesse
468.8503937007874 368.503937007874 19.84251968503937 22.393700787401574 du

89.29133858267717 382.3937007874016 58.960629921259844 18.4251968503937 contenu
132.09448818897638 382.3937007874016 32.031496062992126 18.4251968503937 et
148.251968503937 382.3937007874016 32.031496062992126 18.4251968503937 en
164.1259842519685 382.3937007874016 37.41732283464567 18.4251968503937 fin
185.66929133858267 382.3937007874016 32.031496062992126 18.4251968503937 de
201.82677165354332 382.3937007874016 53.574803149606296 18.4251968503937 compte
239.24409448818898 382.3937007874016 48.188976377952756 18.4251968503937 l’art
265.8897637795276 382.3937007874016 58.960629921259844 18.4251968503937 lui

334.7716535433071 560.1259842519685 80.50393700787401 20.69291338582677 Professeur
397.98425196850394 560.1259842519685 63.21259842519685 20.69291338582677 Bogomil
438.23622047244095 560.1259842519685 51.59055118110236 20.69291338582677 Raïnov.

102.04724409448819 595.5590551181102 27.212598425196852 19.84251968503937 22
