477.07086614173227 628.7244094488188
84.75590551181102 95.24409448818898 80.78740157480316 17.007874015748033 Commissaire
149.38582677165354 95.24409448818898 59.24409448818898 17.007874015748033 Général
192.4724409448819 95.24409448818898 26.929133858267715 17.007874015748033 :
203.5275590551181 95.24409448818898 37.7007874015748 17.007874015748033 Dr.
225.0708661417323 95.24409448818898 53.85826771653543 17.007874015748033 Werner
257.38582677165357 95.24409448818898 48.47244094488189 17.007874015748033 Hofmann

85.03937007874016 110.83464566929133 65.19685039370079 20.125984251968504 Directeur
135.21259842519686 110.83464566929133 30.04724409448819 20.125984251968504 du
150.51968503937007 110.83464566929133 45.07086614173228 20.125984251968504 Musée
180.56692913385828 110.83464566929133 30.04724409448819 20.125984251968504 du
195.59055118110237 110.83464566929133 35.1496062992126 20.125984251968504 XXe
215.71653543307087 110.83464566929133 50.173228346456696 20.125984251968504 siècle
250.86614173228347 110.83464566929133 30.04724409448819 20.125984251968504 de
261.07086614173227 110.83464566929133 45.07086614173228 20.125984251968504 Vienne.

38.267716535433074 148.8188976377953 49.32283464566929 20.409448818897637 Cette
71.14960629921259 148.8188976377953 54.70866141732284 20.409448818897637 année,
109.41732283464567 148.8188976377953 76.53543307086615 20.409448818897637 l’Autriche
169.51181102362204 148.8188976377953 71.14960629921259 20.409448818897637 participe
224.2204724409449 148.8188976377953 43.653543307086615 20.409448818897637 pour
251.71653543307087 148.8188976377953 32.881889763779526 20.409448818897637 la
268.15748031496065 148.8188976377953 65.76377952755905 20.409448818897637 première
317.1968503937008 148.8188976377953 43.653543307086615 20.409448818897637 fois
344.6929133858268 148.8188976377953 27.496062992125985 20.409448818897637 à
355.46456692913387 148.8188976377953 32.881889763779526 20.409448818897637 la
371.90551181102364 148.8188976377953 65.76377952755905 20.409448818897637 Biennale
415.84251968503935 148.8188976377953 21.826771653543307 20.409448818897637 de

29.19685039370079 166.11023622047244 52.44094488188976 17.007874015748033 Paris.
65.76377952755905 166.11023622047244 31.46456692913386 17.007874015748033 En
81.35433070866142 166.11023622047244 47.05511811023622 17.007874015748033 1959,
112.81889763779527 166.11023622047244 41.95275590551181 17.007874015748033 seul
139.1811023622047 166.11023622047244 94.39370078740157 17.007874015748033 Hundertwasser,
217.70078740157481 166.11023622047244 36.56692913385827 17.007874015748033 par
238.6771653543307 166.11023622047244 99.49606299212599 17.007874015748033 l’intermédiaire
322.2992125984252 166.11023622047244 31.46456692913386 17.007874015748033 du
338.1732283464567 166.11023622047244 26.078740157480315 17.007874015748033 «
348.66141732283467 166.11023622047244 47.05511811023622 17.007874015748033 choix
380.12598425196853 166.11023622047244 36.56692913385827 17.007874015748033 des
395.7165354330709 166.11023622047244 41.95275590551181 17.007874015748033 jeunes

28.62992125984252 177.4488188976378 70.01574803149606 19.275590551181104 critiques
82.48818897637796 177.4488188976378 26.929133858267715 19.275590551181104 »
93.25984251968504 177.4488188976378 26.929133858267715 19.275590551181104 a
104.03149606299213 177.4488188976378 32.31496062992126 19.275590551181104 pu
120.18897637795276 177.4488188976378 59.24409448818898 19.275590551181104 prendre
163.2755905511811 177.4488188976378 43.08661417322835 19.275590551181104 part
190.20472440944883 177.4488188976378 26.929133858267715 19.275590551181104 à
200.9763779527559 177.4488188976378 48.47244094488189 19.275590551181104 cette
233.29133858267716 177.4488188976378 91.55905511811024 19.275590551181104 manifestation
308.6929133858268 177.4488188976378 80.78740157480316 19.275590551181104 importante.
373.3228346456693 177.4488188976378 32.31496062992126 19.275590551181104 Ce
384.09448818897636 177.4488188976378 53.85826771653543 19.275590551181104 peintre,

29.19685039370079 193.3228346456693 35.43307086614173 17.007874015748033 qui
49.32283464566929 193.3228346456693 30.330708661417322 17.007874015748033 se
64.62992125984252 193.3228346456693 35.43307086614173 17.007874015748033 dit
84.75590551181102 193.3228346456693 70.58267716535433 17.007874015748033 volontiers
140.31496062992127 193.3228346456693 70.58267716535433 17.007874015748033 l’héritier
195.8740157480315 193.3228346456693 30.330708661417322 17.007874015748033 du
210.89763779527559 193.3228346456693 70.58267716535433 17.007874015748033 linéarisme
266.45669291338584 193.3228346456693 80.78740157480316 17.007874015748033 mélancolique
332.2204724409449 193.3228346456693 35.43307086614173 17.007874015748033 des
347.244094488189 193.3228346456693 90.99212598425197 17.007874015748033 expressionnistes

28.62992125984252 203.81102362204723 83.05511811023622 18.141732283464567 autrichiens,
96.09448818897638 203.81102362204723 51.874015748031496 18.141732283464567 aurait
132.3779527559055 203.81102362204723 51.874015748031496 18.141732283464567 mérité
168.66141732283464 203.81102362204723 36.28346456692913 18.141732283464567 une
189.35433070866142 203.81102362204723 46.77165354330709 18.141732283464567 place
220.53543307086613 203.81102362204723 31.181102362204726 18.141732283464567 de
235.84251968503938 203.81102362204723 46.77165354330709 18.141732283464567 choix
267.0236220472441 203.81102362204723 41.38582677165354 18.141732283464567 dans
293.1023622047244 203.81102362204723 31.181102362204726 18.141732283464567 la
308.6929133858268 203.81102362204723 67.46456692913385 18.141732283464567 sélection
360.56692913385825 203.81102362204723 31.181102362204726 18.141732283464567 de
375.87401574803147 203.81102362204723 46.77165354330709 18.141732283464567 notre
401.9527559055118 203.81102362204723 36.28346456692913 18.141732283464567 pays.

29.480314960629922 217.41732283464566 38.267716535433074 18.992125984251967 Des
51.30708661417323 217.41732283464566 81.92125984251969 18.992125984251967 difficultés
116.78740157480316 217.41732283464566 81.92125984251969 18.992125984251967 techniques,
182.26771653543307 217.41732283464566 76.53543307086615 18.992125984251967 provoquées
242.36220472440945 217.41732283464566 38.267716535433074 18.992125984251967 par
264.18897637795277 217.41732283464566 43.653543307086615 18.992125984251967 deux
291.68503937007875 217.41732283464566 81.92125984251969 18.992125984251967 importantes
357.1653543307087 217.41732283464566 81.92125984251969 18.992125984251967 expositions
417.25984251968504 217.41732283464566 21.826771653543307 18.992125984251967 de

29.480314960629922 231.8740157480315 65.19685039370079 16.15748031496063 l’artiste
79.65354330708661 231.8740157480315 30.04724409448819 16.15748031496063 au
94.67716535433071 231.8740157480315 50.173228346456696 16.15748031496063 dapon,
129.82677165354332 231.8740157480315 35.1496062992126 16.15748031496063 ont
149.95275590551182 231.8740157480315 39.968503937007874 16.15748031496063 fait
174.89763779527559 231.8740157480315 54.99212598425197 16.15748031496063 échouer
215.1496062992126 231.8740157480315 30.04724409448819 16.15748031496063 ce
225.0708661417323 231.8740157480315 45.07086614173228 16.15748031496063 projet.

38.55118110236221 243.21259842519686 37.41732283464567 18.141732283464567 Mon
60.09448818897638 243.21259842519686 48.188976377952756 18.141732283464567 choix
92.1259842519685 243.21259842519686 58.960629921259844 18.141732283464567 propose
134.9291338582677 243.21259842519686 42.803149606299215 18.141732283464567 deux
161.5748031496063 243.21259842519686 69.44881889763779 18.141732283464567 peintres,
215.1496062992126 243.21259842519686 32.031496062992126 18.141732283464567 un
231.0236220472441 243.21259842519686 101.48031496062993 18.141732283464567 peintre-graveur
316.62992125984255 243.21259842519686 32.031496062992126 18.141732283464567 et
332.78740157480314 243.21259842519686 32.031496062992126 18.141732283464567 un
348.66141732283467 243.21259842519686 74.83464566929133 18.141732283464567 sculpteur.
402.23622047244095 243.21259842519686 37.41732283464567 18.141732283464567 Josef

29.480314960629922 256.251968503937 43.08661417322835 18.141732283464567 Mikl
56.40944881889764 256.251968503937 37.7007874015748 18.141732283464567 est
77.95275590551181 256.251968503937 32.31496062992126 18.141732283464567 un
94.11023622047244 256.251968503937 59.24409448818898 18.141732283464567 artiste
137.48031496062993 256.251968503937 48.47244094488189 18.141732283464567 d’une
169.79527559055117 256.251968503937 43.08661417322835 18.141732283464567 main
196.7244094488189 256.251968503937 43.08661417322835 18.141732283464567 sûre
223.6535433070866 256.251968503937 32.31496062992126 18.141732283464567 et
240.09448818897638 256.251968503937 59.24409448818898 18.141732283464567 rapide.
283.18110236220474 256.251968503937 59.24409448818898 18.141732283464567 Certes,
326.26771653543307 256.251968503937 48.47244094488189 18.141732283464567 cette
358.5826771653543 256.251968503937 70.2992125984252 18.141732283464567 peinture,
407.33858267716533 256.251968503937 32.31496062992126 18.141732283464567 dont

29.480314960629922 268.7244094488189 32.031496062992126 20.125984251968504 on
45.63779527559055 268.7244094488189 26.64566929133858 20.125984251968504 a
56.125984251968504 268.7244094488189 47.90551181102362 20.125984251968504 vanté
88.15748031496064 268.7244094488189 32.031496062992126 20.125984251968504 le
104.03149606299213 268.7244094488189 69.16535433070867 20.125984251968504 colorisme
157.3228346456693 268.7244094488189 74.55118110236221 20.125984251968504 idéalisant
215.71653543307087 268.7244094488189 32.031496062992126 20.125984251968504 du
231.8740157480315 268.7244094488189 58.67716535433071 20.125984251968504 Baroque
274.3937007874016 268.7244094488189 37.13385826771653 20.125984251968504 (le
295.65354330708664 268.7244094488189 47.90551181102362 20.125984251968504 bleu,
327.68503937007875 268.7244094488189 32.031496062992126 20.125984251968504 le
343.5590551181102 268.7244094488189 53.29133858267716 20.125984251968504 rouge,
380.6929133858268 268.7244094488189 32.031496062992126 20.125984251968504 le
391.46456692913387 268.7244094488189 47.90551181102362 20.125984251968504 jaune),

29.480314960629922 284.59842519685037 61.511811023622045 16.15748031496063 découle,
75.68503937007874 284.59842519685037 30.89763779527559 16.15748031496063 si
90.99212598425197 284.59842519685037 41.10236220472441 16.15748031496063 l’on
116.78740157480316 284.59842519685037 41.10236220472441 16.15748031496063 veut
142.29921259842519 284.59842519685037 25.79527559055118 16.15748031496063 à
152.50393700787401 284.59842519685037 41.10236220472441 16.15748031496063 tout
178.29921259842519 284.59842519685037 41.10236220472441 16.15748031496063 prix
203.81102362204723 284.59842519685037 46.20472440944882 16.15748031496063 avoir
234.70866141732284 284.59842519685037 56.40944881889764 16.15748031496063 recours
275.81102362204723 284.59842519685037 36.0 16.15748031496063 aux
296.2204724409449 284.59842519685037 77.10236220472441 16.15748031496063 traditions,
357.73228346456693 284.59842519685037 30.89763779527559 16.15748031496063 de
373.3228346456693 284.59842519685037 46.20472440944882 16.15748031496063 cette
398.8346456692913 284.59842519685037 41.10236220472441 16.15748031496063 exubé-

29.763779527559056 295.37007874015745 46.77165354330709 20.409448818897637 rance
60.94488188976378 295.37007874015745 62.36220472440945 20.409448818897637 spatiale
107.43307086614173 295.37007874015745 36.28346456692913 20.409448818897637 que
128.40944881889763 295.37007874015745 41.669291338582674 20.409448818897637 l’on
154.20472440944883 295.37007874015745 51.874015748031496 20.409448818897637 trouve
190.77165354330708 295.37007874015745 41.669291338582674 20.409448818897637 déjà
216.56692913385828 295.37007874015745 41.669291338582674 20.409448818897637 dans
242.64566929133858 295.37007874015745 36.28346456692913 20.409448818897637 les
263.33858267716533 295.37007874015745 62.36220472440945 20.409448818897637 fresques
310.1102362204724 295.37007874015745 31.181102362204726 20.409448818897637 de
325.7007874015748 295.37007874015745 36.28346456692913 20.409448818897637 nos
346.3937007874016 295.37007874015745 57.25984251968504 20.409448818897637 églises
388.06299212598424 295.37007874015745 31.181102362204726 20.409448818897637 et
398.26771653543307 295.37007874015745 41.669291338582674 20.409448818897637 monas-

28.913385826771652 308.12598425196853 49.32283464566929 18.4251968503937 tères
61.79527559055118 308.12598425196853 32.881889763779526 18.4251968503937 du
78.23622047244095 308.12598425196853 54.70866141732284 18.4251968503937 XVIIIe
116.50393700787401 308.12598425196853 60.37795275590551 18.4251968503937 siècle.
160.44094488188978 308.12598425196853 32.881889763779526 18.4251968503937 Le
176.88188976377953 308.12598425196853 54.70866141732284 18.4251968503937 rythme
215.1496062992126 308.12598425196853 38.267716535433074 18.4251968503937 des
237.25984251968504 308.12598425196853 54.70866141732284 18.4251968503937 toiles
275.5275590551181 308.12598425196853 38.267716535433074 18.4251968503937 est
297.3543307086614 308.12598425196853 54.70866141732284 18.4251968503937 simple
335.90551181102364 308.12598425196853 32.881889763779526 18.4251968503937 et
352.34645669291336 308.12598425196853 76.81889763779527 18.4251968503937 concentré,
407.0551181102362 308.12598425196853 32.881889763779526 18.4251968503937 sans

29.763779527559056 324.56692913385825 76.53543307086615 18.141732283464567 recherche,
89.85826771653544 324.56692913385825 32.881889763779526 18.141732283464567 ni
106.2992125984252 324.56692913385825 60.09448818897638 18.141732283464567 calcul,
150.23622047244095 324.56692913385825 32.881889763779526 18.141732283464567 ni
166.39370078740157 324.56692913385825 92.97637795275591 18.141732283464567 exaspération.
243.21259842519686 324.56692913385825 32.881889763779526 18.141732283464567 Ce
259.65354330708664 324.56692913385825 49.32283464566929 18.141732283464567 n’est
292.53543307086613 324.56692913385825 38.267716535433074 18.141732283464567 pas
314.3622047244094 324.56692913385825 38.267716535433074 18.141732283464567 une
336.18897637795277 324.56692913385825 65.76377952755905 18.141732283464567 peinture
385.51181102362204 324.56692913385825 32.881889763779526 18.141732283464567 de
396.56692913385825 324.56692913385825 43.653543307086615 18.141732283464567 petits

30.330708661417322 337.8897637795276 60.37795275590551 19.84251968503937 moyens;
73.98425196850394 337.8897637795276 43.93700787401575 19.84251968503937 elle
101.48031496062993 337.8897637795276 60.37795275590551 19.84251968503937 respire
140.03149606299212 337.8897637795276 65.76377952755905 19.84251968503937 largement.

38.83464566929134 344.6929133858268 32.59842519685039 22.11023622047244 La
54.99212598425197 344.6929133858268 65.19685039370079 22.11023622047244 position
104.03149606299213 344.6929133858268 65.19685039370079 22.11023622047244 d’Arnulf
152.78740157480314 344.6929133858268 54.14173228346457 22.11023622047244 Rainer
190.77165354330708 344.6929133858268 37.98425196850393 22.11023622047244 est
212.31496062992127 344.6929133858268 70.58267716535433 22.11023622047244 nettement
266.74015748031496 344.6929133858268 75.96850393700787 22.11023622047244 ascétique.
326.26771653543307 344.6929133858268 37.98425196850393 22.11023622047244 Ses
348.09448818897636 344.6929133858268 59.811023622047244 22.11023622047244 efforts
386.0787401574803 344.6929133858268 54.14173228346457 22.11023622047244 austères

29.763779527559056 365.1023622047244 42.23622047244095 14.740157480314961 sont
56.125984251968504 365.1023622047244 84.18897637795276 14.740157480314961 parfaitement
124.7244094488189 365.1023622047244 68.31496062992126 14.740157480314961 légitimes
177.16535433070865 365.1023622047244 26.362204724409448 14.740157480314961 à
187.93700787401573 365.1023622047244 36.8503937007874 14.740157480314961 une
208.91338582677164 365.1023622047244 52.724409448818896 14.740157480314961 époque
245.76377952755905 365.1023622047244 36.8503937007874 14.740157480314961 qui
266.74015748031496 365.1023622047244 47.338582677165356 14.740157480314961 subit
298.48818897637796 365.1023622047244 36.8503937007874 14.740157480314961 une
319.46456692913387 365.1023622047244 68.31496062992126 14.740157480314961 véritable
372.18897637795277 365.1023622047244 68.31496062992126 14.740157480314961 inflation
419.5275590551181 365.1023622047244 20.976377952755904 14.740157480314961 de

30.04724409448819 377.5748031496063 26.078740157480315 15.590551181102363 «
40.25196850393701 377.5748031496063 72.85039370078741 15.590551181102363 sensations
97.51181102362204 377.5748031496063 26.078740157480315 15.590551181102363 »
108.0 377.5748031496063 72.85039370078741 15.590551181102363 visuelles.
165.25984251968504 377.5748031496063 36.28346456692913 15.590551181102363 Ses
185.95275590551182 377.5748031496063 51.874015748031496 15.590551181102363 toiles
222.23622047244095 377.5748031496063 72.85039370078741 15.590551181102363 prétendent
279.496062992126 377.5748031496063 36.28346456692913 15.590551181102363 que
300.4724409448819 377.5748031496063 31.181102362204726 15.590551181102363 la
316.06299212598424 377.5748031496063 67.74803149606299 15.590551181102363 plénitude
367.93700787401576 377.5748031496063 31.181102362204726 15.590551181102363 ne
383.5275590551181 377.5748031496063 31.181102362204726 15.590551181102363 se
394.01574803149606 377.5748031496063 46.77165354330709 15.590551181102363 cherche

30.04724409448819 394.86614173228344 34.86614173228347 12.188976377952756 pas
50.173228346456696 394.86614173228344 24.944881889763778 12.188976377952756 à
60.09448818897638 394.86614173228344 30.04724409448819 12.188976377952756 la
75.11811023622047 394.86614173228344 60.09448818897638 12.188976377952756 surface,
120.18897637795276 394.86614173228344 39.968503937007874 12.188976377952756 mais
145.13385826771653 394.86614173228344 60.09448818897638 12.188976377952756 derrière
190.20472440944883 394.86614173228344 64.91338582677166 12.188976377952756 celle-ci.
240.09448818897638 394.86614173228344 30.04724409448819 12.188976377952756 La
255.11811023622047 394.86614173228344 45.07086614173228 12.188976377952756 toile
285.1653543307087 394.86614173228344 54.99212598425197 12.188976377952756 devient
325.13385826771656 394.86614173228344 30.04724409448819 12.188976377952756 un
340.15748031496065 394.86614173228344 39.968503937007874 12.188976377952756 lieu
365.1023622047244 394.86614173228344 30.04724409448819 12.188976377952756 de
375.3070866141732 394.86614173228344 64.91338582677166 12.188976377952756 méditation.

30.04724409448819 403.37007874015745 56.125984251968504 15.590551181102363 L’acte
69.44881889763779 403.37007874015745 33.732283464566926 15.590551181102363 de
86.45669291338582 403.37007874015745 67.46456692913385 15.590551181102363 peindre,
136.91338582677164 403.37007874015745 73.13385826771653 15.590551181102363 dépouillé
193.3228346456693 403.37007874015745 39.40157480314961 15.590551181102363 des
215.71653543307087 403.37007874015745 56.125984251968504 15.590551181102363 gestes
255.11811023622047 403.37007874015745 67.46456692913385 15.590551181102363 bruyants
305.8582677165354 403.37007874015745 33.732283464566926 15.590551181102363 et
322.5826771653543 403.37007874015745 56.125984251968504 15.590551181102363 libéré
361.98425196850394 403.37007874015745 39.40157480314961 15.590551181102363 des
378.99212598425197 403.37007874015745 61.79527559055118 15.590551181102363 prétextes

29.480314960629922 414.1417322834646 78.23622047244095 18.4251968503937 figuratifs,
91.84251968503936 414.1417322834646 31.181102362204726 18.4251968503937 se
107.43307086614173 414.1417322834646 41.669291338582674 18.4251968503937 voue
133.51181102362204 414.1417322834646 31.181102362204726 18.4251968503937 au
149.10236220472441 414.1417322834646 46.77165354330709 18.4251968503937 culte
180.56692913385828 414.1417322834646 31.181102362204726 18.4251968503937 du
196.15748031496062 414.1417322834646 26.078740157480315 18.4251968503937 «
206.64566929133858 414.1417322834646 52.15748031496063 18.4251968503937 semper
242.9291338582677 414.1417322834646 46.77165354330709 18.4251968503937 eadem
274.3937007874016 414.1417322834646 31.181102362204726 18.4251968503937 »,
289.98425196850394 414.1417322834646 62.645669291338585 18.4251968503937 refusant
336.755905511811 414.1417322834646 36.56692913385827 18.4251968503937 cet
352.34645669291336 414.1417322834646 88.7244094488189 18.4251968503937 exhibitionnisme

30.04724409448819 430.86614173228344 62.36220472440945 13.88976377952756 éphémère
76.81889763779527 430.86614173228344 31.181102362204726 13.88976377952756 du
92.40944881889764 430.86614173228344 26.078740157480315 13.88976377952756 «
102.61417322834646 430.86614173228344 83.05511811023622 13.88976377952756 divertissant
170.36220472440945 430.86614173228344 31.181102362204726 13.88976377952756 »,
185.95275590551182 430.86614173228344 41.669291338582674 13.88976377952756 dont
211.748031496063 430.86614173228344 46.77165354330709 13.88976377952756 notre
242.9291338582677 430.86614173228344 83.05511811023622 13.88976377952756 civilisation
310.6771653543307 430.86614173228344 41.669291338582674 13.88976377952756 nous
336.4724409448819 430.86614173228344 46.77165354330709 13.88976377952756 rabat
367.65354330708664 430.86614173228344 36.28346456692913 13.88976377952756 les
383.244094488189 430.86614173228344 57.25984251968504 13.88976377952756 oreilles.

39.968503937007874 439.65354330708664 38.55118110236221 18.4251968503937 Les
61.79527559055118 439.65354330708664 82.48818897637796 18.4251968503937 eaux-fortes
127.84251968503936 439.65354330708664 66.04724409448819 18.4251968503937 romaines
177.4488188976378 439.65354330708664 60.37795275590551 18.4251968503937 d’Anton
221.38582677165354 439.65354330708664 60.37795275590551 18.4251968503937 Lehmden
265.3228346456693 439.65354330708664 66.04724409448819 18.4251968503937 prouvent
314.92913385826773 439.65354330708664 38.55118110236221 18.4251968503937 que
336.755905511811 439.65354330708664 49.60629921259842 18.4251968503937 cette
369.9212598425197 439.65354330708664 49.60629921259842 18.4251968503937 ville
397.4173228346457 439.65354330708664 43.93700787401575 18.4251968503937 millé-

30.89763779527559 453.25984251968504 51.874015748031496 18.141732283464567 naire,
67.18110236220473 453.25984251968504 36.28346456692913 18.141732283464567 aux
87.8740157480315 453.25984251968504 88.15748031496064 18.141732283464567 exploitations
160.44094488188978 453.25984251968504 77.95275590551181 18.141732283464567 artistiques
222.8031496062992 453.25984251968504 88.15748031496064 18.141732283464567 innombrables,
295.37007874015745 453.25984251968504 46.77165354330709 18.141732283464567 garde
326.5511811023622 453.25984251968504 62.36220472440945 18.141732283464567 toujours
373.3228346456693 453.25984251968504 36.28346456692913 18.141732283464567 ses
388.9133858267717 453.25984251968504 51.874015748031496 18.141732283464567 secrets.

30.614173228346456 470.26771653543307 31.181102362204726 16.724409448818896 Il
46.20472440944882 470.26771653543307 51.874015748031496 16.724409448818896 suffit
82.48818897637796 470.26771653543307 31.181102362204726 16.724409448818896 de
98.07874015748031 470.26771653543307 77.95275590551181 16.724409448818896 l’approcher
160.44094488188978 470.26771653543307 41.669291338582674 16.724409448818896 sous
186.51968503937007 470.26771653543307 57.25984251968504 16.724409448818896 l’angle
227.90551181102362 470.26771653543307 51.874015748031496 16.724409448818896 intime
264.4724409448819 470.26771653543307 31.181102362204726 16.724409448818896 de
280.06299212598424 470.26771653543307 31.181102362204726 16.724409448818896 la
295.65354330708664 470.26771653543307 83.05511811023622 16.724409448818896 défaillance,
363.11811023622045 470.26771653543307 31.181102362204726 16.724409448818896 de
378.70866141732284 470.26771653543307 46.77165354330709 16.724409448818896 cette
404.78740157480314 470.26771653543307 36.28346456692913 16.724409448818896 lente

30.89763779527559 483.0236220472441 69.16535433070867 15.307086614173228 décadence
84.18897637795276 483.0236220472441 37.13385826771653 15.307086614173228 des
105.44881889763779 483.0236220472441 53.29133858267716 15.307086614173228 choses
142.86614173228347 483.0236220472441 47.90551181102362 15.307086614173228 dites
174.61417322834646 483.0236220472441 58.67716535433071 15.307086614173228 mortes,
217.13385826771653 483.0236220472441 37.13385826771653 15.307086614173228 qui
238.6771653543307 483.0236220472441 53.29133858267716 15.307086614173228 dégage
275.81102362204723 483.0236220472441 37.13385826771653 15.307086614173228 une
297.07086614173227 483.0236220472441 37.13385826771653 15.307086614173228 vie
318.3307086614173 483.0236220472441 58.67716535433071 15.307086614173228 étrange
360.8503937007874 483.0236220472441 32.031496062992126 15.307086614173228 et
371.62204724409446 483.0236220472441 69.16535433070867 15.307086614173228 fascinante.

40.53543307086614 492.37795275590554 40.25196850393701 20.976377952755904 Les
63.496062992125985 492.37795275590554 80.22047244094489 20.976377952755904 sculptures
126.4251968503937 492.37795275590554 74.55118110236221 20.976377952755904 d’Andreas
183.68503937007873 492.37795275590554 62.92913385826772 20.976377952755904 Urteil,
229.60629921259843 492.37795275590554 51.59055118110236 20.976377952755904 élève
263.90551181102364 492.37795275590554 34.2992125984252 20.976377952755904 de
281.1968503937008 492.37795275590554 68.88188976377953 20.976377952755904 Wotruba,
332.78740157480314 492.37795275590554 68.88188976377953 20.976377952755904 semblent
384.37795275590554 492.37795275590554 57.25984251968504 20.976377952755904 encore
418.6771653543307 492.37795275590554 22.96062992125984 20.976377952755904 se

31.181102362204726 507.40157480314963 69.44881889763779 19.275590551181104 chercher.
84.4724409448819 507.40157480314963 69.44881889763779 19.275590551181104 Plusieurs
138.04724409448818 507.40157480314963 101.48031496062993 19.275590551181104 préoccupations,
223.37007874015748 507.40157480314963 42.803149606299215 19.275590551181104 dont
250.01574803149606 507.40157480314963 58.67716535433071 19.275590551181104 chacune
292.53543307086613 507.40157480314963 37.41732283464567 19.275590551181104 est
313.79527559055117 507.40157480314963 69.44881889763779 19.275590551181104 légitime,
367.37007874015745 507.40157480314963 37.41732283464567 19.275590551181104 s’y
383.244094488189 507.40157480314963 58.67716535433071 19.275590551181104 disputent

30.89763779527559 522.1417322834645 32.881889763779526 15.307086614173228 la
47.338582677165356 522.1417322834645 82.20472440944881 15.307086614173228 prévalence:
113.10236220472441 522.1417322834645 32.881889763779526 15.307086614173228 la
129.54330708661416 522.1417322834645 71.14960629921259 15.307086614173228 recherche
184.251968503937 522.1417322834645 49.32283464566929 15.307086614173228 d’une
217.13385826771653 522.1417322834645 76.81889763779527 15.307086614173228 figuration
277.2283464566929 522.1417322834645 71.14960629921259 15.307086614173228 mythique,
332.2204724409449 522.1417322834645 32.881889763779526 15.307086614173228 la
348.37795275590554 522.1417322834645 60.37795275590551 15.307086614173228 volonté
386.92913385826773 522.1417322834645 54.70866141732284 15.307086614173228 spatiale

30.89763779527559 532.0629921259842 31.748031496062993 23.52755905511811 et
46.77165354330709 532.0629921259842 68.88188976377953 23.52755905511811 dynamique
99.77952755905511 532.0629921259842 31.748031496062993 23.52755905511811 et
115.65354330708661 532.0629921259842 58.110236220472444 23.52755905511811 l’amour
158.17322834645668 532.0629921259842 31.748031496062993 23.52755905511811 de
174.04724409448818 532.0629921259842 31.748031496062993 23.52755905511811 la
189.92125984251967 532.0629921259842 53.00787401574803 23.52755905511811 pierre
227.0551181102362 532.0629921259842 31.748031496062993 23.52755905511811 en
242.9291338582677 532.0629921259842 42.23622047244095 23.52755905511811 tant
269.29133858267716 532.0629921259842 37.13385826771653 23.52755905511811 que
290.5511811023622 532.0629921259842 47.62204724409449 23.52755905511811 masse
322.2992125984252 532.0629921259842 47.62204724409449 23.52755905511811 dense
354.0472440944882 532.0629921259842 31.748031496062993 23.52755905511811 et
364.53543307086613 532.0629921259842 37.13385826771653 23.52755905511811 rude.

337.3228346456693 550.7716535433071 64.91338582677166 23.811023622047244 Werner
376.4409448818898 550.7716535433071 64.91338582677166 23.811023622047244 Hofmann.
