515.3385826771654 625.6062992125984
57.25984251968504 5.3858267716535435 123.8740157480315 14.740157480314961 COSTA

156.4724409448819 90.4251968503937 65.48031496062993 16.724409448818896 Commissaire
208.62992125984252 90.4251968503937 47.90551181102362 16.724409448818896 Général
243.49606299212599 90.4251968503937 21.826771653543307 16.724409448818896 :
252.28346456692913 90.4251968503937 60.94488188976378 16.724409448818896 Joachin
295.93700787401576 90.4251968503937 56.69291338582677 16.724409448818896 Berrocal

155.6220472440945 99.77952755905511 56.976377952755904 13.606299212598426 Attaché
197.00787401574803 99.77952755905511 62.07874015748032 13.606299212598426 Culturel
238.39370078740157 99.77952755905511 31.181102362204726 13.606299212598426 près

155.90551181102362 107.14960629921259 73.7007874015748 17.291338582677167 l’Ambassade
214.86614173228347 107.14960629921259 29.480314960629922 17.291338582677167 de
229.60629921259843 107.14960629921259 68.88188976377953 17.291338582677167 Costa-Rica
283.748031496063 107.14960629921259 24.661417322834644 17.291338582677167 à
288.56692913385825 107.14960629921259 39.40157480314961 17.291338582677167 Paris.

109.7007874015748 175.46456692913387 44.78740157480315 26.64566929133858 C’est
139.748031496063 175.46456692913387 29.763779527559056 26.64566929133858 la
154.48818897637796 175.46456692913387 59.811023622047244 26.64566929133858 première
199.2755905511811 175.46456692913387 39.68503937007874 26.64566929133858 fois
224.2204724409449 175.46456692913387 34.86614173228347 26.64566929133858 que
244.06299212598427 175.46456692913387 29.763779527559056 26.64566929133858 le
259.0866141732283 175.46456692913387 69.73228346456693 26.64566929133858 Costa-Rica
313.79527559055117 175.46456692913387 24.944881889763778 26.64566929133858 a
323.7165354330709 175.46456692913387 29.763779527559056 26.64566929133858 la
338.74015748031496 175.46456692913387 74.55118110236221 26.64566929133858 possibilité
398.5511811023622 175.46456692913387 29.763779527559056 26.64566929133858 de
413.29133858267716 175.46456692913387 69.73228346456693 26.64566929133858 participer
468.0 175.46456692913387 24.944881889763778 26.64566929133858 à
473.1023622047244 175.46456692913387 19.84251968503937 26.64566929133858 la

100.91338582677166 191.90551181102362 62.645669291338585 17.858267716535433 Biennale
147.96850393700788 191.90551181102362 31.46456692913386 17.858267716535433 de
158.17322834645668 191.90551181102362 41.95275590551181 17.858267716535433 Paris.

108.85039370078741 206.36220472440945 30.04724409448819 22.393700787401574 Il
123.8740157480315 206.36220472440945 34.86614173228347 22.393700787401574 est
144.0 206.36220472440945 74.83464566929133 22.393700787401574 regrettable
203.81102362204723 206.36220472440945 34.86614173228347 22.393700787401574 que
223.6535433070866 206.36220472440945 34.86614173228347 22.393700787401574 des
243.7795275590551 206.36220472440945 54.99212598425197 22.393700787401574 raisons
283.748031496063 206.36220472440945 30.04724409448819 22.393700787401574 de
298.48818897637796 206.36220472440945 44.78740157480315 22.393700787401574 force
328.53543307086613 206.36220472440945 54.99212598425197 22.393700787401574 majeure
368.503937007874 206.36220472440945 44.78740157480315 22.393700787401574 aient
398.5511811023622 206.36220472440945 54.99212598425197 22.393700787401574 empêché
438.23622047244095 206.36220472440945 34.86614173228347 22.393700787401574 nos
453.25984251968504 206.36220472440945 39.968503937007874 22.393700787401574 jeunes

99.77952755905511 223.6535433070866 62.07874015748032 18.992125984251967 artistes
146.26771653543307 223.6535433070866 31.181102362204726 18.992125984251967 de
161.85826771653544 223.6535433070866 46.488188976377955 18.992125984251967 venir
193.03937007874015 223.6535433070866 62.07874015748032 18.992125984251967 nombreux
239.5275590551181 223.6535433070866 56.976377952755904 18.992125984251967 prendre
280.9133858267717 223.6535433070866 41.38582677165354 18.992125984251967 part
306.70866141732284 223.6535433070866 25.79527559055118 18.992125984251967 à
317.1968503937008 223.6535433070866 46.488188976377955 18.992125984251967 cette
348.37795275590554 223.6535433070866 88.15748031496064 18.992125984251967 manifestation
420.66141732283467 223.6535433070866 72.56692913385827 18.992125984251967 artistique
472.53543307086613 223.6535433070866 20.69291338582677 18.992125984251967 de

99.49606299212599 236.69291338582678 58.39370078740158 20.976377952755904 prestige
143.1496062992126 236.69291338582678 58.39370078740158 20.976377952755904 mondial.
187.08661417322836 236.69291338582678 43.653543307086615 20.976377952755904 Cette
216.0 236.69291338582678 48.75590551181102 20.976377952755904 année,
250.29921259842519 236.69291338582678 29.19685039370079 20.976377952755904 en
264.755905511811 236.69291338582678 48.75590551181102 20.976377952755904 effet,
298.7716535433071 236.69291338582678 29.19685039370079 20.976377952755904 le
313.2283464566929 236.69291338582678 68.03149606299213 20.976377952755904 Costa-Rica
366.8031496062992 236.69291338582678 29.19685039370079 20.976377952755904 ne
381.54330708661416 236.69291338582678 48.75590551181102 20.976377952755904 pourra
415.5590551181102 236.69291338582678 38.83464566929134 20.976377952755904 être
434.8346456692913 236.69291338582678 58.39370078740158 20.976377952755904 représenté

98.92913385826772 252.8503937007874 35.71653543307087 18.992125984251967 que
119.33858267716535 252.8503937007874 35.71653543307087 18.992125984251967 par
139.748031496063 252.8503937007874 30.614173228346456 18.992125984251967 un
155.33858267716536 252.8503937007874 40.818897637795274 18.992125984251967 seul
180.8503937007874 252.8503937007874 61.511811023622045 18.992125984251967 artiste,
226.77165354330708 252.8503937007874 40.818897637795274 18.992125984251967 bien
252.56692913385828 252.8503937007874 35.71653543307087 18.992125984251967 que
272.9763779527559 252.8503937007874 30.614173228346456 18.992125984251967 le
288.2834645669291 252.8503937007874 40.818897637795274 18.992125984251967 pays
313.79527559055117 252.8503937007874 30.614173228346456 18.992125984251967 en
329.1023622047244 252.8503937007874 35.71653543307087 18.992125984251967 ait
349.79527559055117 252.8503937007874 30.614173228346456 18.992125984251967 de
365.1023622047244 252.8503937007874 66.61417322834646 18.992125984251967 nombreux,
416.12598425196853 252.8503937007874 40.818897637795274 18.992125984251967 dont
436.53543307086613 252.8503937007874 56.40944881889764 18.992125984251967 plusieurs

98.92913385826772 263.62204724409446 30.330708661417322 18.4251968503937 de
109.13385826771653 263.62204724409446 45.354330708661415 18.4251968503937 talent.

107.14960629921259 279.21259842519686 37.13385826771653 22.677165354330707 Les
128.40944881889763 279.21259842519686 73.98425196850394 22.677165354330707 mouvements
186.51968503937007 279.21259842519686 37.13385826771653 22.677165354330707 qui
207.7795275590551 279.21259842519686 37.13385826771653 22.677165354330707 s’y
229.03937007874015 279.21259842519686 79.37007874015748 22.677165354330707 manifestent
292.53543307086613 279.21259842519686 47.62204724409449 22.677165354330707 vont,
324.2834645669291 279.21259842519686 53.00787401574803 22.677165354330707 depuis
361.13385826771656 279.21259842519686 37.13385826771653 22.677165354330707 les
382.3937007874016 279.21259842519686 73.98425196850394 22.677165354330707 figuratifs
435.40157480314963 279.21259842519686 58.110236220472444 22.677165354330707 jusqu’aux

97.22834645669292 292.81889763779526 72.0 21.25984251968504 abstraits,
153.63779527559055 292.81889763779526 30.89763779527559 21.25984251968504 en
169.22834645669292 292.81889763779526 56.40944881889764 21.25984251968504 passant
210.04724409448818 292.81889763779526 36.0 21.25984251968504 par
230.74015748031496 292.81889763779526 46.20472440944882 21.25984251968504 toute
261.6377952755906 292.81889763779526 30.89763779527559 21.25984251968504 la
276.9448818897638 292.81889763779526 46.20472440944882 21.25984251968504 gamme
307.84251968503935 292.81889763779526 36.0 21.25984251968504 des
328.251968503937 292.81889763779526 51.30708661417323 21.25984251968504 écoles
364.251968503937 292.81889763779526 72.0 21.25984251968504 nouvelles.
420.66141732283467 292.81889763779526 51.30708661417323 21.25984251968504 C’est,
451.5590551181102 292.81889763779526 41.10236220472441 21.25984251968504 cepen-

97.51181102362204 308.9763779527559 47.338582677165356 21.25984251968504 dant,
129.25984251968504 308.9763779527559 42.23622047244095 21.25984251968504 dans
155.6220472440945 308.9763779527559 84.4724409448819 21.25984251968504 l’expression
224.2204724409449 308.9763779527559 68.5984251968504 21.25984251968504 abstraite
276.9448818897638 308.9763779527559 36.8503937007874 21.25984251968504 que
298.20472440944883 308.9763779527559 31.748031496062993 21.25984251968504 se
313.79527559055117 308.9763779527559 63.21259842519685 21.25984251968504 plaisent
361.4173228346457 308.9763779527559 31.748031496062993 21.25984251968504 de
377.29133858267716 308.9763779527559 73.98425196850394 21.25984251968504 préférence
435.11811023622045 308.9763779527559 36.8503937007874 21.25984251968504 nos
450.99212598425197 308.9763779527559 42.23622047244095 21.25984251968504 jeunes

97.51181102362204 323.1496062992126 66.89763779527559 22.11023622047244 peintres,
148.8188976377953 323.1496062992126 25.79527559055118 22.11023622047244 à
159.0236220472441 323.1496062992126 30.89763779527559 22.11023622047244 la
174.61417322834646 323.1496062992126 41.10236220472441 22.11023622047244 tête
200.1259842519685 323.1496062992126 61.511811023622045 22.11023622047244 desquels
246.33070866141733 323.1496062992126 61.511811023622045 22.11023622047244 pourrait
292.53543307086613 323.1496062992126 41.10236220472441 22.11023622047244 être
318.3307086614173 323.1496062992126 46.20472440944882 22.11023622047244 nommé
349.2283464566929 323.1496062992126 51.30708661417323 22.11023622047244 Manuel
385.2283464566929 323.1496062992126 30.89763779527559 22.11023622047244 de
400.53543307086613 323.1496062992126 30.89763779527559 22.11023622047244 la
415.84251968503935 323.1496062992126 41.10236220472441 22.11023622047244 Cruz
436.53543307086613 323.1496062992126 56.40944881889764 22.11023622047244 Gonzâlez.

105.44881889763779 333.9212598425197 47.90551181102362 26.078740157480315 Cette
137.48031496062993 333.9212598425197 53.00787401574803 26.078740157480315 année,
174.61417322834646 333.9212598425197 31.748031496062993 26.078740157480315 le
190.48818897637796 333.9212598425197 47.90551181102362 26.078740157480315 Costa
222.23622047244095 333.9212598425197 42.51968503937008 26.078740157480315 Rica
248.88188976377953 333.9212598425197 74.26771653543307 26.078740157480315 présentera
307.2755905511811 333.9212598425197 31.748031496062993 26.078740157480315 le
323.1496062992126 333.9212598425197 58.39370078740158 26.078740157480315 peintre
365.6692913385827 333.9212598425197 31.748031496062993 26.078740157480315 et
381.54330708661416 333.9212598425197 31.748031496062993 26.078740157480315 le
397.4173228346457 333.9212598425197 58.39370078740158 26.078740157480315 graveur
439.93700787401576 333.9212598425197 42.51968503937008 26.078740157480315 Juan
461.1968503937008 333.9212598425197 31.748031496062993 26.078740157480315 Luis

97.51181102362204 350.3622047244094 64.34645669291339 22.96062992125984 Rodriguez
146.83464566929135 350.3622047244094 54.425196850393704 22.96062992125984 Sibaja,
186.23622047244095 350.3622047244094 39.40157480314961 22.96062992125984 dont
210.89763779527559 350.3622047244094 29.763779527559056 22.96062992125984 le
225.92125984251967 350.3622047244094 49.32283464566929 22.96062992125984 public
260.503937007874 350.3622047244094 59.24409448818898 22.96062992125984 parisien
305.00787401574803 350.3622047244094 44.503937007874015 22.96062992125984 saura
334.48818897637796 350.3622047244094 64.34645669291339 22.96062992125984 apprécier
384.09448818897636 350.3622047244094 34.58267716535433 22.96062992125984 les
403.65354330708664 350.3622047244094 49.32283464566929 22.96062992125984 œuvres
433.4173228346457 350.3622047244094 59.24409448818898 22.96062992125984 picturales

96.66141732283465 367.65354330708664 36.56692913385827 20.69291338582677 qui
117.35433070866142 367.65354330708664 31.46456692913386 20.69291338582677 le
133.22834645669292 367.65354330708664 68.03149606299213 20.69291338582677 signalent
185.66929133858267 367.65354330708664 47.05511811023622 20.69291338582677 comme
217.13385826771653 367.65354330708664 36.56692913385827 20.69291338582677 une
238.11023622047244 367.65354330708664 52.44094488188976 20.69291338582677 valeur
274.6771653543307 367.65354330708664 62.92913385826772 20.69291338582677 positive
321.73228346456693 367.65354330708664 31.46456692913386 20.69291338582677 de
337.6062992125984 367.65354330708664 31.46456692913386 20.69291338582677 la
353.1968503937008 367.65354330708664 47.05511811023622 20.69291338582677 jeune
379.5590551181102 367.65354330708664 68.03149606299213 20.69291338582677 génération.

395.7165354330709 394.86614173228344 58.960629921259844 18.4251968503937 Joachin
433.4173228346457 394.86614173228344 58.960629921259844 18.4251968503937 Berrocal.

226.77165354330708 426.8976377952756 69.73228346456693 23.52755905511811 SECTION
277.51181102362204 426.8976377952756 50.74015748031496 23.52755905511811 ARTS
302.74015748031496 426.8976377952756 76.25196850393701 23.52755905511811 PLASTIQUES

246.89763779527559 446.74015748031496 71.14960629921259 20.125984251968504 PEINTURE
300.4724409448819 446.74015748031496 35.71653543307087 20.125984251968504 ET
312.09448818897636 446.74015748031496 47.62204724409449 20.125984251968504 DESSIN

114.51968503937007 457.79527559055117 61.22834645669291 25.511811023622048 Juan
159.0236220472441 457.79527559055117 44.503937007874015 25.511811023622048 Luis
186.8031496062992 457.79527559055117 72.28346456692914 25.511811023622048 RODRIGUEZ
242.36220472440945 457.79527559055117 83.33858267716535 25.511811023622048 SIBAJA
308.9763779527559 457.79527559055117 33.44881889763779 25.511811023622048 né
325.7007874015748 457.79527559055117 27.77952755905512 25.511811023622048 à
336.755905511811 457.79527559055117 66.61417322834646 25.511811023622048 San-José
386.92913385826773 457.79527559055117 33.44881889763779 25.511811023622048 en
397.98425196850394 457.79527559055117 38.83464566929134 25.511811023622048 1934.

100.06299212598425 472.251968503937 53.00787401574803 20.69291338582677 1
140.03149606299212 472.251968503937 66.33070866141732 20.69291338582677 Broussaille
193.03937007874015 472.251968503937 26.64566929133858 20.69291338582677 2,
206.36220472440945 472.251968503937 35.43307086614173 20.69291338582677 1961
228.4724409448819 472.251968503937 48.75590551181102 20.69291338582677 (huile,
259.37007874015745 472.251968503937 48.75590551181102 20.69291338582677 146x114).

99.49606299212599 485.29133858267716 54.425196850393704 19.84251968503937 2
140.31496062992127 485.29133858267716 40.818897637795274 19.84251968503937 Chaos
167.24409448818898 485.29133858267716 67.74803149606299 19.84251968503937 structural,
221.66929133858267 485.29133858267716 36.28346456692913 19.84251968503937 1961
244.3464566929134 485.29133858267716 49.889763779527556 19.84251968503937 (huile,
275.81102362204723 485.29133858267716 49.889763779527556 19.84251968503937 89x130)*.

265.8897637795276 511.37007874015745 66.04724409448819 17.291338582677167 GRAVURE

113.66929133858268 522.4251968503937 60.94488188976378 29.19685039370079 Juan
158.17322834645668 522.4251968503937 44.22047244094488 29.19685039370079 Luis
185.66929133858267 522.4251968503937 72.0 29.19685039370079 RODRIGUEZ
240.9448818897638 522.4251968503937 83.05511811023622 29.19685039370079 SIBAJA
307.2755905511811 522.4251968503937 33.16535433070866 29.19685039370079 né
324.0 522.4251968503937 27.77952755905512 29.19685039370079 à
335.0551181102362 522.4251968503937 38.83464566929134 29.19685039370079 San
357.1653543307087 522.4251968503937 44.22047244094488 29.19685039370079 José
384.66141732283467 522.4251968503937 33.16535433070866 29.19685039370079 en
395.7165354330709 522.4251968503937 38.83464566929134 29.19685039370079 1934.

99.21259842519684 539.4330708661417 53.85826771653543 21.25984251968504 3
139.748031496063 539.4330708661417 53.85826771653543 21.25984251968504 Eléments
180.28346456692913 539.4330708661417 49.32283464566929 21.25984251968504 actifs,
216.28346456692913 539.4330708661417 36.0 21.25984251968504 1961
238.6771653543307 539.4330708661417 67.46456692913385 21.25984251968504 (eau-forte,
288.0 539.4330708661417 40.53543307086614 21.25984251968504 30x34).

99.21259842519684 550.488188976378 56.125984251968504 22.393700787401574 4
141.16535433070865 550.488188976378 41.95275590551181 22.393700787401574 Image
169.22834645669292 550.488188976378 60.661417322834644 22.393700787401574 karmique,
216.0 550.488188976378 37.41732283464567 22.393700787401574 1961
239.24409448818898 550.488188976378 60.661417322834644 22.393700787401574 (gravure,
281.4803149606299 550.488188976378 41.95275590551181 22.393700787401574 35x50).

105.44881889763779 594.7086614173228 27.212598425196852 13.039370078740157 32
