486.1417322834646 625.6062992125984
376.4409448818898 2.8346456692913384 106.58267716535433 21.25984251968504 FINLANDE

89.5748031496063 124.15748031496064 70.01574803149606 26.64566929133858 Commissaire
145.41732283464566 124.15748031496064 51.30708661417323 26.64566929133858 Général
182.83464566929135 124.15748031496064 23.244094488188978 26.64566929133858 :
192.18897637795277 124.15748031496064 60.661417322834644 26.64566929133858 Kaarlo
234.14173228346456 124.15748031496064 55.84251968503937 26.64566929133858 Koroma

89.00787401574803 144.0 75.11811023622047 13.88976377952756 Secrétaire
147.96850393700788 144.0 58.960629921259844 13.88976377952756 Général
191.0551181102362 144.0 32.31496062992126 13.88976377952756 de
207.21259842519686 144.0 32.31496062992126 13.88976377952756 la
217.98425196850394 144.0 48.188976377952756 13.88976377952756 Société

89.5748031496063 154.77165354330708 33.44881889763779 13.606299212598426 des
108.85039370078741 154.77165354330708 57.25984251968504 13.606299212598426 Artistes
146.83464566929135 154.77165354330708 62.07874015748032 13.606299212598426 Finlandais.

42.803149606299215 231.0236220472441 43.93700787401575 19.84251968503937 Deux
70.01574803149606 231.0236220472441 71.14960629921259 19.84251968503937 peintres,
124.7244094488189 231.0236220472441 60.37795275590551 19.84251968503937 adeptes
168.66141732283464 231.0236220472441 32.881889763779526 19.84251968503937 de
185.10236220472441 231.0236220472441 32.881889763779526 19.84251968503937 la
201.54330708661416 231.0236220472441 65.76377952755905 19.84251968503937 tendance
250.86614173228347 231.0236220472441 82.20472440944881 19.84251968503937 informelle,
316.62992125984255 231.0236220472441 38.267716535433074 19.84251968503937 qui
338.45669291338584 231.0236220472441 38.267716535433074 19.84251968503937 ont
360.2834645669291 231.0236220472441 54.70866141732284 19.84251968503937 débuté
398.5511811023622 231.0236220472441 38.267716535433074 19.84251968503937 sur
414.99212598425197 231.0236220472441 27.496062992125985 19.84251968503937 des

33.16535433070866 248.31496062992127 47.338582677165356 16.15748031496063 bases
64.91338582677166 248.31496062992127 104.88188976377953 16.15748031496063 expressionnistes
153.92125984251967 248.31496062992127 31.46456692913386 16.15748031496063 et
169.79527559055117 248.31496062992127 36.8503937007874 16.15748031496063 ont
190.77165354330708 248.31496062992127 41.95275590551181 16.15748031496063 reçu
217.13385826771653 248.31496062992127 36.8503937007874 16.15748031496063 une
238.11023622047244 248.31496062992127 68.31496062992126 16.15748031496063 influence
290.5511811023622 248.31496062992127 99.77952755905511 16.15748031496063 caractéristique
374.45669291338584 248.31496062992127 31.46456692913386 16.15748031496063 de
384.9448818897638 248.31496062992127 57.826771653543304 16.15748031496063 l’expres-

32.31496062992126 263.33858267716533 44.22047244094488 14.740157480314961 sion
60.09448818897638 263.33858267716533 66.61417322834646 14.740157480314961 nordique
109.98425196850394 263.33858267716533 33.16535433070866 14.740157480314961 de
126.70866141732283 263.33858267716533 49.889763779527556 14.740157480314961 cette
159.8740157480315 263.33858267716533 66.61417322834646 14.740157480314961 tendance
209.76377952755905 263.33858267716533 72.0 14.740157480314961 actuelle,
265.3228346456693 263.33858267716533 99.77952755905511 14.740157480314961 représenteront
348.37795275590554 263.33858267716533 33.16535433070866 14.740157480314961 la
365.1023622047244 263.33858267716533 66.61417322834646 14.740157480314961 Finlande
414.99212598425197 263.33858267716533 27.77952755905512 14.740157480314961 à
420.66141732283467 263.33858267716533 22.11023622047244 14.740157480314961 la

33.16535433070866 275.244094488189 68.31496062992126 17.858267716535433 Biennale
84.18897637795276 275.244094488189 34.01574803149607 17.858267716535433 de
101.48031496062993 275.244094488189 56.976377952755904 17.858267716535433 Paris.
141.16535433070865 275.244094488189 34.01574803149607 17.858267716535433 La
158.17322834645668 275.244094488189 68.31496062992126 17.858267716535433 peinture
209.48031496062993 275.244094488189 34.01574803149607 17.858267716535433 de
226.48818897637796 275.244094488189 56.976377952755904 17.858267716535433 Jaakke
266.1732283464567 275.244094488189 68.31496062992126 17.858267716535433 Sievânen
317.4803149606299 275.244094488189 56.976377952755904 17.858267716535433 repose
357.1653543307087 275.244094488189 39.68503937007874 17.858267716535433 sur
379.84251968503935 275.244094488189 34.01574803149607 17.858267716535433 la
397.13385826771656 275.244094488189 45.354330708661415 17.858267716535433 joie
419.81102362204723 275.244094488189 22.677165354330707 17.858267716535433 de

32.031496062992126 289.4173228346457 50.45669291338583 17.007874015748033 vivre
65.76377952755905 289.4173228346457 89.85826771653544 17.007874015748033 étincelante,
138.89763779527559 289.4173228346457 45.07086614173228 17.007874015748033 mais
166.96062992125985 289.4173228346457 95.5275590551181 17.007874015748033 simultanément
245.48031496062993 289.4173228346457 73.13385826771653 17.007874015748033 discrète,
301.8897637795276 289.4173228346457 56.125984251968504 17.007874015748033 tandis
341.00787401574803 289.4173228346457 39.40157480314961 17.007874015748033 que
363.68503937007875 289.4173228346457 45.07086614173228 17.007874015748033 Esko
386.0787401574803 289.4173228346457 56.125984251968504 17.007874015748033 Tirronen

32.881889763779526 306.99212598425197 76.53543307086615 14.173228346456693 représente
92.97637795275591 306.99212598425197 43.653543307086615 14.173228346456693 plus
120.18897637795276 306.99212598425197 92.97637795275591 14.173228346456693 distinctement
197.00787401574803 306.99212598425197 38.267716535433074 14.173228346456693 une
218.83464566929135 306.99212598425197 49.32283464566929 14.173228346456693 force
251.71653543307087 306.99212598425197 81.92125984251969 14.173228346456693 silencieuse
317.1968503937008 306.99212598425197 65.76377952755905 14.173228346456693 inspirée
366.5196850393701 306.99212598425197 32.881889763779526 14.173228346456693 de
382.96062992125985 306.99212598425197 32.881889763779526 14.173228346456693 la
393.73228346456693 306.99212598425197 49.32283464566929 14.173228346456693 nature.

42.803149606299215 317.76377952755905 32.881889763779526 16.15748031496063 Le
59.24409448818898 317.76377952755905 71.43307086614173 16.15748031496063 sculpteur
113.95275590551181 317.76377952755905 43.93700787401575 16.15748031496063 Kain
141.4488188976378 317.76377952755905 54.70866141732284 16.15748031496063 Tapper
179.71653543307087 317.76377952755905 32.881889763779526 16.15748031496063 se
196.15748031496062 317.76377952755905 49.32283464566929 16.15748031496063 situe
229.03937007874015 317.76377952755905 71.43307086614173 16.15748031496063 également
284.0314960629921 317.76377952755905 54.70866141732284 16.15748031496063 proche
322.2992125984252 317.76377952755905 32.881889763779526 16.15748031496063 de
338.74015748031496 317.76377952755905 32.881889763779526 16.15748031496063 la
355.18110236220474 317.76377952755905 65.76377952755905 16.15748031496063 tendance
399.11811023622045 317.76377952755905 43.93700787401575 16.15748031496063 infor-

33.44881889763779 333.9212598425197 45.07086614173228 15.590551181102363 melle
63.496062992125985 333.9212598425197 39.968503937007874 15.590551181102363 dans
88.44094488188976 333.9212598425197 30.04724409448819 15.590551181102363 sa
103.46456692913385 333.9212598425197 64.91338582677166 15.590551181102363 sculpture
153.35433070866142 333.9212598425197 24.944881889763778 15.590551181102363 «
163.55905511811022 333.9212598425197 49.889763779527556 15.590551181102363 Relief
198.4251968503937 333.9212598425197 30.04724409448819 15.590551181102363 »,
213.4488188976378 333.9212598425197 34.86614173228347 15.590551181102363 qui
233.5748031496063 333.9212598425197 24.944881889763778 15.590551181102363 a
243.49606299212599 333.9212598425197 49.889763779527556 15.590551181102363 obtenu
278.3622047244094 333.9212598425197 30.04724409448819 15.590551181102363 le
293.38582677165357 333.9212598425197 39.968503937007874 15.590551181102363 prix
318.3307086614173 333.9212598425197 30.04724409448819 15.590551181102363 de
333.3543307086614 333.9212598425197 49.889763779527556 15.590551181102363 l’Etat
368.503937007874 333.9212598425197 30.04724409448819 15.590551181102363 de
383.244094488189 333.9212598425197 45.07086614173228 15.590551181102363 cette
408.4724409448819 333.9212598425197 34.86614173228347 15.590551181102363 année

33.16535433070866 352.06299212598424 32.31496062992126 13.88976377952756 et
49.32283464566929 352.06299212598424 37.7007874015748 13.88976377952756 qui
70.86614173228347 352.06299212598424 75.68503937007874 13.88976377952756 appartient
130.39370078740157 352.06299212598424 37.7007874015748 13.88976377952756 aux
151.93700787401573 352.06299212598424 81.07086614173228 13.88976377952756 collections
216.8503937007874 352.06299212598424 32.31496062992126 13.88976377952756 du
233.00787401574803 352.06299212598424 48.75590551181102 13.88976377952756 Musée
265.6062992125984 352.06299212598424 48.75590551181102 13.88976377952756 d’Art
292.53543307086613 352.06299212598424 64.91338582677166 13.88976377952756 d’Athénée.

43.37007874015748 364.53543307086613 32.881889763779526 17.858267716535433 Le
59.811023622047244 364.53543307086613 60.37795275590551 17.858267716535433 graveur
103.46456692913385 364.53543307086613 49.32283464566929 17.858267716535433 Meeri
136.3464566929134 364.53543307086613 71.14960629921259 17.858267716535433 Torvinen,
191.33858267716536 364.53543307086613 43.93700787401575 17.858267716535433 dans
218.5511811023622 364.53543307086613 38.267716535433074 17.858267716535433 son
240.66141732283464 364.53543307086613 49.32283464566929 17.858267716535433 œuvre
273.54330708661416 364.53543307086613 38.267716535433074 17.858267716535433 sur
295.37007874015745 364.53543307086613 54.70866141732284 17.858267716535433 métal,
333.6377952755906 364.53543307086613 76.81889763779527 17.858267716535433 représente
394.01574803149606 364.53543307086613 38.267716535433074 17.858267716535433 les
410.45669291338584 364.53543307086613 32.881889763779526 17.858267716535433 ten-

32.881889763779526 378.70866141732284 55.84251968503937 20.69291338582677 dances
72.0 378.70866141732284 39.118110236220474 20.69291338582677 non
94.39370078740157 378.70866141732284 83.62204724409449 20.69291338582677 figuratives
161.29133858267716 378.70866141732284 33.44881889763779 20.69291338582677 de
178.01574803149606 378.70866141732284 39.118110236220474 20.69291338582677 ces
200.40944881889763 378.70866141732284 66.89763779527559 20.69291338582677 derniers
244.91338582677164 378.70866141732284 44.78740157480315 20.69291338582677 temps.

167.24409448818898 450.99212598425197 72.0 17.5748031496063 SECTION
219.68503937007873 450.99212598425197 52.44094488188976 17.5748031496063 ARTS
245.76377952755905 450.99212598425197 78.51968503937007 17.5748031496063 PLASTIQUES

189.35433070866142 474.23622047244095 74.55118110236221 22.677165354330707 PEINTURE
245.48031496062993 474.23622047244095 37.41732283464567 22.677165354330707 ET
257.6692913385827 474.23622047244095 49.889763779527556 22.677165354330707 DESSIN

54.70866141732284 495.7795275590551 70.01574803149606 17.858267716535433 Jaakke
108.56692913385827 495.7795275590551 91.55905511811024 17.858267716535433 SIEVANEN
184.251968503937 495.7795275590551 32.31496062992126 17.858267716535433 né
200.40944881889763 495.7795275590551 26.929133858267715 17.858267716535433 à
211.1811023622047 495.7795275590551 48.47244094488189 17.858267716535433 Renko
243.49606299212599 495.7795275590551 32.31496062992126 17.858267716535433 en
254.26771653543307 495.7795275590551 37.7007874015748 17.858267716535433 1932.

39.68503937007874 511.37007874015745 53.85826771653543 14.456692913385826 1
80.22047244094489 511.37007874015745 58.39370078740158 14.456692913385826 Peinture,
125.00787401574803 511.37007874015745 36.0 14.456692913385826 1961
147.68503937007873 511.37007874015745 49.32283464566929 14.456692913385826 (huile,
179.1496062992126 511.37007874015745 49.32283464566929 14.456692913385826 170x123).

39.118110236220474 525.2598425196851 54.425196850393704 15.590551181102363 2
79.93700787401575 525.2598425196851 58.960629921259844 15.590551181102363 Peinture,
125.29133858267717 525.2598425196851 36.28346456692913 15.590551181102363 1961
147.96850393700788 525.2598425196851 49.889763779527556 15.590551181102363 (huile,
179.71653543307087 525.2598425196851 54.425196850393704 15.590551181102363 125x170)*.

55.55905511811024 541.1338582677165 57.54330708661417 15.023622047244094 ESKO
97.22834645669292 541.1338582677165 89.00787401574803 15.023622047244094 TIRRONEN
170.64566929133858 541.1338582677165 31.46456692913386 15.023622047244094 né
186.51968503937007 541.1338582677165 26.078740157480315 15.023622047244094 à
197.00787401574803 541.1338582677165 47.05511811023622 15.023622047244094 Harlu
228.4724409448819 541.1338582677165 31.46456692913386 15.023622047244094 en
238.96062992125985 541.1338582677165 36.56692913385827 15.023622047244094 1934.

39.68503937007874 553.8897637795276 57.54330708661417 17.291338582677167 3
82.77165354330708 553.8897637795276 71.71653543307086 17.291338582677167 Prometheus,
140.31496062992127 553.8897637795276 38.267716535433074 17.291338582677167 1960
164.1259842519685 553.8897637795276 52.724409448818896 17.291338582677167 (huile,
197.5748031496063 553.8897637795276 52.724409448818896 17.291338582677167 114x195).

395.7165354330709 596.1259842519685 26.078740157480315 16.440944881889763 41
