515.3385826771654 625.6062992125984
73.7007874015748 6.803149606299213 115.37007874015748 19.559055118110237 MANIFESTATIONS
166.96062992125985 6.803149606299213 71.43307086614173 19.559055118110237 ANNEXES

212.03149606299212 155.90551181102362 101.19685039370079 23.811023622047244 EXPOSITION
293.9527559055118 155.90551181102362 44.22047244094488 23.811023622047244 JAN
312.9448818897638 155.90551181102362 101.19685039370079 23.811023622047244 LEBENSTEIN

124.15748031496064 181.13385826771653 25.228346456692915 19.84251968503937 A
134.36220472440945 181.13385826771653 30.330708661417322 19.84251968503937 la
149.38582677165354 181.13385826771653 60.661417322834644 19.84251968503937 Biennale
195.0236220472441 181.13385826771653 45.354330708661415 19.84251968503937 1959,
225.0708661417323 181.13385826771653 30.330708661417322 19.84251968503937 la
240.3779527559055 181.13385826771653 45.354330708661415 19.84251968503937 Ville
270.70866141732284 181.13385826771653 30.330708661417322 19.84251968503937 de
285.73228346456693 181.13385826771653 45.354330708661415 19.84251968503937 Paris
316.06299212598424 181.13385826771653 55.55905511811024 19.84251968503937 offrait
356.59842519685037 181.13385826771653 30.330708661417322 19.84251968503937 un
371.62204724409446 181.13385826771653 40.53543307086614 19.84251968503937 prix
396.8503937007874 181.13385826771653 35.43307086614173 19.84251968503937 qui
416.9763779527559 181.13385826771653 70.58267716535433 19.84251968503937 consistait
472.53543307086613 181.13385826771653 30.330708661417322 19.84251968503937 en
482.74015748031496 181.13385826771653 25.228346456692915 19.84251968503937 une

113.95275590551181 196.44094488188978 74.55118110236221 14.740157480314961 exposition
172.62992125984252 196.44094488188978 85.03937007874016 14.740157480314961 particulière
241.79527559055117 196.44094488188978 42.51968503937008 14.740157480314961 dans
268.4409448818898 196.44094488188978 42.51968503937008 14.740157480314961 l’un
295.0866141732283 196.44094488188978 32.031496062992126 14.740157480314961 de
310.96062992125985 196.44094488188978 37.13385826771653 14.740157480314961 ses
332.2204724409449 196.44094488188978 58.67716535433071 14.740157480314961 musées.
374.74015748031496 196.44094488188978 37.13385826771653 14.740157480314961 Jan
396.2834645669291 196.44094488188978 74.55118110236221 14.740157480314961 Lebenstein
454.6771653543307 196.44094488188978 32.031496062992126 14.740157480314961 en
470.8346456692913 196.44094488188978 37.13385826771653 14.740157480314961 fut
486.70866141732284 196.44094488188978 21.25984251968504 14.740157480314961 le

108.56692913385827 208.3464566929134 51.023622047244096 16.15748031496063 lauréat.

124.44094488188976 211.46456692913387 81.92125984251969 23.52755905511811 Conformément
190.77165354330708 211.46456692913387 25.511811023622048 23.52755905511811 à
201.25984251968504 211.46456692913387 35.71653543307087 23.52755905511811 ces
221.66929133858267 211.46456692913387 87.02362204724409 23.52755905511811 dispositions,
293.1023622047244 211.46456692913387 81.92125984251969 23.52755905511811 l’exposition
359.7165354330709 211.46456692913387 35.71653543307087 23.52755905511811 Jan
380.12598425196853 211.46456692913387 71.71653543307086 23.52755905511811 Lebenstein
436.251968503937 211.46456692913387 35.71653543307087 23.52755905511811 est
451.84251968503935 211.46456692913387 56.125984251968504 23.52755905511811 présentée

114.23622047244095 228.4724409448819 36.28346456692913 17.5748031496063 par
134.9291338582677 228.4724409448819 31.181102362204726 17.5748031496063 la
150.51968503937007 228.4724409448819 46.77165354330709 17.5748031496063 Ville
181.70078740157481 228.4724409448819 31.181102362204726 17.5748031496063 de
197.00787401574803 228.4724409448819 51.874015748031496 17.5748031496063 Paris,
233.29133858267716 228.4724409448819 56.976377952755904 17.5748031496063 pendant
274.96062992125985 228.4724409448819 46.77165354330709 17.5748031496063 toute
306.1417322834646 228.4724409448819 31.181102362204726 17.5748031496063 la
321.4488188976378 228.4724409448819 46.77165354330709 17.5748031496063 durée
352.62992125984255 228.4724409448819 31.181102362204726 17.5748031496063 de
368.2204724409449 228.4724409448819 31.181102362204726 17.5748031496063 la
383.81102362204723 228.4724409448819 62.36220472440945 17.5748031496063 deuxième
430.5826771653543 228.4724409448819 67.46456692913385 17.5748031496063 Biennale,
477.07086614173227 228.4724409448819 31.181102362204726 17.5748031496063 dans

113.10236220472441 242.07874015748033 39.40157480314961 15.874015748031496 les
135.49606299212599 242.07874015748033 56.125984251968504 15.874015748031496 salles
174.89763779527559 242.07874015748033 33.732283464566926 15.874015748031496 du
191.90551181102362 242.07874015748033 50.45669291338583 15.874015748031496 Musée
225.63779527559055 242.07874015748033 50.45669291338583 15.874015748031496 d’Art
259.0866141732283 242.07874015748033 61.79527559055118 15.874015748031496 moderne
304.15748031496065 242.07874015748033 33.732283464566926 15.874015748031496 de
320.88188976377955 242.07874015748033 33.732283464566926 15.874015748031496 la
337.8897637795276 242.07874015748033 50.45669291338583 15.874015748031496 Ville
371.62204724409446 242.07874015748033 33.732283464566926 15.874015748031496 de
382.6771653543307 242.07874015748033 45.07086614173228 15.874015748031496 Paris.

176.5984251968504 405.3543307086614 97.79527559055119 21.25984251968504 DEUXIÈME
254.83464566929135 405.3543307086614 91.2755905511811 21.25984251968504 EXPOSITION
319.748031496063 405.3543307086614 130.39370078740157 21.25984251968504 INTERNATIONALE

199.55905511811022 425.1968503937008 54.425196850393704 19.84251968503937 DE
233.5748031496063 425.1968503937008 88.15748031496064 19.84251968503937 SCULPTURE
294.5196850393701 425.1968503937008 128.9763779527559 19.84251968503937 CONTEMPORAINE

121.88976377952756 448.4409448818898 42.23622047244095 17.007874015748033 Pour
148.53543307086613 448.4409448818898 31.748031496062993 17.007874015748033 la
164.40944881889763 448.4409448818898 58.110236220472444 17.007874015748033 seconde
206.64566929133858 448.4409448818898 47.62204724409449 17.007874015748033 fois,
238.39370078740157 448.4409448818898 31.748031496062993 17.007874015748033 la
254.26771653543307 448.4409448818898 84.75590551181102 17.007874015748033 conservation
323.1496062992126 448.4409448818898 31.748031496062993 17.007874015748033 du
339.0236220472441 448.4409448818898 47.62204724409449 17.007874015748033 Musée
370.7716535433071 448.4409448818898 47.62204724409449 17.007874015748033 Rodin
402.5196850393701 448.4409448818898 63.496062992125985 17.007874015748033 organise
450.4251968503937 448.4409448818898 37.13385826771653 17.007874015748033 une
466.2992125984252 448.4409448818898 42.23622047244095 17.007874015748033 grande

112.53543307086615 462.61417322834643 68.31496062992126 14.740157480314961 exposition
166.11023622047244 462.61417322834643 29.19685039370079 14.740157480314961 de
180.8503937007874 462.61417322834643 83.05511811023622 14.740157480314961 confrontation
249.16535433070865 462.61417322834643 92.97637795275591 14.740157480314961 internationale,
327.40157480314963 462.61417322834643 24.37795275590551 14.740157480314961 à
337.3228346456693 462.61417322834643 58.67716535433071 14.740157480314961 laquelle
381.25984251968504 462.61417322834643 73.41732283464567 14.740157480314961 participent
439.93700787401576 462.61417322834643 43.93700787401575 14.740157480314961 cette
464.31496062992125 462.61417322834643 43.93700787401575 14.740157480314961 fois

112.53543307086615 476.2204724409449 69.73228346456693 13.88976377952756 vingt-huit
167.5275590551181 476.2204724409449 44.78740157480315 13.88976377952756 pays,
197.29133858267716 476.2204724409449 39.68503937007874 13.88976377952756 plus
222.23622047244095 476.2204724409449 29.763779527559056 13.88976377952756 la
236.9763779527559 476.2204724409449 49.889763779527556 13.88976377952756 France
271.84251968503935 476.2204724409449 29.763779527559056 13.88976377952756 et
286.86614173228344 476.2204724409449 54.70866141732284 13.88976377952756 l’Ecole
326.5511811023622 476.2204724409449 29.763779527559056 13.88976377952756 de
336.755905511811 476.2204724409449 39.68503937007874 13.88976377952756 Paris.

121.03937007874016 484.15748031496065 52.15748031496063 13.039370078740157 Cette
155.6220472440945 484.15748031496065 98.36220472440945 13.039370078740157 manifestation
236.69291338582678 484.15748031496065 69.44881889763779 13.039370078740157 s’impose
288.56692913385825 484.15748031496065 52.15748031496063 13.039370078740157 comme
323.43307086614175 484.15748031496065 34.58267716535433 13.039370078740157 un
340.7244094488189 484.15748031496065 81.07086614173228 13.039370078740157 complément
404.503937007874 484.15748031496065 34.58267716535433 13.039370078740157 de
421.79527559055117 484.15748031496065 34.58267716535433 13.039370078740157 la
439.0866141732283 484.15748031496065 69.44881889763779 13.039370078740157 Biennale
485.29133858267716 484.15748031496065 23.244094488188978 13.039370078740157 de

112.81889763779527 495.7795275590551 54.99212598425197 14.456692913385826 Paris,
151.08661417322836 495.7795275590551 82.48818897637796 14.456692913385826 puisqu’elle
217.13385826771653 495.7795275590551 32.881889763779526 14.456692913385826 ne
233.5748031496063 495.7795275590551 71.43307086614173 14.456692913385826 comprend,
288.56692913385825 495.7795275590551 32.881889763779526 14.456692913385826 en
305.00787401574803 495.7795275590551 66.04724409448819 14.456692913385826 général,
354.61417322834643 495.7795275590551 38.55118110236221 14.456692913385826 que
376.7244094488189 495.7795275590551 38.55118110236221 14.456692913385826 des
398.5511811023622 495.7795275590551 66.04724409448819 14.456692913385826 artistes
448.15748031496065 495.7795275590551 32.881889763779526 14.456692913385826 de
464.59842519685037 495.7795275590551 43.93700787401575 14.456692913385826 plus
486.4251968503937 495.7795275590551 22.11023622047244 14.456692913385826 de

111.68503937007874 505.4173228346457 77.38582677165354 18.141732283464567 trente-cinq
168.3779527559055 505.4173228346457 30.89763779527559 18.141732283464567 ans.

264.18897637795277 524.6929133858267 68.88188976377953 18.708661417322833 MUSÉE
302.45669291338584 524.6929133858267 53.574803149606296 18.708661417322833 RODIN

192.4724409448819 537.1653543307086 37.7007874015748 18.708661417322833 77,
214.01574803149606 537.1653543307086 37.7007874015748 18.708661417322833 rue
235.55905511811022 537.1653543307086 32.31496062992126 18.708661417322833 de
252.0 537.1653543307086 64.91338582677166 18.708661417322833 Varenne,
300.4724409448819 537.1653543307086 48.75590551181102 18.708661417322833 Paris
333.07086614173227 537.1653543307086 43.37007874015748 18.708661417322833 (7e)
360.0 537.1653543307086 26.929133858267715 18.708661417322833 —
370.7716535433071 537.1653543307086 43.37007874015748 18.708661417322833 INV.
392.59842519685037 537.1653543307086 37.7007874015748 18.708661417322833 01

199.2755905511811 551.0551181102362 75.4015748031496 13.606299212598426 Exposition
258.5196850393701 551.0551181102362 32.31496062992126 13.606299212598426 du
274.6771653543307 551.0551181102362 32.31496062992126 13.606299212598426 30
290.8346456692913 551.0551181102362 43.08661417322835 13.606299212598426 juin
318.0472440944882 551.0551181102362 32.31496062992126 13.606299212598426 au
334.20472440944883 551.0551181102362 32.31496062992126 13.606299212598426 15
350.3622047244094 551.0551181102362 59.24409448818898 13.606299212598426 octobre
388.06299212598424 551.0551181102362 37.7007874015748 13.606299212598426 1961.

157.88976377952756 559.8425196850394 43.37007874015748 22.11023622047244 Tous
185.10236220472441 559.8425196850394 37.98425196850393 22.11023622047244 les
206.64566929133858 559.8425196850394 54.425196850393704 22.11023622047244 jours,
244.91338582677164 559.8425196850394 43.37007874015748 22.11023622047244 sauf
272.12598425196853 559.8425196850394 32.59842519685039 22.11023622047244 le
288.2834645669291 559.8425196850394 54.425196850393704 22.11023622047244 mardi,
326.26771653543307 559.8425196850394 32.59842519685039 22.11023622047244 de
342.70866141732284 559.8425196850394 32.59842519685039 22.11023622047244 13
358.86614173228344 559.8425196850394 54.425196850393704 22.11023622047244 heures
397.13385826771656 559.8425196850394 27.212598425196852 22.11023622047244 à
407.90551181102364 559.8425196850394 32.59842519685039 22.11023622047244 18
418.6771653543307 559.8425196850394 49.039370078740156 22.11023622047244 heures.

125.5748031496063 603.7795275590552 30.330708661417322 15.874015748031496 142
