515.3385826771654 625.6062992125984
60.09448818897638 2.5511811023622046 191.6220472440945 24.661417322834644 TCHÉCOSLOVAQUIE

167.24409448818898 123.8740157480315 66.04724409448819 21.543307086614174 Commissaire
220.251968503937 123.8740157480315 48.47244094488189 21.543307086614174 Général
255.68503937007873 123.8740157480315 22.11023622047244 21.543307086614174 :
264.4724409448819 123.8740157480315 61.79527559055118 21.543307086614174 Richard
312.9448818897638 123.8740157480315 70.58267716535433 21.543307086614174 Wiesner
365.6692913385827 123.8740157480315 44.22047244094488 21.543307086614174 Peintre.

123.30708661417323 201.54330708661416 47.05511811023622 23.811023622047244 C’est
154.48818897637796 201.54330708661416 36.56692913385827 23.811023622047244 une
175.46456692913387 201.54330708661416 52.15748031496063 23.811023622047244 simple
212.03149606299212 201.54330708661416 47.05511811023622 23.811023622047244 carte
243.21259842519686 201.54330708661416 31.46456692913386 23.811023622047244 de
259.0866141732283 201.54330708661416 52.15748031496063 23.811023622047244 visite
295.65354330708664 201.54330708661416 36.56692913385827 23.811023622047244 que
316.62992125984255 201.54330708661416 36.56692913385827 23.811023622047244 les
337.3228346456693 201.54330708661416 52.15748031496063 23.811023622047244 jeunes
373.8897637795276 201.54330708661416 62.645669291338585 23.811023622047244 artistes
415.84251968503935 201.54330708661416 88.7244094488189 23.811023622047244 tchécoslovaques

113.10236220472441 223.37007874015748 62.645669291338585 17.007874015748033 envoient
159.8740157480315 223.37007874015748 26.078740157480315 17.007874015748033 à
170.36220472440945 223.37007874015748 52.15748031496063 17.007874015748033 Paris,
206.9291338582677 223.37007874015748 41.669291338582674 17.007874015748033 pour
233.00787401574803 223.37007874015748 62.645669291338585 17.007874015748033 exprimer
280.06299212598424 223.37007874015748 41.669291338582674 17.007874015748033 leur
306.1417322834646 223.37007874015748 78.23622047244095 17.007874015748033 attachement
368.78740157480314 223.37007874015748 26.078740157480315 17.007874015748033 à
379.2755905511811 223.37007874015748 52.15748031496063 17.007874015748033 l’idée
415.84251968503935 223.37007874015748 31.46456692913386 17.007874015748033 de
426.3307086614173 223.37007874015748 78.23622047244095 17.007874015748033 collaboration

113.66929133858268 234.70866141732284 94.11023622047244 18.141732283464567 internationale,
192.75590551181102 234.70866141732284 34.58267716535433 18.141732283464567 qui
212.5984251968504 234.70866141732284 34.58267716535433 18.141732283464567 est
232.44094488188978 234.70866141732284 29.763779527559056 18.141732283464567 la
247.1811023622047 234.70866141732284 49.60629921259842 18.141732283464567 raison
281.76377952755905 234.70866141732284 49.60629921259842 18.141732283464567 d’être
316.34645669291336 234.70866141732284 29.763779527559056 18.141732283464567 de
331.37007874015745 234.70866141732284 44.503937007874015 18.141732283464567 cette
361.13385826771656 234.70866141732284 64.34645669291339 18.141732283464567 Biennale.
410.45669291338584 234.70866141732284 29.763779527559056 18.141732283464567 Il
425.4803149606299 234.70866141732284 34.58267716535433 18.141732283464567 est
445.03937007874015 234.70866141732284 54.425196850393704 18.141732283464567 évident
479.90551181102364 234.70866141732284 24.661417322834644 18.141732283464567 que

113.10236220472441 251.71653543307087 40.25196850393701 14.456692913385826 leur
138.33070866141733 251.71653543307087 45.07086614173228 14.456692913385826 envoi
168.3779527559055 251.71653543307087 30.04724409448819 14.456692913385826 ne
183.4015748031496 251.71653543307087 40.25196850393701 14.456692913385826 peut
208.62992125984252 251.71653543307087 35.1496062992126 14.456692913385826 pas
228.75590551181102 251.71653543307087 50.173228346456696 14.456692913385826 suffir
263.90551181102364 251.71653543307087 25.228346456692915 14.456692913385826 à
273.8267716535433 251.71653543307087 40.25196850393701 14.456692913385826 vous
299.0551181102362 251.71653543307087 50.173228346456696 14.456692913385826 donner
334.20472440944883 251.71653543307087 35.1496062992126 14.456692913385826 une
354.3307086614173 251.71653543307087 45.07086614173228 14.456692913385826 image
384.37795275590554 251.71653543307087 45.07086614173228 14.456692913385826 juste
414.4251968503937 251.71653543307087 30.04724409448819 14.456692913385826 de
429.4488188976378 251.71653543307087 45.07086614173228 14.456692913385826 l’art
459.7795275590551 251.71653543307087 30.04724409448819 14.456692913385826 de
469.7007874015748 251.71653543307087 35.1496062992126 14.456692913385826 toute

113.66929133858268 261.3543307086614 34.58267716535433 16.724409448818896 une
133.22834645669292 261.3543307086614 69.44881889763779 16.724409448818896 génération
187.93700787401573 261.3543307086614 29.763779527559056 16.724409448818896 et
202.6771653543307 261.3543307086614 29.763779527559056 16.724409448818896 de
217.41732283464566 261.3543307086614 39.68503937007874 16.724409448818896 tout
242.36220472440945 261.3543307086614 29.763779527559056 16.724409448818896 un
257.1023622047244 261.3543307086614 44.503937007874015 16.724409448818896 pays.
286.86614173228344 261.3543307086614 44.503937007874015 16.724409448818896 C’est
316.62992125984255 261.3543307086614 59.52755905511811 16.724409448818896 pourquoi
361.13385826771656 261.3543307086614 29.763779527559056 16.724409448818896 je
376.15748031496065 261.3543307086614 39.68503937007874 16.724409448818896 veux
400.81889763779526 261.3543307086614 64.34645669291339 16.724409448818896 éclaircir
450.4251968503937 261.3543307086614 34.58267716535433 16.724409448818896 les
465.1653543307087 261.3543307086614 39.68503937007874 16.724409448818896 motifs

112.25196850393701 277.2283464566929 40.25196850393701 14.173228346456693 qui
135.21259842519686 277.2283464566929 40.25196850393701 14.173228346456693 ont
158.17322834645668 277.2283464566929 74.55118110236221 14.173228346456693 déterminé
215.43307086614172 277.2283464566929 34.2992125984252 14.173228346456693 le
232.7244094488189 277.2283464566929 51.59055118110236 14.173228346456693 choix
267.0236220472441 277.2283464566929 40.25196850393701 14.173228346456693 des
289.98425196850394 277.2283464566929 62.92913385826772 14.173228346456693 auteurs
335.90551181102364 277.2283464566929 34.2992125984252 14.173228346456693 et
352.9133858267717 277.2283464566929 40.25196850393701 14.173228346456693 des
370.20472440944883 277.2283464566929 51.59055118110236 14.173228346456693 œuvres.

124.15748031496064 288.8503937007874 41.669291338582674 16.15748031496063 Notre
151.93700787401573 288.8503937007874 32.59842519685039 16.15748031496063 vie
170.36220472440945 288.8503937007874 64.91338582677166 16.15748031496063 artistique
221.66929133858267 288.8503937007874 32.59842519685039 16.15748031496063 est
240.09448818897638 288.8503937007874 79.08661417322834 16.15748031496063 caractérisée,
305.29133858267716 288.8503937007874 41.669291338582674 16.15748031496063 d’une
333.07086614173227 288.8503937007874 41.669291338582674 16.15748031496063 part,
360.8503937007874 288.8503937007874 32.59842519685039 16.15748031496063 par
379.5590551181102 288.8503937007874 32.59842519685039 16.15748031496063 une
397.98425196850394 288.8503937007874 74.26771653543307 16.15748031496063 organisation
453.8267716535433 288.8503937007874 51.023622047244096 16.15748031496063 centrale,

113.38582677165354 302.74015748031496 34.86614173228347 16.15748031496063 qui
133.51181102362204 302.74015748031496 54.70866141732284 16.15748031496063 englobe
173.1968503937008 302.74015748031496 39.68503937007874 16.15748031496063 tous
197.85826771653544 302.74015748031496 34.86614173228347 16.15748031496063 les
217.70078740157481 302.74015748031496 59.52755905511811 16.15748031496063 artistes
262.48818897637796 302.74015748031496 64.62992125984252 16.15748031496063 au-dessus
312.09448818897636 302.74015748031496 39.68503937007874 16.15748031496063 d’un
337.03937007874015 302.74015748031496 54.70866141732284 16.15748031496063 certain
376.7244094488189 302.74015748031496 49.60629921259842 16.15748031496063 niveau
411.3070866141732 302.74015748031496 29.763779527559056 16.15748031496063 de
426.3307086614173 302.74015748031496 54.70866141732284 16.15748031496063 valeur,
460.9133858267717 302.74015748031496 44.78740157480315 16.15748031496063 d’autre

113.10236220472441 318.3307086614173 47.62204724409449 15.023622047244094 part,
144.8503937007874 318.3307086614173 37.13385826771653 15.023622047244094 par
166.11023622047244 318.3307086614173 31.748031496062993 15.023622047244094 de
181.98425196850394 318.3307086614173 63.496062992125985 15.023622047244094 nombreux
229.88976377952756 318.3307086614173 79.37007874015748 15.023622047244094 groupements
293.38582677165357 318.3307086614173 37.13385826771653 15.023622047244094 qui
314.6456692913386 318.3307086614173 31.748031496062993 15.023622047244094 se
330.5196850393701 318.3307086614173 42.51968503937008 15.023622047244094 sont
356.88188976377955 318.3307086614173 53.00787401574803 15.023622047244094 formés
394.01574803149606 318.3307086614173 58.39370078740158 15.023622047244094 surtout
436.53543307086613 318.3307086614173 31.748031496062993 15.023622047244094 au
452.40944881889766 318.3307086614173 47.62204724409449 15.023622047244094 cours
479.0551181102362 318.3307086614173 26.362204724409448 15.023622047244094 des

113.38582677165354 330.8031496062992 68.88188976377953 13.88976377952756 dernières
166.39370078740157 330.8031496062992 53.00787401574803 13.88976377952756 années
203.5275590551181 330.8031496062992 31.748031496062993 13.88976377952756 et
219.4015748031496 330.8031496062992 68.88188976377953 13.88976377952756 notamment
272.40944881889766 330.8031496062992 47.62204724409449 13.88976377952756 parmi
304.15748031496065 330.8031496062992 37.13385826771653 13.88976377952756 les
325.4173228346457 330.8031496062992 58.39370078740158 13.88976377952756 jeunes,
367.65354330708664 330.8031496062992 53.00787401574803 13.88976377952756 aimant
404.78740157480314 330.8031496062992 26.362204724409448 13.88976377952756 à
415.2755905511811 330.8031496062992 74.26771653543307 13.88976377952756 manifester
468.2834645669291 330.8031496062992 37.13385826771653 13.88976377952756 ainsi

113.38582677165354 342.1417322834646 35.1496062992126 15.874015748031496 les
133.51181102362204 342.1417322834646 45.354330708661415 15.874015748031496 liens
163.84251968503938 342.1417322834646 30.04724409448819 15.874015748031496 de
178.86614173228347 342.1417322834646 55.275590551181104 15.874015748031496 parenté
219.11811023622047 342.1417322834646 75.4015748031496 15.874015748031496 spirituelle
279.496062992126 342.1417322834646 35.1496062992126 15.874015748031496 qui
299.62204724409446 342.1417322834646 35.1496062992126 15.874015748031496 les
319.748031496063 342.1417322834646 60.37795275590551 15.874015748031496 unissent
364.81889763779526 342.1417322834646 35.1496062992126 15.874015748031496 les
384.9448818897638 342.1417322834646 35.1496062992126 15.874015748031496 uns
405.07086614173227 342.1417322834646 35.1496062992126 15.874015748031496 aux
425.1968503937008 342.1417322834646 55.275590551181104 15.874015748031496 autres.
465.4488188976378 342.1417322834646 30.04724409448819 15.874015748031496 Si
475.65354330708664 342.1417322834646 30.04724409448819 15.874015748031496 l’on

113.38582677165354 356.88188976377955 56.125984251968504 15.307086614173228 prenait
154.20472440944883 356.88188976377955 30.614173228346456 15.307086614173228 un
169.51181102362204 356.88188976377955 81.63779527559055 15.307086614173228 représentant
235.84251968503938 356.88188976377955 56.125984251968504 15.307086614173228 typique
276.66141732283467 356.88188976377955 40.818897637795274 15.307086614173228 dans
302.1732283464567 356.88188976377955 51.023622047244096 15.307086614173228 chacun
337.8897637795276 356.88188976377955 30.614173228346456 15.307086614173228 de
353.1968503937008 356.88188976377955 35.71653543307087 15.307086614173228 ces
373.6062992125984 356.88188976377955 56.125984251968504 15.307086614173228 groupes
414.4251968503937 356.88188976377955 35.71653543307087 15.307086614173228 les
434.8346456692913 356.88188976377955 40.818897637795274 15.307086614173228 plus
455.244094488189 356.88188976377955 51.023622047244096 15.307086614173228 intéres-

113.38582677165354 368.503937007874 50.45669291338583 15.874015748031496 sants,
148.8188976377953 368.503937007874 30.330708661417322 15.874015748031496 on
163.84251968503938 368.503937007874 50.45669291338583 15.874015748031496 aurait
198.99212598425197 368.503937007874 55.275590551181104 15.874015748031496 presque
239.24409448818898 368.503937007874 30.330708661417322 15.874015748031496 un
254.5511811023622 368.503937007874 60.37795275590551 15.874015748031496 panorama
299.90551181102364 368.503937007874 30.330708661417322 15.874015748031496 de
314.92913385826773 368.503937007874 30.330708661417322 15.874015748031496 la
329.9527559055118 368.503937007874 65.48031496062993 15.874015748031496 jeunesse,
380.40944881889766 368.503937007874 40.25196850393701 15.874015748031496 avec
405.6377952755906 368.503937007874 35.1496062992126 15.874015748031496 une
425.76377952755905 368.503937007874 45.354330708661415 15.874015748031496 large
455.81102362204723 368.503937007874 45.354330708661415 15.874015748031496 gamme
481.03937007874015 368.503937007874 25.228346456692915 15.874015748031496 des

113.10236220472441 384.9448818897638 64.06299212598425 12.755905511811024 tendances
162.14173228346456 384.9448818897638 34.2992125984252 12.755905511811024 qui
181.98425196850394 384.9448818897638 34.2992125984252 12.755905511811024 s’y
201.54330708661416 384.9448818897638 39.40157480314961 12.755905511811024 font
226.20472440944883 384.9448818897638 54.14173228346457 12.755905511811024 valoir.
265.6062992125984 384.9448818897638 39.40157480314961 12.755905511811024 Ici,
289.98425196850394 384.9448818897638 44.22047244094488 12.755905511811024 cette
319.748031496063 384.9448818897638 54.14173228346457 12.755905511811024 méthode
358.86614173228344 384.9448818897638 54.14173228346457 12.755905511811024 n’était
398.26771653543307 384.9448818897638 34.2992125984252 12.755905511811024 pas
418.1102362204724 384.9448818897638 73.7007874015748 12.755905511811024 applicable,
477.07086614173227 384.9448818897638 29.480314960629922 12.755905511811024 vu
486.99212598425197 384.9448818897638 19.559055118110237 12.755905511811024 le

113.95275590551181 394.86614173228344 49.039370078740156 15.023622047244094 manque
148.251968503937 394.86614173228344 58.960629921259844 15.023622047244094 d’espace
192.4724409448819 394.86614173228344 29.480314960629922 15.023622047244094 et
206.9291338582677 394.86614173228344 29.480314960629922 15.023622047244094 le
221.66929133858267 394.86614173228344 58.960629921259844 15.023622047244094 résultat
265.8897637795276 394.86614173228344 29.480314960629922 15.023622047244094 un
280.62992125984255 394.86614173228344 34.2992125984252 15.023622047244094 peu
300.18897637795277 394.86614173228344 53.85826771653543 15.023622047244094 bigarré
339.59055118110234 394.86614173228344 34.2992125984252 15.023622047244094 que
359.1496062992126 394.86614173228344 39.118110236220474 15.023622047244094 cela
383.5275590551181 394.86614173228344 68.5984251968504 15.023622047244094 donnerait.
437.6692913385827 394.86614173228344 29.480314960629922 15.023622047244094 Au
447.3070866141732 394.86614173228344 58.960629921259844 15.023622047244094 contraire,

113.95275590551181 410.1732283464567 30.614173228346456 13.88976377952756 on
129.25984251968504 410.1732283464567 51.023622047244096 13.88976377952756 aurait
164.9763779527559 410.1732283464567 30.614173228346456 13.88976377952756 dû
180.28346456692913 410.1732283464567 30.614173228346456 13.88976377952756 se
195.59055118110237 410.1732283464567 71.43307086614173 13.88976377952756 concentrer
251.71653543307087 410.1732283464567 66.33070866141732 13.88976377952756 peut-être
302.74015748031496 410.1732283464567 35.71653543307087 13.88976377952756 sur
322.86614173228344 410.1732283464567 30.614173228346456 13.88976377952756 un
338.1732283464567 410.1732283464567 51.023622047244096 13.88976377952756 nombre
373.8897637795276 410.1732283464567 40.818897637795274 13.88976377952756 très
399.40157480314963 410.1732283464567 66.33070866141732 13.88976377952756 restreint
445.3228346456693 410.1732283464567 61.22834645669291 13.88976377952756 d’auteurs,

113.95275590551181 422.3622047244094 42.51968503937008 15.874015748031496 pour
140.5984251968504 422.3622047244094 58.39370078740158 15.874015748031496 obtenir
183.11811023622047 422.3622047244094 31.748031496062993 15.874015748031496 un
198.99212598425197 422.3622047244094 63.77952755905512 15.874015748031496 ensemble
246.61417322834646 422.3622047244094 42.51968503937008 15.874015748031496 plus
273.25984251968504 422.3622047244094 74.26771653543307 15.874015748031496 organique.
331.65354330708664 422.3622047244094 37.13385826771653 15.874015748031496 Or,
352.9133858267717 422.3622047244094 31.748031496062993 15.874015748031496 le
368.78740157480314 422.3622047244094 47.90551181102362 15.874015748031496 jury,
400.53543307086613 422.3622047244094 58.39370078740158 15.874015748031496 composé
443.0551181102362 422.3622047244094 31.748031496062993 15.874015748031496 en
453.8267716535433 422.3622047244094 53.00787401574803 15.874015748031496 principe

114.23622047244095 435.9685039370079 29.480314960629922 13.88976377952756 de
128.9763779527559 435.9685039370079 49.039370078740156 13.88976377952756 jeunes
163.2755905511811 435.9685039370079 63.77952755905512 13.88976377952756 artistes,
212.31496062992127 435.9685039370079 34.2992125984252 13.88976377952756 qui
231.8740157480315 435.9685039370079 34.2992125984252 13.88976377952756 est
251.71653543307087 435.9685039370079 73.7007874015748 13.88976377952756 responsable
310.3937007874016 435.9685039370079 29.480314960629922 13.88976377952756 de
325.13385826771656 435.9685039370079 29.480314960629922 13.88976377952756 ce
339.87401574803147 435.9685039370079 49.039370078740156 13.88976377952756 choix,
374.1732283464567 435.9685039370079 24.661417322834644 13.88976377952756 a
384.09448818897636 435.9685039370079 44.22047244094488 13.88976377952756 pensé
413.5748031496063 435.9685039370079 44.22047244094488 13.88976377952756 qu’il
443.0551181102362 435.9685039370079 49.039370078740156 13.88976377952756 serait
472.53543307086613 435.9685039370079 34.2992125984252 13.88976377952756 mieux

113.95275590551181 447.87401574803147 30.330708661417322 13.606299212598426 de
129.25984251968504 447.87401574803147 50.74015748031496 13.606299212598426 former
164.69291338582678 447.87401574803147 35.43307086614173 13.606299212598426 une
184.8188976377953 447.87401574803147 70.86614173228347 13.606299212598426 collection
240.66141732283464 447.87401574803147 50.74015748031496 13.606299212598426 plutôt
276.09448818897636 447.87401574803147 55.55905511811024 13.606299212598426 variée,
316.62992125984255 447.87401574803147 40.53543307086614 13.606299212598426 mais
341.8582677165354 447.87401574803147 35.43307086614173 13.606299212598426 pas
361.98425196850394 447.87401574803147 40.53543307086614 13.606299212598426 tout
387.496062992126 447.87401574803147 25.228346456692915 13.606299212598426 à
397.4173228346457 447.87401574803147 40.53543307086614 13.606299212598426 fait
417.8267716535433 447.87401574803147 65.76377952755905 13.606299212598426 hétérogène.

123.8740157480315 460.9133858267717 37.13385826771653 14.173228346456693 Les
145.13385826771653 460.9133858267717 58.39370078740158 14.173228346456693 auteurs
187.6535433070866 460.9133858267717 37.13385826771653 14.173228346456693 que
208.91338582677164 460.9133858267717 42.51968503937008 14.173228346456693 nous
235.55905511811022 460.9133858267717 74.55118110236221 14.173228346456693 présentons
294.23622047244095 460.9133858267717 90.4251968503937 14.173228346456693 appartiennent
368.503937007874 460.9133858267717 26.64566929133858 14.173228346456693 à
379.2755905511811 460.9133858267717 37.13385826771653 14.173228346456693 des
400.53543307086613 460.9133858267717 58.39370078740158 14.173228346456693 groupes
437.6692913385827 460.9133858267717 69.16535433070867 14.173228346456693 différents,

114.23622047244095 475.0866141732283 28.346456692913385 11.905511811023622 ce
128.40944881889763 475.0866141732283 33.16535433070866 11.905511811023622 qui
147.4015748031496 475.0866141732283 56.976377952755904 11.905511811023622 n’exclut
190.20472440944883 475.0866141732283 33.16535433070866 11.905511811023622 pas
209.1968503937008 475.0866141732283 61.511811023622045 11.905511811023622 certaines
256.53543307086613 475.0866141732283 61.511811023622045 11.905511811023622 affinités
303.87401574803147 475.0866141732283 42.51968503937008 11.905511811023622 entre
332.2204724409449 475.0866141732283 37.98425196850393 11.905511811023622 eux.
356.0314960629921 475.0866141732283 28.346456692913385 11.905511811023622 On
370.20472440944883 475.0866141732283 37.98425196850393 11.905511811023622 voit
394.01574803149606 475.0866141732283 37.98425196850393 11.905511811023622 bien
417.54330708661416 475.0866141732283 47.338582677165356 11.905511811023622 qu’ils
446.1732283464567 475.0866141732283 61.511811023622045 11.905511811023622 poursuivent

114.23622047244095 486.99212598425197 45.92125984251968 14.740157480314961 leurs
144.8503937007874 486.99212598425197 45.92125984251968 14.740157480314961 voies
175.46456692913387 486.99212598425197 86.74015748031496 14.740157480314961 personnelles,
246.89763779527559 486.99212598425197 51.023622047244096 14.740157480314961 qu’ils
282.61417322834643 486.99212598425197 76.53543307086615 14.740157480314961 n’obéissent
344.12598425196853 486.99212598425197 25.511811023622048 14.740157480314961 à
354.3307086614173 486.99212598425197 51.023622047244096 14.740157480314961 aucune
390.0472440944882 486.99212598425197 71.43307086614173 14.740157480314961 discipline
441.07086614173227 486.99212598425197 66.33070866141732 14.740157480314961 extérieure,

113.95275590551181 501.4488188976378 57.54330708661417 17.007874015748033 qu’ils
154.20472440944883 501.4488188976378 34.58267716535433 17.007874015748033 ne
171.21259842519686 501.4488188976378 63.21259842519685 17.007874015748033 portent
217.41732283464566 501.4488188976378 40.25196850393701 17.007874015748033 pas
234.4251968503937 501.4488188976378 74.83464566929133 17.007874015748033 d’uniforme.

124.44094488188976 514.488188976378 32.881889763779526 13.88976377952756 Si
140.88188976377953 514.488188976378 43.653543307086615 13.88976377952756 l’on
168.09448818897638 514.488188976378 43.653543307086615 13.88976377952756 peut
195.59055118110237 514.488188976378 54.70866141732284 13.88976377952756 parler
233.85826771653544 514.488188976378 43.653543307086615 13.88976377952756 d’un
261.07086614173227 514.488188976378 71.14960629921259 13.88976377952756 programme
315.7795275590551 514.488188976378 60.09448818897638 13.88976377952756 commun,
359.7165354330709 514.488188976378 38.267716535433074 13.88976377952756 qui
381.54330708661416 514.488188976378 38.267716535433074 13.88976377952756 est
403.37007874015745 514.488188976378 27.496062992125985 13.88976377952756 à
414.4251968503937 514.488188976378 32.881889763779526 13.88976377952756 la
430.86614173228344 514.488188976378 43.653543307086615 13.88976377952756 base
458.0787401574803 514.488188976378 32.881889763779526 13.88976377952756 de
469.13385826771656 514.488188976378 38.267716535433074 13.88976377952756 leurs

113.95275590551181 527.2440944881889 57.826771653543304 15.590551181102363 efforts
156.18897637795277 527.2440944881889 83.90551181102362 15.590551181102363 individuels,
224.50393700787401 527.2440944881889 47.338582677165356 15.590551181102363 c’est
255.96850393700788 527.2440944881889 41.95275590551181 15.590551181102363 sans
282.0472440944882 527.2440944881889 47.338582677165356 15.590551181102363 doute
313.79527559055117 527.2440944881889 31.46456692913386 15.590551181102363 un
329.38582677165357 527.2440944881889 68.31496062992126 15.590551181102363 programme
381.8267716535433 527.2440944881889 47.338582677165356 15.590551181102363 tracé
413.5748031496063 527.2440944881889 31.46456692913386 15.590551181102363 en
429.1653543307087 527.2440944881889 57.826771653543304 15.590551181102363 grandes
466.01574803149606 527.2440944881889 41.95275590551181 15.590551181102363 lignes

114.80314960629921 542.8346456692914 70.58267716535433 14.740157480314961 générales,
170.36220472440945 542.8346456692914 35.1496062992126 14.740157480314961 qui
190.48818897637796 542.8346456692914 30.330708661417322 14.740157480314961 ne
205.51181102362204 542.8346456692914 45.354330708661415 14.740157480314961 donne
235.84251968503938 542.8346456692914 35.1496062992126 14.740157480314961 pas
255.96850393700788 542.8346456692914 30.330708661417322 14.740157480314961 de
270.99212598425197 542.8346456692914 60.37795275590551 14.740157480314961 recettes
316.34645669291336 542.8346456692914 25.228346456692915 14.740157480314961 à
326.5511811023622 542.8346456692914 65.48031496062993 14.740157480314961 l’artiste
377.00787401574803 542.8346456692914 30.330708661417322 14.740157480314961 et
392.0314960629921 542.8346456692914 35.1496062992126 14.740157480314961 qui
412.15748031496065 542.8346456692914 30.330708661417322 14.740157480314961 ne
427.46456692913387 542.8346456692914 30.330708661417322 14.740157480314961 le
442.48818897637796 542.8346456692914 45.354330708661415 14.740157480314961 prive
472.81889763779526 542.8346456692914 35.1496062992126 14.740157480314961 pas
487.84251968503935 542.8346456692914 20.125984251968504 14.740157480314961 de

115.37007874015748 553.8897637795276 29.480314960629922 17.291338582677167 sa
130.11023622047244 553.8897637795276 53.85826771653543 17.291338582677167 liberté
169.22834645669292 553.8897637795276 68.5984251968504 17.291338582677167 créatrice.
223.37007874015748 553.8897637795276 29.480314960629922 17.291338582677167 Au
238.11023622047244 553.8897637795276 44.22047244094488 17.291338582677167 fond,
267.3070866141732 553.8897637795276 34.2992125984252 17.291338582677167 ils
287.1496062992126 553.8897637795276 29.480314960629922 17.291338582677167 se
301.8897637795276 553.8897637795276 53.85826771653543 17.291338582677167 meuvent
341.00787401574803 553.8897637795276 39.40157480314961 17.291338582677167 tous
365.6692913385827 553.8897637795276 34.2992125984252 17.291338582677167 sur
385.2283464566929 553.8897637795276 29.480314960629922 17.291338582677167 le
399.9685039370079 553.8897637795276 53.85826771653543 17.291338582677167 terrain
439.37007874015745 553.8897637795276 29.480314960629922 17.291338582677167 de
449.00787401574803 553.8897637795276 58.960629921259844 17.291338582677167 recherches

128.1259842519685 599.8110236220473 30.330708661417322 14.456692913385826 110
