515.3385826771654 622.7716535433071
58.110236220472444 4.818897637795276 94.39370078740157 22.393700787401574 NORVÈGE

159.30708661417322 121.60629921259843 71.14960629921259 22.393700787401574 Commissaire
216.28346456692913 121.60629921259843 56.976377952755904 22.393700787401574 Général:
259.0866141732283 121.60629921259843 61.79527559055118 22.393700787401574 Haakon
306.70866141732284 121.60629921259843 42.803149606299215 22.393700787401574 Bugge
330.5196850393701 121.60629921259843 52.15748031496063 22.393700787401574 Mahrt

159.0236220472441 138.89763779527559 68.88188976377953 19.275590551181104 Conseiller
212.88188976377953 138.89763779527559 58.960629921259844 19.275590551181104 Culturel
257.1023622047244 138.89763779527559 39.40157480314961 19.275590551181104 près
281.76377952755905 138.89763779527559 73.7007874015748 19.275590551181104 l’Ambassade
340.7244094488189 138.89763779527559 29.480314960629922 19.275590551181104 de
355.46456692913387 138.89763779527559 54.14173228346457 19.275590551181104 Norvège
394.5826771653543 138.89763779527559 24.661417322834644 19.275590551181104 à
399.40157480314963 138.89763779527559 39.40157480314961 19.275590551181104 Paris.

115.65354330708661 214.29921259842519 29.480314960629922 21.543307086614174 La
130.39370078740157 214.29921259842519 83.62204724409449 21.543307086614174 participation
199.2755905511811 214.29921259842519 73.7007874015748 21.543307086614174 norvégienne
258.23622047244095 214.29921259842519 24.661417322834644 21.543307086614174 à
268.15748031496065 214.29921259842519 29.480314960629922 21.543307086614174 la
282.8976377952756 214.29921259842519 58.960629921259844 21.543307086614174 Biennale
327.11811023622045 214.29921259842519 29.480314960629922 21.543307086614174 de
341.8582677165354 214.29921259842519 44.22047244094488 21.543307086614174 Paris
371.62204724409446 214.29921259842519 29.480314960629922 21.543307086614174 de
386.3622047244094 214.29921259842519 44.22047244094488 21.543307086614174 cette
415.84251968503935 214.29921259842519 44.22047244094488 21.543307086614174 année
445.3228346456693 214.29921259842519 29.480314960629922 21.543307086614174 se
455.244094488189 214.29921259842519 44.22047244094488 21.543307086614174 compose

105.16535433070867 233.00787401574803 30.614173228346456 16.15748031496063 de
120.4724409448819 233.00787401574803 61.511811023622045 16.15748031496063 tableaux
166.6771653543307 233.00787401574803 35.71653543307087 16.15748031496063 qui
187.08661417322836 233.00787401574803 41.10236220472441 16.15748031496063 sont
212.5984251968504 233.00787401574803 56.40944881889764 16.15748031496063 peints,
253.70078740157481 233.00787401574803 30.614173228346456 16.15748031496063 de
269.00787401574803 233.00787401574803 61.511811023622045 16.15748031496063 gravures
315.21259842519686 233.00787401574803 35.71653543307087 16.15748031496063 qui
335.62204724409446 233.00787401574803 41.10236220472441 16.15748031496063 sont
361.13385826771656 233.00787401574803 61.511811023622045 16.15748031496063 gravées,
407.33858267716533 233.00787401574803 30.614173228346456 16.15748031496063 de
422.6456692913386 233.00787401574803 71.71653543307086 16.15748031496063 sculptures
473.9527559055118 233.00787401574803 25.511811023622048 16.15748031496063 qui

104.88188976377953 250.01574803149606 40.53543307086614 14.173228346456693 sont
130.11023622047244 250.01574803149606 65.76377952755905 14.173228346456693 sculptées
180.8503937007874 250.01574803149606 30.330708661417322 14.173228346456693 et
195.8740157480315 250.01574803149606 30.330708661417322 14.173228346456693 de
211.1811023622047 250.01574803149606 55.55905511811024 14.173228346456693 dessins
251.71653543307087 250.01574803149606 35.43307086614173 14.173228346456693 qui
271.84251968503935 250.01574803149606 40.53543307086614 14.173228346456693 sont
297.07086614173227 250.01574803149606 65.76377952755905 14.173228346456693 dessinés.
347.81102362204723 250.01574803149606 30.330708661417322 14.173228346456693 En
362.8346456692913 250.01574803149606 45.63779527559055 14.173228346456693 cela,
393.1653543307087 250.01574803149606 40.53543307086614 14.173228346456693 elle
418.3937007874016 250.01574803149606 35.43307086614173 14.173228346456693 est
433.7007874015748 250.01574803149606 65.76377952755905 14.173228346456693 caractéris-

104.31496062992126 259.37007874015745 49.889763779527556 17.291338582677167 tique
137.76377952755905 259.37007874015745 33.16535433070866 17.291338582677167 de
154.48818897637796 259.37007874015745 49.889763779527556 17.291338582677167 l’art
187.6535433070866 259.37007874015745 72.0 17.291338582677167 norvégien
237.54330708661416 259.37007874015745 88.7244094488189 17.291338582677167 d’aujourd’hui.

115.65354330708661 265.8897637795276 39.968503937007874 22.96062992125984 Nous
140.5984251968504 265.8897637795276 49.889763779527556 22.96062992125984 avons,
175.46456692913387 265.8897637795276 29.763779527559056 22.96062992125984 en
190.48818897637796 265.8897637795276 59.811023622047244 22.96062992125984 Norvège,
235.2755905511811 265.8897637795276 29.763779527559056 22.96062992125984 la
250.29921259842519 265.8897637795276 69.73228346456693 22.96062992125984 conviction
305.00787401574803 265.8897637795276 34.86614173228347 22.96062992125984 que
325.13385826771656 265.8897637795276 44.78740157480315 22.96062992125984 l’art
354.8976377952756 265.8897637795276 39.968503937007874 22.96062992125984 est,
379.84251968503935 265.8897637795276 44.78740157480315 22.96062992125984 mieux
409.8897637795276 265.8897637795276 34.86614173228347 22.96062992125984 que
429.73228346456693 265.8897637795276 34.86614173228347 22.96062992125984 par
444.755905511811 265.8897637795276 54.70866141732284 22.96062992125984 d’autres,

105.44881889763779 288.8503937007874 54.425196850393704 14.173228346456693 compris
144.8503937007874 288.8503937007874 34.58267716535433 14.173228346456693 par
164.69291338582678 288.8503937007874 34.58267716535433 14.173228346456693 les
184.251968503937 288.8503937007874 64.34645669291339 14.173228346456693 artistes.
233.85826771653544 288.8503937007874 44.503937007874015 14.173228346456693 C’est
263.33858267716533 288.8503937007874 59.24409448818898 14.173228346456693 pourquoi
307.84251968503935 288.8503937007874 34.58267716535433 14.173228346456693 les
327.68503937007875 288.8503937007874 49.32283464566929 14.173228346456693 œuvres
362.26771653543307 288.8503937007874 29.763779527559056 14.173228346456693 de
377.00787401574803 288.8503937007874 44.503937007874015 14.173228346456693 notre
406.7716535433071 288.8503937007874 83.90551181102362 14.173228346456693 participation
470.8346456692913 288.8503937007874 29.763779527559056 14.173228346456693 sont

104.88188976377953 302.1732283464567 62.92913385826772 13.606299212598426 choisies
152.2204724409449 302.1732283464567 36.8503937007874 13.606299212598426 par
173.1968503937008 302.1732283464567 36.8503937007874 13.606299212598426 des
194.17322834645668 302.1732283464567 57.826771653543304 13.606299212598426 comités
236.40944881889763 302.1732283464567 62.92913385826772 13.606299212598426 composés
283.46456692913387 302.1732283464567 78.80314960629921 13.606299212598426 d’artistes,
346.6771653543307 302.1732283464567 41.95275590551181 13.606299212598426 élus
372.755905511811 302.1732283464567 36.8503937007874 13.606299212598426 par
394.01574803149606 302.1732283464567 36.8503937007874 13.606299212598426 les
409.6062992125984 302.1732283464567 57.826771653543304 13.606299212598426 artistes.

115.08661417322834 314.92913385826773 36.0 13.32283464566929 Ils
135.49606299212599 314.92913385826773 36.0 13.32283464566929 ont
156.18897637795277 314.92913385826773 56.40944881889764 13.32283464566929 examiné
197.29133858267716 314.92913385826773 61.79527559055118 13.32283464566929 beaucoup
243.49606299212599 314.92913385826773 61.79527559055118 13.32283464566929 d’œuvres
289.7007874015748 314.92913385826773 30.89763779527559 13.32283464566929 et
305.29133858267716 314.92913385826773 36.0 13.32283464566929 ils
325.7007874015748 314.92913385826773 41.10236220472441 13.32283464566929 sont
351.496062992126 314.92913385826773 56.40944881889764 13.32283464566929 arrivés
392.59842519685037 314.92913385826773 30.89763779527559 13.32283464566929 au
408.18897637795277 314.92913385826773 61.79527559055118 13.32283464566929 résultat
449.29133858267716 314.92913385826773 51.30708661417323 13.32283464566929 présent,

105.16535433070867 329.38582677165357 29.763779527559056 13.88976377952756 en
119.90551181102362 329.38582677165357 54.425196850393704 13.88976377952756 partant
159.59055118110237 329.38582677165357 29.763779527559056 13.88976377952756 de
174.33070866141733 329.38582677165357 49.60629921259842 13.88976377952756 l’idée
208.91338582677164 329.38582677165357 44.503937007874015 13.88976377952756 qu’un
238.6771653543307 329.38582677165357 54.425196850393704 13.88976377952756 ouvrage
278.0787401574803 329.38582677165357 34.58267716535433 13.88976377952756 qui
297.9212598425197 329.38582677165357 34.58267716535433 13.88976377952756 est
317.76377952755905 329.38582677165357 39.68503937007874 13.88976377952756 bien
342.4251968503937 329.38582677165357 24.661417322834644 13.88976377952756 —
352.34645669291336 329.38582677165357 29.763779527559056 13.88976377952756 ce
367.37007874015745 329.38582677165357 34.58267716535433 13.88976377952756 qui
387.21259842519686 329.38582677165357 39.68503937007874 13.88976377952756 veut
411.87401574803147 329.38582677165357 39.68503937007874 13.88976377952756 dire
436.53543307086613 329.38582677165357 44.503937007874015 13.88976377952756 entre
461.1968503937008 329.38582677165357 39.68503937007874 13.88976377952756 autres

105.16535433070867 341.00787401574803 52.15748031496063 13.606299212598426 choses
141.4488188976378 341.00787401574803 41.669291338582674 13.606299212598426 bien
167.5275590551181 341.00787401574803 41.669291338582674 13.606299212598426 fait
193.60629921259843 341.00787401574803 26.078740157480315 13.606299212598426 —
204.09448818897638 341.00787401574803 36.56692913385827 13.606299212598426 est
224.78740157480314 341.00787401574803 62.36220472440945 13.606299212598426 meilleur
271.84251968503935 341.00787401574803 46.77165354330709 13.606299212598426 qu’un
303.0236220472441 341.00787401574803 57.25984251968504 13.606299212598426 ouvrage
344.6929133858268 341.00787401574803 36.56692913385827 13.606299212598426 qui
365.38582677165357 341.00787401574803 36.56692913385827 13.606299212598426 est
386.3622047244094 341.00787401574803 62.36220472440945 13.606299212598426 mauvais.
433.13385826771656 341.00787401574803 31.181102362204726 13.606299212598426 De
448.7244094488189 341.00787401574803 46.77165354330709 13.606299212598426 plus,
474.8031496062992 341.00787401574803 26.078740157480315 13.606299212598426 ils

105.44881889763779 353.4803149606299 39.68503937007874 13.88976377952756 sont
130.11023622047244 353.4803149606299 64.34645669291339 13.88976377952756 persuadés
179.43307086614172 353.4803149606299 34.58267716535433 13.88976377952756 que
199.2755905511811 353.4803149606299 29.763779527559056 13.88976377952756 si
214.01574803149606 353.4803149606299 29.763779527559056 13.88976377952756 un
229.03937007874015 353.4803149606299 44.503937007874015 13.88976377952756 vieux
258.5196850393701 353.4803149606299 54.425196850393704 13.88976377952756 torchon
298.20472440944883 353.4803149606299 39.68503937007874 13.88976377952756 peut
322.86614173228344 353.4803149606299 44.503937007874015 13.88976377952756 avoir
352.62992125984255 353.4803149606299 29.763779527559056 13.88976377952756 un
367.37007874015745 353.4803149606299 44.503937007874015 13.88976377952756 effet
397.13385826771656 353.4803149606299 54.425196850393704 13.88976377952756 épatant
436.53543307086613 353.4803149606299 24.661417322834644 13.88976377952756 à
446.45669291338584 353.4803149606299 34.58267716535433 13.88976377952756 une
461.1968503937008 353.4803149606299 39.68503937007874 13.88976377952756 grande

105.44881889763779 365.38582677165357 74.26771653543307 15.307086614173228 exposition,
164.69291338582678 365.38582677165357 29.763779527559056 15.307086614173228 il
179.71653543307087 365.38582677165357 44.503937007874015 15.307086614173228 reste
209.1968503937008 365.38582677165357 59.52755905511811 15.307086614173228 pourtant
253.98425196850394 365.38582677165357 29.763779527559056 15.307086614173228 un
268.7244094488189 365.38582677165357 44.503937007874015 15.307086614173228 vieux
298.48818897637796 365.38582677165357 54.425196850393704 15.307086614173228 torchon
338.1732283464567 365.38582677165357 29.763779527559056 15.307086614173228 et
352.9133858267717 365.38582677165357 39.68503937007874 15.307086614173228 perd
377.5748031496063 365.38582677165357 74.26771653543307 15.307086614173228 entièrement
437.1023622047244 365.38582677165357 34.58267716535433 15.307086614173228 son
456.9448818897638 365.38582677165357 44.503937007874015 15.307086614173228 effet
481.6062992125984 365.38582677165357 19.84251968503937 15.307086614173228 là

104.88188976377953 380.6929133858268 34.01574803149607 15.023622047244094 où
121.88976377952756 380.6929133858268 34.01574803149607 15.023622047244094 se
138.89763779527559 380.6929133858268 56.69291338582677 15.023622047244094 trouve
178.58267716535434 380.6929133858268 34.01574803149607 15.023622047244094 le
195.59055118110237 380.6929133858268 56.69291338582677 15.023622047244094 refuge
234.99212598425197 380.6929133858268 39.68503937007874 15.023622047244094 des
257.6692913385827 380.6929133858268 51.023622047244096 15.023622047244094 vieux
286.01574803149606 380.6929133858268 62.36220472440945 15.023622047244094 torchons.

115.65354330708661 392.0314960629921 29.480314960629922 16.15748031496063 Si
130.39370078740157 392.0314960629921 39.118110236220474 16.15748031496063 l’on
154.77165354330708 392.0314960629921 43.93700787401575 16.15748031496063 croit
183.96850393700788 392.0314960629921 34.2992125984252 16.15748031496063 que
203.5275590551181 392.0314960629921 29.480314960629922 16.15748031496063 le
218.26771653543307 392.0314960629921 39.118110236220474 16.15748031496063 fait
242.64566929133858 392.0314960629921 49.039370078740156 16.15748031496063 d’être
276.9448818897638 392.0314960629921 43.93700787401575 16.15748031496063 jeune
306.4251968503937 392.0314960629921 58.67716535433071 16.15748031496063 comporte
350.3622047244094 392.0314960629921 73.41732283464567 16.15748031496063 aujourd’hui
409.03937007874015 392.0314960629921 29.480314960629922 16.15748031496063 de
423.7795275590551 392.0314960629921 63.496062992125985 16.15748031496063 nouvelles
467.7165354330709 392.0314960629921 34.2992125984252 16.15748031496063 idées

105.73228346456693 406.7716535433071 28.913385826771652 16.724409448818896 et
120.18897637795276 406.7716535433071 28.913385826771652 16.724409448818896 de
134.64566929133858 406.7716535433071 62.92913385826772 16.724409448818896 nouvelles
183.11811023622047 406.7716535433071 67.74803149606299 16.724409448818896 techniques
236.40944881889763 406.7716535433071 28.913385826771652 16.724409448818896 de
250.86614173228347 406.7716535433071 58.110236220472444 16.724409448818896 travail,
294.23622047244095 406.7716535433071 38.55118110236221 16.724409448818896 l’on
318.61417322834643 406.7716535433071 67.74803149606299 16.724409448818896 découvrira
371.62204724409446 406.7716535433071 43.653543307086615 16.724409448818896 qu’il
400.81889763779526 406.7716535433071 38.55118110236221 16.724409448818896 faut
424.9133858267717 406.7716535433071 48.47244094488189 16.724409448818896 passer
453.8267716535433 406.7716535433071 48.47244094488189 16.724409448818896 beaucoup

105.16535433070867 422.92913385826773 65.48031496062993 14.456692913385826 d’années
154.20472440944883 422.92913385826773 49.039370078740156 14.456692913385826 avant
186.8031496062992 422.92913385826773 32.59842519685039 14.456692913385826 de
203.24409448818898 422.92913385826773 59.811023622047244 14.456692913385826 devenir
246.61417322834646 422.92913385826773 49.039370078740156 14.456692913385826 jeune
279.21259842519686 422.92913385826773 43.653543307086615 14.456692913385826 dans
306.70866141732284 422.92913385826773 32.59842519685039 14.456692913385826 le
322.86614173228344 422.92913385826773 59.811023622047244 14.456692913385826 domaine
366.5196850393701 422.92913385826773 37.98425196850393 14.456692913385826 des
388.34645669291336 422.92913385826773 65.48031496062993 14.456692913385826 tableaux
437.38582677165357 422.92913385826773 59.811023622047244 14.456692913385826 peints,
475.37007874015745 422.92913385826773 27.212598425196852 14.456692913385826 des

105.44881889763779 434.8346456692913 73.13385826771653 13.606299212598426 sculptures
162.70866141732284 434.8346456692913 73.13385826771653 13.606299212598426 sculptées,
220.251968503937 434.8346456692913 36.56692913385827 13.606299212598426 des
241.22834645669292 434.8346456692913 62.645669291338585 13.606299212598426 gravures
288.2834645669291 434.8346456692913 57.54330708661417 13.606299212598426 gravées
329.9527559055118 434.8346456692913 31.46456692913386 13.606299212598426 et
345.54330708661416 434.8346456692913 36.56692913385827 13.606299212598426 des
366.5196850393701 434.8346456692913 57.54330708661417 13.606299212598426 dessins
408.18897637795277 434.8346456692913 68.03149606299213 13.606299212598426 dessinés.
460.62992125984255 434.8346456692913 31.46456692913386 13.606299212598426 Si
470.8346456692913 434.8346456692913 31.46456692913386 13.606299212598426 l’on

105.16535433070867 444.755905511811 42.51968503937008 17.291338582677167 aime
131.81102362204723 444.755905511811 31.748031496062993 17.291338582677167 la
147.68503937007873 444.755905511811 63.77952755905512 17.291338582677167 jeunesse
195.30708661417322 444.755905511811 47.62204724409449 17.291338582677167 parce
227.33858267716536 444.755905511811 37.13385826771653 17.291338582677167 que
248.5984251968504 444.755905511811 63.77952755905512 17.291338582677167 l’avenir
296.2204724409449 444.755905511811 37.13385826771653 17.291338582677167 est
317.4803149606299 444.755905511811 37.13385826771653 17.291338582677167 aux
338.74015748031496 444.755905511811 58.39370078740158 17.291338582677167 jeunes,
381.25984251968504 444.755905511811 31.748031496062993 17.291338582677167 on
397.13385826771656 444.755905511811 37.13385826771653 17.291338582677167 les
418.3937007874016 444.755905511811 42.51968503937008 17.291338582677167 aime
444.755905511811 444.755905511811 42.51968503937008 17.291338582677167 donc
466.01574803149606 444.755905511811 37.13385826771653 17.291338582677167 parce

106.2992125984252 461.4803149606299 38.55118110236221 13.88976377952756 que,
130.39370078740157 461.4803149606299 33.732283464566926 13.88976377952756 une
149.66929133858267 461.4803149606299 38.55118110236221 13.88976377952756 fois
174.04724409448818 461.4803149606299 53.29133858267716 13.88976377952756 arrivés
212.5984251968504 461.4803149606299 33.732283464566926 13.88976377952756 là,
232.15748031496062 461.4803149606299 33.732283464566926 13.88976377952756 ils
251.43307086614172 461.4803149606299 28.913385826771652 13.88976377952756 ne
265.8897637795276 461.4803149606299 38.55118110236221 13.88976377952756 sont
289.98425196850394 461.4803149606299 38.55118110236221 13.88976377952756 plus
314.3622047244094 461.4803149606299 53.29133858267716 13.88976377952756 jeunes.
352.9133858267717 461.4803149606299 38.55118110236221 13.88976377952756 Mais
377.00787401574803 461.4803149606299 33.732283464566926 13.88976377952756 si,
396.56692913385825 461.4803149606299 33.732283464566926 13.88976377952756 par
415.84251968503935 461.4803149606299 53.29133858267716 13.88976377952756 contre,
454.3937007874016 461.4803149606299 38.55118110236221 13.88976377952756 l’on
473.9527559055118 461.4803149606299 28.913385826771652 13.88976377952756 aime

106.01574803149606 472.81889763779526 30.04724409448819 13.039370078740157 le
121.03937007874016 472.81889763779526 50.173228346456696 13.039370078740157 germe,
156.4724409448819 472.81889763779526 30.04724409448819 13.039370078740157 le
171.49606299212599 472.81889763779526 60.37795275590551 13.039370078740157 devenir,
216.56692913385828 472.81889763779526 30.04724409448819 13.039370078740157 le
231.8740157480315 472.81889763779526 50.173228346456696 13.039370078740157 savoir
267.0236220472441 472.81889763779526 35.1496062992126 13.039370078740157 qui
287.1496062992126 472.81889763779526 35.1496062992126 13.039370078740157 est
307.2755905511811 472.81889763779526 25.228346456692915 13.039370078740157 à
317.1968503937008 472.81889763779526 35.1496062992126 13.039370078740157 son
337.3228346456693 472.81889763779526 50.173228346456696 13.039370078740157 début,
372.4724409448819 472.81889763779526 45.354330708661415 13.039370078740157 parce
402.5196850393701 472.81889763779526 35.1496062992126 13.039370078740157 que
422.6456692913386 472.81889763779526 35.1496062992126 13.039370078740157 ces
442.7716535433071 472.81889763779526 50.173228346456696 13.039370078740157 choses
473.1023622047244 472.81889763779526 30.04724409448819 13.039370078740157 sont

106.01574803149606 485.8582677165354 31.46456692913386 12.188976377952756 en
121.60629921259843 485.8582677165354 78.51968503937007 12.188976377952756 elles-mêmes
184.53543307086613 485.8582677165354 52.44094488188976 12.188976377952756 nobles
221.10236220472441 485.8582677165354 31.46456692913386 12.188976377952756 et
236.69291338582678 485.8582677165354 78.51968503937007 12.188976377952756 gracieuses,
299.62204724409446 485.8582677165354 47.05511811023622 12.188976377952756 alors
331.0866141732283 485.8582677165354 41.95275590551181 12.188976377952756 l’on
357.1653543307087 485.8582677165354 52.44094488188976 12.188976377952756 pourra
393.73228346456693 485.8582677165354 47.05511811023622 12.188976377952756 aimer
425.1968503937008 485.8582677165354 36.56692913385827 12.188976377952756 les
446.1732283464567 485.8582677165354 52.44094488188976 12.188976377952756 œuvres
477.6377952755906 485.8582677165354 26.078740157480315 12.188976377952756 des

104.88188976377953 498.0472440944882 60.661417322834644 17.5748031496063 jeunes
147.4015748031496 498.0472440944882 48.47244094488189 17.5748031496063 pour
177.73228346456693 498.0472440944882 90.99212598425197 17.5748031496063 elles-mêmes
250.58267716535434 498.0472440944882 48.47244094488189 17.5748031496063 tout
274.6771653543307 498.0472440944882 79.08661417322834 17.5748031496063 simplement.

116.78740157480316 511.37007874015745 68.03149606299213 17.858267716535433 Confiants
168.9448818897638 511.37007874015745 41.95275590551181 17.858267716535433 dans
195.30708661417322 511.37007874015745 36.56692913385827 17.858267716535433 une
216.28346456692913 511.37007874015745 47.05511811023622 17.858267716535433 telle
247.748031496063 511.37007874015745 47.05511811023622 17.858267716535433 façon
279.21259842519686 511.37007874015745 31.46456692913386 17.858267716535433 de
294.8031496062992 511.37007874015745 47.05511811023622 17.858267716535433 voir,
326.26771653543307 511.37007874015745 41.95275590551181 17.858267716535433 nous
352.62992125984255 511.37007874015745 73.41732283464567 17.858267716535433 présentons
410.1732283464567 511.37007874015745 36.56692913385827 17.858267716535433 les
431.1496062992126 511.37007874015745 52.44094488188976 17.858267716535433 œuvres
468.0 511.37007874015745 31.46456692913386 17.858267716535433 de
478.48818897637796 511.37007874015745 26.078740157480315 17.858267716535433 nos

106.2992125984252 523.8425196850394 51.023622047244096 16.440944881889763 jeunes
136.91338582677164 523.8425196850394 56.125984251968504 16.440944881889763 artistes.

416.12598425196853 553.0393700787401 31.46456692913386 20.125984251968504 H.
426.61417322834643 553.0393700787401 78.80314960629921 20.125984251968504 Stenstadvold.

119.62204724409449 596.1259842519685 27.212598425196852 17.5748031496063 82
