531.496062992126 625.6062992125984
418.96062992125985 2.267716535433071 85.60629921259843 24.37795275590551 URUGUAV

56.976377952755904 28.062992125984252 89.5748031496063 24.661417322834644 l’identifier.
130.96062992125985 28.062992125984252 31.46456692913386 24.661417322834644 De
146.5511811023622 28.062992125984252 36.8503937007874 24.661417322834644 ton
167.81102362204723 28.062992125984252 57.826771653543304 24.661417322834644 austère
209.76377952755905 28.062992125984252 31.46456692913386 24.661417322834644 et
225.63779527559055 28.062992125984252 63.21259842519685 24.661417322834644 profond,
272.9763779527559 28.062992125984252 31.46456692913386 24.661417322834644 il
288.8503937007874 28.062992125984252 26.362204724409448 24.661417322834644 a
299.33858267716533 28.062992125984252 52.724409448818896 24.661417322834644 réussi
336.18897637795277 28.062992125984252 26.362204724409448 24.661417322834644 à
346.6771653543307 28.062992125984252 63.21259842519685 24.661417322834644 combiner
394.01574803149606 28.062992125984252 26.362204724409448 24.661417322834644 —
404.78740157480314 28.062992125984252 31.46456692913386 24.661417322834644 en
415.2755905511811 28.062992125984252 47.338582677165356 24.661417322834644 faisant

57.826771653543304 48.188976377952756 35.71653543307087 17.291338582677167 une
78.23622047244095 48.188976377952756 61.22834645669291 17.291338582677167 peinture
124.15748031496064 48.188976377952756 30.614173228346456 17.291338582677167 de
139.748031496063 48.188976377952756 45.92125984251968 17.291338582677167 haute
170.36220472440945 48.188976377952756 56.125984251968504 17.291338582677167 qualité
211.1811023622047 48.188976377952756 25.511811023622048 17.291338582677167 —
221.38582677165354 48.188976377952756 87.02362204724409 17.291338582677167 l’élaboration
293.1023622047244 48.188976377952756 35.71653543307087 17.291338582677167 des
313.51181102362204 48.188976377952756 61.22834645669291 17.291338582677167 surfaces
359.43307086614175 48.188976377952756 76.81889763779527 17.291338582677167 intensément
415.84251968503935 48.188976377952756 45.92125984251968 17.291338582677167 vêcues,

57.25984251968504 67.74803149606299 43.653543307086615 14.456692913385826 avec
84.4724409448819 67.74803149606299 38.267716535433074 14.456692913385826 les
106.2992125984252 67.74803149606299 76.53543307086615 14.456692913385826 structures
166.6771653543307 67.74803149606299 43.653543307086615 14.456692913385826 d’un
193.88976377952756 67.74803149606299 54.70866141732284 14.456692913385826 dessin
232.15748031496062 67.74803149606299 76.53543307086615 14.456692913385826 pénétrant,
292.53543307086613 67.74803149606299 43.653543307086615 14.456692913385826 avec
319.748031496063 67.74803149606299 54.70866141732284 14.456692913385826 lequel
358.01574803149606 67.74803149606299 32.881889763779526 14.456692913385826 il
374.45669291338584 67.74803149606299 71.14960629921259 14.456692913385826 développe
423.7795275590551 67.74803149606299 38.267716535433074 14.456692913385826 toute

57.25984251968504 81.07086614173228 39.40157480314961 14.173228346456693 une
79.93700787401575 81.07086614173228 28.062992125984252 14.173228346456693 «
90.99212598425197 81.07086614173228 90.14173228346456 14.173228346456693 signographie
164.1259842519685 81.07086614173228 28.062992125984252 14.173228346456693 »
175.46456692913387 81.07086614173228 33.732283464566926 14.173228346456693 ou
192.18897637795277 81.07086614173228 28.062992125984252 14.173228346456693 «
203.5275590551181 81.07086614173228 78.80314960629921 14.173228346456693 symbologie
265.3228346456693 81.07086614173228 28.062992125984252 14.173228346456693 »
276.66141732283467 81.07086614173228 67.46456692913385 14.173228346456693 d’énorme
327.40157480314963 81.07086614173228 84.4724409448819 14.173228346456693 suggestion,
394.86614173228344 81.07086614173228 33.732283464566926 14.173228346456693 au
411.59055118110234 81.07086614173228 50.74015748031496 14.173228346456693 moyen
439.93700787401576 81.07086614173228 22.393700787401574 14.173228346456693 de

56.69291338582677 93.8267716535433 64.91338582677166 14.740157480314961 laquelle
105.44881889763779 93.8267716535433 32.31496062992126 14.740157480314961 il
121.60629921259843 93.8267716535433 54.14173228346457 14.740157480314961 arrive
159.30708661417322 93.8267716535433 26.929133858267715 14.740157480314961 à
170.07874015748033 93.8267716535433 43.37007874015748 14.740157480314961 nous
197.29133858267716 93.8267716535433 81.07086614173228 14.740157480314961 transmettre
262.20472440944883 93.8267716535433 32.31496062992126 14.740157480314961 un
278.3622047244094 93.8267716535433 64.91338582677166 14.740157480314961 étonnant
326.8346456692913 93.8267716535433 59.52755905511811 14.740157480314961 message
364.81889763779526 93.8267716535433 97.22834645669292 14.740157480314961 d’identification

57.25984251968504 109.98425196850394 104.03149606299213 14.456692913385826 afro-américaine.
145.41732283464566 109.98425196850394 36.28346456692913 14.456692913385826 Son
166.39370078740157 109.98425196850394 57.25984251968504 14.456692913385826 retour,
207.7795275590551 109.98425196850394 46.77165354330709 14.456692913385826 après
238.96062992125985 109.98425196850394 31.181102362204726 14.456692913385826 la
254.5511811023622 109.98425196850394 51.874015748031496 14.456692913385826 bourse
291.11811023622045 109.98425196850394 62.36220472440945 14.456692913385826 d’études
337.8897637795276 109.98425196850394 36.28346456692913 14.456692913385826 qui
358.5826771653543 109.98425196850394 36.28346456692913 14.456692913385826 lui
379.5590551181102 109.98425196850394 36.28346456692913 14.456692913385826 fut
400.251968503937 109.98425196850394 57.25984251968504 14.456692913385826 confiée
436.53543307086613 109.98425196850394 26.078740157480315 14.456692913385826 par

56.976377952755904 120.75590551181102 31.748031496062993 17.5748031496063 le
72.85039370078741 120.75590551181102 84.18897637795276 17.5748031496063 gouvernement
141.4488188976378 120.75590551181102 73.7007874015748 17.5748031496063 brésilien,
199.2755905511811 120.75590551181102 31.748031496062993 17.5748031496063 le
215.1496062992126 120.75590551181102 63.21259842519685 17.5748031496063 surprend
262.7716535433071 120.75590551181102 31.748031496062993 17.5748031496063 en
278.3622047244094 120.75590551181102 47.338582677165356 17.5748031496063 plein
310.1102362204724 120.75590551181102 58.110236220472444 17.5748031496063 progrès
352.34645669291336 120.75590551181102 31.748031496062993 17.5748031496063 et
367.93700787401576 120.75590551181102 42.23622047244095 17.5748031496063 dans
394.2992125984252 120.75590551181102 31.748031496062993 17.5748031496063 la
404.78740157480314 120.75590551181102 58.110236220472444 17.5748031496063 certitude

56.69291338582677 135.49606299212599 58.110236220472444 17.858267716535433 d’avoir
98.92913385826772 135.49606299212599 52.724409448818896 17.858267716535433 trouvé
135.7795275590551 135.49606299212599 31.748031496062993 17.858267716535433 un
151.6535433070866 135.49606299212599 52.724409448818896 17.858267716535433 chemin
188.50393700787401 135.49606299212599 26.362204724409448 17.858267716535433 à
198.99212598425197 135.49606299212599 68.5984251968504 17.858267716535433 parcourir
251.71653543307087 135.49606299212599 42.23622047244095 17.858267716535433 avec
278.0787401574803 135.49606299212599 42.23622047244095 17.858267716535433 foi,
304.4409448818898 135.49606299212599 47.338582677165356 17.858267716535433 étant
336.18897637795277 135.49606299212599 47.338582677165356 17.858267716535433 donné
367.65354330708664 135.49606299212599 36.8503937007874 17.858267716535433 que
388.9133858267717 135.49606299212599 36.8503937007874 17.858267716535433 ses
409.8897637795276 135.49606299212599 42.23622047244095 17.858267716535433 dons
430.86614173228344 135.49606299212599 31.748031496062993 17.858267716535433 nous

56.976377952755904 152.2204724409449 59.52755905511811 17.291338582677167 placent
100.34645669291339 152.2204724409449 54.14173228346457 17.291338582677167 devant
138.04724409448818 152.2204724409449 32.59842519685039 17.291338582677167 un
154.48818897637796 152.2204724409449 48.75590551181102 17.291338582677167 jeune
186.8031496062992 152.2204724409449 43.37007874015748 17.291338582677167 déjà
214.01574803149606 152.2204724409449 86.74015748031496 17.291338582677167 expérimenté,
284.31496062992125 152.2204724409449 59.52755905511811 17.291338582677167 sachant
327.68503937007875 152.2204724409449 32.59842519685039 17.291338582677167 ce
343.84251968503935 152.2204724409449 48.75590551181102 17.291338582677167 qu’il
376.15748031496065 152.2204724409449 43.37007874015748 17.291338582677167 veut
403.37007874015745 152.2204724409449 32.59842519685039 17.291338582677167 et
419.5275590551181 152.2204724409449 37.98425196850393 17.291338582677167 qui
435.9685039370079 152.2204724409449 26.929133858267715 17.291338582677167 est

57.25984251968504 163.84251968503938 53.574803149606296 18.141732283464567 appelé
94.96062992125984 163.84251968503938 26.929133858267715 18.141732283464567 à
105.44881889763779 163.84251968503938 53.574803149606296 18.141732283464567 monter
143.1496062992126 163.84251968503938 42.803149606299215 18.141732283464567 très
170.07874015748033 163.84251968503938 42.803149606299215 18.141732283464567 haut
196.7244094488189 163.84251968503938 42.803149606299215 18.141732283464567 dans
223.6535433070866 163.84251968503938 32.31496062992126 18.141732283464567 le
239.81102362204723 163.84251968503938 64.34645669291339 18.141732283464567 panorama
282.61417322834643 163.84251968503938 69.73228346456693 18.141732283464567 artistique.

355.748031496063 210.61417322834646 50.74015748031496 17.007874015748033 Jorge
389.4803149606299 210.61417322834646 45.07086614173228 17.007874015748033 Paez
412.15748031496065 210.61417322834646 50.74015748031496 17.007874015748033 Vilaro,

176.5984251968504 224.50393700787401 57.25984251968504 15.023622047244094 Membre
216.56692913385828 224.50393700787401 34.2992125984252 15.023622047244094 de
233.85826771653544 224.50393700787401 34.2992125984252 15.023622047244094 la
250.86614173228347 224.50393700787401 80.22047244094489 15.023622047244094 Commission
314.0787401574803 224.50393700787401 74.55118110236221 15.023622047244094 Nationale
371.33858267716533 224.50393700787401 39.968503937007874 15.023622047244094 des
388.34645669291336 224.50393700787401 74.55118110236221 15.023622047244094 Beaux

193.03937007874015 421.51181102362204 68.5984251968504 18.141732283464567 SECTION
242.9291338582677 421.51181102362204 49.889763779527556 18.141732283464567 ARTS
267.87401574803147 421.51181102362204 81.07086614173228 18.141732283464567 LPLASTIQUES

212.03149606299212 436.53543307086613 74.83464566929133 26.929133858267715 PEINTURE
268.15748031496065 436.53543307086613 37.41732283464567 26.929133858267715 ET
280.62992125984255 436.53543307086613 49.889763779527556 26.929133858267715 DESSIN

78.51968503937007 461.1968503937008 59.811023622047244 19.84251968503937 José
121.88976377952756 461.1968503937008 87.02362204724409 19.84251968503937 GAMARRA
192.75590551181102 461.1968503937008 32.59842519685039 19.84251968503937 né
209.1968503937008 461.1968503937008 32.59842519685039 19.84251968503937 en
225.35433070866142 461.1968503937008 59.811023622047244 19.84251968503937 Uruguay
269.00787401574803 461.1968503937008 32.59842519685039 19.84251968503937 en
280.06299212598424 461.1968503937008 37.98425196850393 19.84251968503937 1934.

63.77952755905512 479.62204724409446 56.125984251968504 14.740157480314961 1
105.73228346456693 479.62204724409446 46.77165354330709 14.740157480314961 Nature
138.33070866141733 479.62204724409446 46.77165354330709 14.740157480314961 morte,
171.21259842519686 479.62204724409446 37.41732283464567 14.740157480314961 1960
194.45669291338584 479.62204724409446 51.30708661417323 14.740157480314961 (huile,
231.8740157480315 479.62204724409446 28.062992125984252 14.740157480314961 98
241.22834645669292 479.62204724409446 41.95275590551181 14.740157480314961 x142)*.

63.21259842519685 492.09448818897636 57.25984251968504 12.188976377952756 2
106.2992125984252 492.09448818897636 47.62204724409449 12.188976377952756 Nature
139.748031496063 492.09448818897636 47.62204724409449 12.188976377952756 morte,
173.1968503937008 492.09448818897636 38.267716535433074 12.188976377952756 1961
197.00787401574803 492.09448818897636 52.44094488188976 12.188976377952756 (huile,
234.99212598425197 492.09448818897636 33.44881889763779 12.188976377952756 68x
249.4488188976378 492.09448818897636 28.62992125984252 12.188976377952756 89).

64.34645669291339 503.43307086614175 55.84251968503937 15.023622047244094 3
106.01574803149606 503.43307086614175 46.488188976377955 15.023622047244094 Nature
138.61417322834646 503.43307086614175 46.488188976377955 15.023622047244094 morte,
171.21259842519686 503.43307086614175 37.13385826771653 15.023622047244094 1961
194.45669291338584 503.43307086614175 51.30708661417323 15.023622047244094 (huile,
231.8740157480315 503.43307086614175 37.13385826771653 15.023622047244094 120x
250.29921259842519 503.43307086614175 28.062992125984252 15.023622047244094 84).

234.4251968503937 515.3385826771654 66.33070866141732 18.4251968503937 GRAVURE

78.51968503937007 541.9842519685039 69.44881889763779 13.32283464566929 Glauco
132.09448818897638 541.9842519685039 96.09448818897638 13.32283464566929 CAPOZZOLI
212.31496062992127 541.9842519685039 32.031496062992126 13.32283464566929 né
228.18897637795277 541.9842519685039 26.64566929133858 13.32283464566929 à
238.96062992125985 541.9842519685039 74.83464566929133 13.32283464566929 Montevideo
297.6377952755906 541.9842519685039 32.031496062992126 13.32283464566929 en
308.40944881889766 541.9842519685039 37.41732283464567 13.32283464566929 1929.

64.06299212598425 556.4409448818898 56.125984251968504 15.590551181102363 4
106.01574803149606 556.4409448818898 28.062992125984252 15.590551181102363 La
120.18897637795276 556.4409448818898 56.125984251968504 15.590551181102363 fiancée,
162.14173228346456 556.4409448818898 37.41732283464567 15.590551181102363 1961
185.66929133858267 556.4409448818898 74.83464566929133 15.590551181102363 (xylographie
246.33070866141733 556.4409448818898 28.062992125984252 15.590551181102363 et
260.503937007874 556.4409448818898 74.83464566929133 15.590551181102363 sérigraphie,
316.62992125984255 556.4409448818898 42.23622047244095 15.590551181102363 82x70).

412.7244094488189 590.1732283464567 31.181102362204726 21.543307086614174 117
