515.3385826771654 622.7716535433071
78.80314960629921 4.251968503937008 115.08661417322834 20.125984251968504 MANIFESTATIONS
172.06299212598427 4.251968503937008 71.14960629921259 20.125984251968504 ANNEXES

222.23622047244095 132.66141732283464 70.86614173228347 27.496062992125985 LIVRES
271.84251968503935 132.66141732283464 42.51968503937008 27.496062992125985 ET
293.1023622047244 132.66141732283464 70.86614173228347 27.496062992125985 REVUES
342.99212598425197 132.66141732283464 49.60629921259842 27.496062992125985 SUR
364.251968503937 132.66141732283464 49.60629921259842 27.496062992125985 L’ART

130.11023622047244 163.84251968503938 29.480314960629922 16.440944881889763 Un
144.8503937007874 163.84251968503938 43.93700787401575 16.440944881889763 choix
174.04724409448818 163.84251968503938 29.480314960629922 16.440944881889763 de
188.78740157480314 163.84251968503938 49.039370078740156 16.440944881889763 livres
223.08661417322836 163.84251968503938 29.480314960629922 16.440944881889763 et
237.54330708661416 163.84251968503938 49.039370078740156 16.440944881889763 revues
271.84251968503935 163.84251968503938 34.2992125984252 16.440944881889763 sur
291.40157480314963 163.84251968503938 43.93700787401575 16.440944881889763 l’art
320.88188976377955 163.84251968503938 78.23622047244095 16.440944881889763 contemporain
384.37795275590554 163.84251968503938 39.118110236220474 16.440944881889763 sera
409.03937007874015 163.84251968503938 34.2992125984252 16.440944881889763 mis
428.59842519685037 163.84251968503938 24.37795275590551 16.440944881889763 à
438.23622047244095 163.84251968503938 29.480314960629922 16.440944881889763 la
448.15748031496065 163.84251968503938 63.496062992125985 16.440944881889763 disposition

118.48818897637796 179.1496062992126 35.43307086614173 14.740157480314961 du
136.3464566929134 179.1496062992126 58.960629921259844 14.740157480314961 public
177.4488188976378 179.1496062992126 47.338582677165356 14.740157480314961 dans
207.21259842519686 179.1496062992126 35.43307086614173 14.740157480314961 un
224.78740157480314 179.1496062992126 53.00787401574803 14.740157480314961 salon
260.2204724409449 179.1496062992126 35.43307086614173 14.740157480314961 de
272.12598425196853 179.1496062992126 58.960629921259844 14.740157480314961 lecture.

129.82677165354332 177.73228346456693 29.763779527559056 28.913385826771652 En
144.56692913385828 177.73228346456693 49.60629921259842 28.913385826771652 outre,
179.43307086614172 177.73228346456693 29.763779527559056 28.913385826771652 un
194.17322834645668 177.73228346456693 59.52755905511811 28.913385826771652 comptoir
238.96062992125985 177.73228346456693 29.763779527559056 28.913385826771652 de
253.70078740157481 177.73228346456693 49.60629921259842 28.913385826771652 vente,
288.56692913385825 177.73228346456693 59.52755905511811 28.913385826771652 organisé
333.07086614173227 177.73228346456693 34.86614173228347 28.913385826771652 par
352.9133858267717 177.73228346456693 29.763779527559056 28.913385826771652 la
367.93700787401576 177.73228346456693 64.62992125984252 28.913385826771652 librairie
417.54330708661416 177.73228346456693 29.763779527559056 28.913385826771652 La
432.2834645669291 177.73228346456693 44.78740157480315 28.913385826771652 Hune,
457.2283464566929 177.73228346456693 54.70866141732284 28.913385826771652 permettra

118.48818897637796 197.00787401574803 85.03937007874016 15.307086614173228 d’acquérir
185.10236220472441 197.00787401574803 36.56692913385827 15.307086614173228 ou
203.5275590551181 197.00787401574803 36.56692913385827 15.307086614173228 de
221.66929133858267 197.00787401574803 79.08661417322834 15.307086614173228 commander
282.3307086614173 197.00787401574803 42.51968503937008 15.307086614173228 les
306.70866141732284 197.00787401574803 72.85039370078741 15.307086614173228 ouvrages
355.46456692913387 197.00787401574803 60.661417322834644 15.307086614173228 exposés.

246.61417322834646 219.96850393700788 84.75590551181102 26.362204724409448 EDITION
308.12598425196853 219.96850393700788 46.20472440944882 26.362204724409448 DE
323.43307086614175 219.96850393700788 77.10236220472441 26.362204724409448 GRAVURES

128.1259842519685 245.1968503937008 44.503937007874015 19.275590551181104 Cinq
156.18897637795277 245.1968503937008 66.89763779527559 19.275590551181104 graveurs
206.07874015748033 245.1968503937008 38.83464566929134 19.275590551181104 ont
228.4724409448819 245.1968503937008 38.83464566929134 19.275590551181104 été
250.58267716535434 245.1968503937008 66.89763779527559 19.275590551181104 désignés
300.755905511811 245.1968503937008 44.503937007874015 19.275590551181104 pour
328.53543307086613 245.1968503937008 66.89763779527559 19.275590551181104 exécuter
378.70866141732284 245.1968503937008 55.55905511811024 19.275590551181104 chacun
417.54330708661416 245.1968503937008 38.83464566929134 19.275590551181104 une
439.93700787401576 245.1968503937008 66.89763779527559 19.275590551181104 planche,
484.4409448818898 245.1968503937008 27.77952755905512 19.275590551181104 qui

117.92125984251969 264.4724409448819 42.51968503937008 14.173228346456693 sera
144.56692913385828 264.4724409448819 47.90551181102362 14.173228346456693 tirée
176.5984251968504 264.4724409448819 32.031496062992126 14.173228346456693 au
192.4724409448819 264.4724409448819 47.90551181102362 14.173228346456693 cours
224.50393700787401 264.4724409448819 32.031496062992126 14.173228346456693 de
240.3779527559055 264.4724409448819 32.031496062992126 14.173228346456693 la
256.53543307086613 264.4724409448819 64.06299212598425 14.173228346456693 Biennale
304.4409448818898 264.4724409448819 53.29133858267716 14.173228346456693 devant
341.8582677165354 264.4724409448819 32.031496062992126 14.173228346456693 le
357.73228346456693 264.4724409448819 58.67716535433071 14.173228346456693 public,
400.251968503937 264.4724409448819 42.51968503937008 14.173228346456693 sous
426.8976377952756 264.4724409448819 32.031496062992126 14.173228346456693 la
443.0551181102362 264.4724409448819 69.16535433070867 14.173228346456693 direction
490.96062992125985 264.4724409448819 21.25984251968504 14.173228346456693 de

116.78740157480316 270.99212598425197 70.01574803149606 19.84251968503937 Jacques
167.5275590551181 270.99212598425197 70.01574803149606 19.84251968503937 Riggal.
218.5511811023622 270.99212598425197 38.267716535433074 19.84251968503937 Ce
231.30708661417322 270.99212598425197 44.503937007874015 19.84251968503937 sont:

118.77165354330708 287.43307086614175 58.110236220472444 17.291338582677167 Paolo
162.4251968503937 287.43307086614175 63.21259842519685 17.291338582677167 BONI
210.89763779527559 287.43307086614175 29.19685039370079 17.291338582677167 né
225.63779527559055 287.43307086614175 24.37795275590551 17.291338582677167 à
235.2755905511811 287.43307086614175 58.110236220472444 17.291338582677167 Florence
278.92913385826773 287.43307086614175 29.19685039370079 17.291338582677167 en
288.56692913385825 287.43307086614175 34.01574803149607 17.291338582677167 1926.

117.92125984251969 297.9212598425197 78.80314960629921 20.125984251968504 Barbara
179.71653543307087 297.9212598425197 112.25196850393701 20.125984251968504 KWASNIEWSKA
275.244094488189 297.9212598425197 39.40157480314961 20.125984251968504 née
297.9212598425197 297.9212598425197 28.062992125984252 20.125984251968504 à
308.9763779527559 297.9212598425197 67.46456692913385 20.125984251968504 Varsovie
359.7165354330709 297.9212598425197 33.732283464566926 20.125984251968504 en
370.7716535433071 297.9212598425197 39.40157480314961 20.125984251968504 1931.

117.63779527559055 320.59842519685037 72.56692913385827 16.440944881889763 Voshiko
174.61417322834646 320.59842519685037 67.18110236220473 16.440944881889763 NOMA
226.20472440944883 320.59842519685037 36.28346456692913 16.440944881889763 née
246.89763779527559 320.59842519685037 25.79527559055118 16.440944881889763 à
257.38582677165357 320.59842519685037 51.874015748031496 16.440944881889763 Tokyo,
293.6692913385827 320.59842519685037 31.181102362204726 16.440944881889763 en
303.87401574803147 320.59842519685037 36.28346456692913 16.440944881889763 1934.

117.35433070866142 333.6377952755906 58.110236220472444 15.874015748031496 Jean
159.59055118110237 333.6377952755906 89.5748031496063 15.874015748031496 PESCHARD
233.5748031496063 333.6377952755906 31.748031496062993 15.874015748031496 né
249.4488188976378 333.6377952755906 26.362204724409448 15.874015748031496 à
259.93700787401576 333.6377952755906 47.338582677165356 15.874015748031496 Flers
291.68503937007875 333.6377952755906 31.748031496062993 15.874015748031496 en
302.1732283464567 333.6377952755906 36.8503937007874 15.874015748031496 1928.

117.35433070866142 343.5590551181102 68.5984251968504 20.409448818897637 Arthur
170.36220472440945 343.5590551181102 68.5984251968504 20.409448818897637 PIZA
223.08661417322836 343.5590551181102 31.748031496062993 20.409448818897637 né
238.96062992125985 343.5590551181102 26.362204724409448 20.409448818897637 à
249.73228346456693 343.5590551181102 68.5984251968504 20.409448818897637 Sao-Paulo
302.45669291338584 343.5590551181102 31.748031496062993 20.409448818897637 en
312.9448818897638 343.5590551181102 37.13385826771653 20.409448818897637 1928.

127.84251968503936 368.503937007874 36.0 13.88976377952756 Ces
148.251968503937 368.503937007874 61.511811023622045 13.88976377952756 gravures
194.45669291338584 368.503937007874 51.30708661417323 13.88976377952756 seront
230.45669291338584 368.503937007874 51.30708661417323 13.88976377952756 tirées
266.1732283464567 368.503937007874 25.511811023622048 13.88976377952756 à
276.37795275590554 368.503937007874 36.0 13.88976377952756 150
297.07086614173227 368.503937007874 76.81889763779527 13.88976377952756 exemplaires
358.5826771653543 368.503937007874 71.71653543307086 13.88976377952756 numérotés,
414.70866141732284 368.503937007874 41.10236220472441 13.88976377952756 dont
440.503937007874 368.503937007874 36.0 13.88976377952756 140
460.9133858267717 368.503937007874 36.0 13.88976377952756 sur
476.2204724409449 368.503937007874 36.0 13.88976377952756 vélin

117.35433070866142 382.96062992125985 33.44881889763779 11.338582677165354 de
134.07874015748033 382.96062992125985 66.89763779527559 11.338582677165354 Hollande
184.251968503937 382.96062992125985 38.83464566929134 11.338582677165354 des
206.36220472440945 382.96062992125985 77.95275590551181 11.338582677165354 papeteries
267.59055118110234 382.96062992125985 61.22834645669291 11.338582677165354 Royales
312.09448818897636 382.96062992125985 38.83464566929134 11.338582677165354 Van
334.48818897637796 382.96062992125985 55.55905511811024 11.338582677165354 Gelder
373.3228346456693 382.96062992125985 50.173228346456696 11.338582677165354 Zonen
406.7716535433071 382.96062992125985 83.33858267716535 11.338582677165354 d’Amsterdam
468.0 382.96062992125985 44.503937007874015 11.338582677165354 (pape-

116.78740157480316 390.61417322834643 50.74015748031496 16.440944881889763 teries
152.2204724409449 390.61417322834643 30.330708661417322 16.440944881889763 de
167.5275590551181 390.61417322834643 81.35433070866142 16.440944881889763 Montevrain),
233.5748031496063 390.61417322834643 66.04724409448819 16.440944881889763 numérotés
284.31496062992125 390.61417322834643 30.330708661417322 16.440944881889763 de
299.62204724409446 390.61417322834643 25.511811023622048 16.440944881889763 1
309.8267716535433 390.61417322834643 25.511811023622048 16.440944881889763 à
319.748031496063 390.61417322834643 40.53543307086614 16.440944881889763 140;
345.25984251968504 390.61417322834643 30.330708661417322 16.440944881889763 et
360.56692913385825 390.61417322834643 30.330708661417322 16.440944881889763 10
375.59055118110234 390.61417322834643 55.84251968503937 16.440944881889763 tirages
416.40944881889766 390.61417322834643 30.330708661417322 16.440944881889763 de
431.43307086614175 390.61417322834643 40.53543307086614 16.440944881889763 tête
456.9448818897638 390.61417322834643 35.43307086614173 16.440944881889763 sur
472.251968503937 390.61417322834643 40.53543307086614 16.440944881889763 papier

117.35433070866142 404.503937007874 33.732283464566926 11.622047244094489 du
134.36220472440945 404.503937007874 56.125984251968504 11.622047244094489 Moulin
173.48031496062993 404.503937007874 33.732283464566926 11.622047244094489 de
190.20472440944883 404.503937007874 61.511811023622045 11.622047244094489 Richard
234.99212598425197 404.503937007874 33.732283464566926 11.622047244094489 de
251.71653543307087 404.503937007874 44.78740157480315 11.622047244094489 Bas,
279.7795275590551 404.503937007874 72.85039370078741 11.622047244094489 numérotés
335.90551181102364 404.503937007874 33.732283464566926 11.622047244094489 de
352.62992125984255 404.503937007874 28.062992125984252 11.622047244094489 A
363.68503937007875 404.503937007874 28.062992125984252 11.622047244094489 à
369.3543307086614 404.503937007874 22.393700787401574 11.622047244094489 d.

127.55905511811024 413.8582677165354 37.41732283464567 12.188976377952756 Ces
149.10236220472441 413.8582677165354 64.06299212598425 12.188976377952756 gravures
197.00787401574803 413.8582677165354 53.574803149606296 12.188976377952756 seront
234.70866141732284 413.8582677165354 58.960629921259844 12.188976377952756 vendues
277.51181102362204 413.8582677165354 26.64566929133858 12.188976377952756 à
288.0 413.8582677165354 32.031496062992126 12.188976377952756 la
304.15748031496065 413.8582677165354 64.06299212598425 12.188976377952756 Biennale
352.34645669291336 413.8582677165354 32.031496062992126 12.188976377952756 au
368.2204724409449 413.8582677165354 42.803149606299215 12.188976377952756 prix
395.1496062992126 413.8582677165354 58.960629921259844 12.188976377952756 spécial
437.9527559055118 413.8582677165354 32.031496062992126 12.188976377952756 de
453.8267716535433 413.8582677165354 32.031496062992126 12.188976377952756 30
469.98425196850394 413.8582677165354 32.031496062992126 12.188976377952756 NF
480.755905511811 413.8582677165354 32.031496062992126 12.188976377952756 pour

117.63779527559055 422.0787401574803 34.86614173228347 14.456692913385826 les
137.76377952755905 422.0787401574803 60.09448818897638 14.456692913385826 gravures
182.83464566929135 422.0787401574803 70.01574803149606 14.456692913385826 numérotées
237.82677165354332 422.0787401574803 30.04724409448819 14.456692913385826 de
252.8503937007874 422.0787401574803 24.944881889763778 14.456692913385826 1
262.7716535433071 422.0787401574803 24.944881889763778 14.456692913385826 à
272.6929133858268 422.0787401574803 39.968503937007874 14.456692913385826 140;
297.6377952755906 422.0787401574803 30.04724409448819 14.456692913385826 et
312.66141732283467 422.0787401574803 30.04724409448819 14.456692913385826 de
327.68503937007875 422.0787401574803 30.04724409448819 14.456692913385826 60
342.70866141732284 422.0787401574803 30.04724409448819 14.456692913385826 NF
357.73228346456693 422.0787401574803 39.968503937007874 14.456692913385826 pour
382.6771653543307 422.0787401574803 34.86614173228347 14.456692913385826 les
402.8031496062992 422.0787401574803 54.99212598425197 14.456692913385826 tirages
442.7716535433071 422.0787401574803 30.04724409448819 14.456692913385826 de
457.79527559055117 422.0787401574803 39.968503937007874 14.456692913385826 tête
477.9212598425197 422.0787401574803 34.86614173228347 14.456692913385826 numé-

117.92125984251969 433.13385826771656 45.07086614173228 15.307086614173228 rotés
147.96850393700788 433.13385826771656 30.04724409448819 15.307086614173228 de
162.99212598425197 433.13385826771656 24.944881889763778 15.307086614173228 A
172.91338582677164 433.13385826771656 24.944881889763778 15.307086614173228 à
183.11811023622047 433.13385826771656 30.04724409448819 15.307086614173228 J.
197.85826771653544 433.13385826771656 49.889763779527556 15.307086614173228 Celles
233.00787401574803 433.13385826771656 34.86614173228347 15.307086614173228 qui
252.8503937007874 433.13385826771656 60.09448818897638 15.307086614173228 n’auront
297.9212598425197 433.13385826771656 34.86614173228347 15.307086614173228 pas
318.0472440944882 433.13385826771656 34.86614173228347 15.307086614173228 été
337.8897637795276 433.13385826771656 54.99212598425197 15.307086614173228 vendues
377.8582677165354 433.13385826771656 54.99212598425197 15.307086614173228 pendant
417.8267716535433 433.13385826771656 30.04724409448819 15.307086614173228 la
432.8503937007874 433.13385826771656 60.09448818897638 15.307086614173228 Biennale
472.81889763779526 433.13385826771656 39.968503937007874 15.307086614173228 seront

118.20472440944881 445.8897637795276 46.20472440944882 14.456692913385826 mises
148.8188976377953 445.8897637795276 25.511811023622048 14.456692913385826 à
159.30708661417322 445.8897637795276 30.614173228346456 14.456692913385826 la
174.61417322834646 445.8897637795276 76.81889763779527 14.456692913385826 disposition
236.1259842519685 445.8897637795276 30.614173228346456 14.456692913385826 du
251.43307086614172 445.8897637795276 51.30708661417323 14.456692913385826 public
287.43307086614175 445.8897637795276 25.511811023622048 14.456692913385826 à
297.6377952755906 445.8897637795276 30.614173228346456 14.456692913385826 la
312.9448818897638 445.8897637795276 66.61417322834646 14.456692913385826 librairie
364.251968503937 445.8897637795276 30.614173228346456 14.456692913385826 La
379.5590551181102 445.8897637795276 46.20472440944882 14.456692913385826 Hune,
410.1732283464567 445.8897637795276 25.511811023622048 14.456692913385826 à
420.66141732283467 445.8897637795276 41.10236220472441 14.456692913385826 leur
446.1732283464567 445.8897637795276 41.10236220472441 14.456692913385826 prix
466.5826771653543 445.8897637795276 46.20472440944882 14.456692913385826 normal.

127.84251968503936 456.66141732283467 36.56692913385827 19.275590551181104 Ces
148.53543307086613 456.66141732283467 62.645669291338585 19.275590551181104 artistes
195.59055118110237 456.66141732283467 36.56692913385827 19.275590551181104 ont
216.28346456692913 456.66141732283467 41.669291338582674 19.275590551181104 été,
242.64566929133858 456.66141732283467 31.181102362204726 19.275590551181104 en
258.23622047244095 456.66141732283467 52.15748031496063 19.275590551181104 outre,
294.8031496062992 456.66141732283467 57.25984251968504 19.275590551181104 invités
336.4724409448819 456.66141732283467 26.078740157480315 19.275590551181104 à
346.96062992125985 456.66141732283467 57.25984251968504 19.275590551181104 exposer
388.62992125984255 456.66141732283467 52.15748031496063 19.275590551181104 chacun
425.1968503937008 456.66141732283467 36.56692913385827 19.275590551181104 une
440.78740157480314 456.66141732283467 52.15748031496063 19.275590551181104 gravure.

118.20472440944881 474.8031496062992 56.40944881889764 18.4251968503937 Paolo
160.7244094488189 474.8031496062992 56.40944881889764 18.4251968503937 BONI
202.96062992125985 474.8031496062992 84.4724409448819 18.4251968503937 Pétrification,
273.54330708661416 474.8031496062992 37.7007874015748 18.4251968503937 1961
296.78740157480314 474.8031496062992 56.40944881889764 18.4251968503937 (gravure
339.3070866141732 474.8031496062992 28.062992125984252 18.4251968503937 en
353.1968503937008 474.8031496062992 51.59055118110236 18.4251968503937 relief,
390.8976377952756 474.8031496062992 51.59055118110236 18.4251968503937 65x50).
428.59842519685037 474.8031496062992 56.40944881889764 18.4251968503937 Editions
470.8346456692913 474.8031496062992 28.062992125984252 18.4251968503937 Le
480.18897637795277 474.8031496062992 32.881889763779526 18.4251968503937 Point

112.53543307086615 488.9763779527559 57.826771653543304 15.307086614173228 Cardinal.

117.63779527559055 503.7165354330709 77.38582677165354 14.456692913385826 Barbara
178.58267716535434 503.7165354330709 105.16535433070867 14.456692913385826 KWASNIEWSKA
267.0236220472441 503.7165354330709 27.77952755905512 14.456692913385826 :
278.0787401574803 503.7165354330709 66.33070866141732 14.456692913385826 Persane,
327.9685039370079 503.7165354330709 44.22047244094488 14.456692913385826 1961
355.748031496063 503.7165354330709 72.0 14.456692913385826 (gravure,
405.3543307086614 503.7165354330709 49.889763779527556 14.456692913385826 76x57).

116.50393700787401 517.6062992125984 77.95275590551181 13.606299212598426 Voshiko
177.73228346456693 517.6062992125984 55.55905511811024 13.606299212598426 NOMA
216.8503937007874 517.6062992125984 27.77952755905512 13.606299212598426 :
227.90551181102362 517.6062992125984 50.173228346456696 13.606299212598426 Champ
261.3543307086614 517.6062992125984 33.44881889763779 13.606299212598426 I,
277.79527559055117 517.6062992125984 44.503937007874015 13.606299212598426 1960
305.8582677165354 517.6062992125984 83.33858267716535 13.606299212598426 (eau-forte,
366.8031496062992 517.6062992125984 50.173228346456696 13.606299212598426 43x33).

117.35433070866142 530.6456692913385 54.99212598425197 13.88976377952756 Jean
157.60629921259843 530.6456692913385 79.93700787401575 13.88976377952756 PESCHARD
222.51968503937007 530.6456692913385 24.944881889763778 13.88976377952756 :
232.44094488188978 530.6456692913385 50.173228346456696 13.88976377952756 Projet
267.59055118110234 530.6456692913385 94.96062992125984 13.88976377952756 d’illustrations
347.5275590551181 530.6456692913385 39.968503937007874 13.88976377952756 pour
372.755905511811 530.6456692913385 24.944881889763778 13.88976377952756 «
382.6771653543307 530.6456692913385 35.1496062992126 13.88976377952756 Les
402.8031496062992 530.6456692913385 65.19685039370079 13.88976377952756 richesses
447.87401574803147 530.6456692913385 65.19685039370079 13.88976377952756 naturelles»

116.78740157480316 543.4015748031496 34.2992125984252 13.88976377952756 de
133.79527559055117 543.4015748031496 45.92125984251968 13.88976377952756 René
162.4251968503937 543.4015748031496 34.2992125984252 13.88976377952756 de
179.71653543307087 543.4015748031496 68.88188976377953 13.88976377952756 Obaldia,
231.30708661417322 543.4015748031496 74.55118110236221 13.88976377952756 1959-1961
288.56692913385825 543.4015748031496 74.55118110236221 13.88976377952756 (gravure,
340.15748031496065 543.4015748031496 51.59055118110236 13.88976377952756 30x21).

117.35433070866142 551.9055118110236 65.76377952755905 26.64566929133858 Arthur
168.09448818897638 551.9055118110236 60.94488188976378 26.64566929133858 PIZA
213.73228346456693 551.9055118110236 25.228346456692915 26.64566929133858 :
223.93700787401573 551.9055118110236 50.74015748031496 26.64566929133858 Grande
259.37007874015745 551.9055118110236 65.76377952755905 26.64566929133858 Cosmique,
310.1102362204724 551.9055118110236 40.53543307086614 26.64566929133858 1961
335.33858267716533 551.9055118110236 65.76377952755905 26.64566929133858 (gravure,
386.0787401574803 551.9055118110236 55.84251968503937 26.64566929133858 87x60).
426.61417322834643 551.9055118110236 55.84251968503937 26.64566929133858 Galerie
467.1496062992126 551.9055118110236 30.330708661417322 26.64566929133858 La
477.3543307086614 551.9055118110236 35.43307086614173 26.64566929133858 Hune.

130.39370078740157 601.7952755905512 29.763779527559056 17.007874015748033 140
