515.3385826771654 625.6062992125984
74.83464566929133 2.5511811023622046 151.93700787401573 18.4251968503937 GRANDE

120.18897637795276 27.77952755905512 61.79527559055118 25.79527559055118 constant,
167.81102362204723 27.77952755905512 33.16535433070866 25.79527559055118 les
186.8031496062992 27.77952755905512 52.15748031496063 25.79527559055118 moitiés
224.78740157480314 27.77952755905512 56.976377952755904 25.79527559055118 jumelles
267.3070866141732 27.77952755905512 28.346456692913385 25.79527559055118 de
281.76377952755905 27.77952755905512 33.16535433070866 25.79527559055118 ses
300.755905511811 27.77952755905512 61.79527559055118 25.79527559055118 tableaux.
348.09448818897636 27.77952755905512 33.16535433070866 25.79527559055118 Une
367.0866141732283 27.77952755905512 56.976377952755904 25.79527559055118 relation
409.8897637795276 27.77952755905512 47.338582677165356 25.79527559055118 active
438.23622047244095 27.77952755905512 56.976377952755904 25.79527559055118 comparable

120.18897637795276 48.47244094488189 42.803149606299215 17.858267716535433 entre
148.8188976377953 48.47244094488189 28.346456692913385 17.858267716535433 le
162.99212598425197 48.47244094488189 42.803149606299215 17.858267716535433 geste
191.33858267716536 48.47244094488189 28.346456692913385 17.858267716535433 du
205.79527559055117 48.47244094488189 52.15748031496063 17.858267716535433 peintre
243.7795275590551 48.47244094488189 28.346456692913385 17.858267716535433 et
257.9527559055118 48.47244094488189 52.15748031496063 17.858267716535433 l’image
295.93700787401576 48.47244094488189 42.803149606299215 17.858267716535433 créée
324.2834645669291 48.47244094488189 28.346456692913385 17.858267716535433 se
338.45669291338584 48.47244094488189 61.79527559055118 17.858267716535433 rencontre
386.0787401574803 48.47244094488189 61.79527559055118 17.858267716535433 également
433.4173228346457 48.47244094488189 37.98425196850393 17.858267716535433 dans
452.40944881889766 48.47244094488189 42.803149606299215 17.858267716535433 l’œutie

119.90551181102362 59.52755905511811 31.46456692913386 21.543307086614174 de
135.49606299212599 59.52755905511811 57.54330708661417 21.543307086614174 Richard
177.16535433070865 59.52755905511811 52.15748031496063 21.543307086614174 Smith.
213.73228346456693 59.52755905511811 41.669291338582674 21.543307086614174 Bien
239.81102362204723 59.52755905511811 36.56692913385827 21.543307086614174 que
260.78740157480314 59.52755905511811 36.56692913385827 21.543307086614174 ses
281.76377952755905 59.52755905511811 52.15748031496063 21.543307086614174 images
318.3307086614173 59.52755905511811 52.15748031496063 21.543307086614174 soient
354.8976377952756 59.52755905511811 57.54330708661417 21.543307086614174 peintes
396.56692913385825 59.52755905511811 41.669291338582674 21.543307086614174 avec
422.6456692913386 59.52755905511811 36.56692913385827 21.543307086614174 une
438.23622047244095 59.52755905511811 57.54330708661417 21.543307086614174 sensualté

120.4724409448819 76.53543307086615 60.94488188976378 19.275590551181104 nerveuse,
167.5275590551181 76.53543307086615 28.062992125984252 19.275590551181104 sa
181.70078740157481 76.53543307086615 47.05511811023622 19.275590551181104 touche
214.58267716535434 76.53543307086615 51.59055118110236 19.275590551181104 définit
252.0 76.53543307086615 32.881889763779526 19.275590551181104 des
270.99212598425197 76.53543307086615 47.05511811023622 19.275590551181104 formes
303.87401574803147 76.53543307086615 42.23622047244095 19.275590551181104 d’une
331.93700787401576 76.53543307086615 70.58267716535433 19.275590551181104 remarquable
388.34645669291336 76.53543307086615 70.58267716535433 19.275590551181104 régularité.
444.755905511811 76.53543307086615 28.062992125984252 19.275590551181104 Il
454.1102362204724 76.53543307086615 42.23622047244095 19.275590551181104 établit

119.90551181102362 91.2755905511811 34.01574803149607 20.125984251968504 des
139.46456692913387 91.2755905511811 53.574803149606296 20.125984251968504 figures
178.29921259842519 91.2755905511811 73.13385826771653 20.125984251968504 symétriques
236.9763779527559 91.2755905511811 29.19685039370079 20.125984251968504 ou
251.43307086614172 91.2755905511811 63.496062992125985 20.125984251968504 répétées,
300.4724409448819 91.2755905511811 29.19685039370079 20.125984251968504 en
314.92913385826773 91.2755905511811 48.75590551181102 20.125984251968504 partie
349.2283464566929 91.2755905511811 58.67716535433071 20.125984251968504 enlevées
393.1653543307087 91.2755905511811 34.01574803149607 20.125984251968504 par
412.4409448818898 91.2755905511811 29.19685039370079 20.125984251968504 la
427.18110236220474 91.2755905511811 53.574803149606296 20.125984251968504 facture
466.2992125984252 91.2755905511811 29.19685039370079 20.125984251968504 et
475.93700787401576 91.2755905511811 19.559055118110237 20.125984251968504 en

120.75590551181102 105.44881889763779 44.78740157480315 19.559055118110237 partie
152.2204724409449 105.44881889763779 35.71653543307087 19.559055118110237 vues
174.33070866141733 105.44881889763779 22.393700787401574 19.559055118110237 à
183.4015748031496 105.44881889763779 49.039370078740156 19.559055118110237 travers
219.11811023622047 105.44881889763779 26.929133858267715 19.559055118110237 la
232.44094488188978 105.44881889763779 49.039370078740156 19.559055118110237 touche.
268.15748031496065 105.44881889763779 75.96850393700787 19.559055118110237 L’interaction
330.8031496062992 105.44881889763779 26.929133858267715 19.559055118110237 du
344.12598425196853 105.44881889763779 40.25196850393701 19.559055118110237 geste
371.0551181102362 105.44881889763779 26.929133858267715 19.559055118110237 et
384.37795275590554 105.44881889763779 26.929133858267715 19.559055118110237 de
397.7007874015748 105.44881889763779 62.645669291338585 19.559055118110237 l’illusion
447.0236220472441 105.44881889763779 35.71653543307087 19.559055118110237 est,
464.88188976377955 105.44881889763779 31.181102362204726 19.559055118110237 encor

119.90551181102362 120.18897637795276 33.732283464566926 20.409448818897637 une
139.1811023622047 120.18897637795276 43.37007874015748 20.409448818897637 fois,
168.09448818897638 120.18897637795276 28.913385826771652 20.409448818897637 un
182.5511811023622 120.18897637795276 43.37007874015748 20.409448818897637 signe
211.46456692913387 120.18897637795276 28.913385826771652 20.409448818897637 de
226.20472440944883 120.18897637795276 53.00787401574803 20.409448818897637 l’éveil
264.755905511811 120.18897637795276 28.913385826771652 20.409448818897637 du
279.21259842519686 120.18897637795276 57.826771653543304 20.409448818897637 jugement
322.5826771653543 120.18897637795276 57.826771653543304 20.409448818897637 pictural
365.9527559055118 120.18897637795276 33.732283464566926 20.409448818897637 des
385.2283464566929 120.18897637795276 57.826771653543304 20.409448818897637 peintres
424.06299212598424 120.18897637795276 72.28346456692914 20.409448818897637 britanniques.

129.54330708661416 132.09448818897638 51.59055118110236 21.543307086614174 L’image
167.24409448818898 132.09448818897638 42.23622047244095 21.543307086614174 qu’on
195.30708661417322 132.09448818897638 28.062992125984252 21.543307086614174 se
209.48031496062993 132.09448818897638 42.23622047244095 21.543307086614174 forme
237.82677165354332 132.09448818897638 23.52755905511811 21.543307086614174 à
247.1811023622047 132.09448818897638 65.76377952755905 21.543307086614174 l’étranger
298.7716535433071 132.09448818897638 28.062992125984252 21.543307086614174 de
312.9448818897638 132.09448818897638 42.23622047244095 21.543307086614174 l’art
341.00787401574803 132.09448818897638 51.59055118110236 21.543307086614174 anglais
378.70866141732284 132.09448818897638 23.52755905511811 21.543307086614174 a
388.06299212598424 132.09448818897638 60.94488188976378 21.543307086614174 tellement
435.11811023622045 132.09448818897638 56.40944881889764 21.543307086614174 souligné
472.53543307086613 132.09448818897638 23.52755905511811 21.543307086614174 les

119.90551181102362 151.08661417322836 62.07874015748032 18.708661417322833 relations
167.5275590551181 151.08661417322836 28.62992125984252 18.708661417322833 de
181.98425196850394 151.08661417322836 42.803149606299215 18.708661417322833 notre
210.61417322834646 151.08661417322836 33.44881889763779 18.708661417322833 art
229.60629921259843 151.08661417322836 37.98425196850393 18.708661417322833 avec
253.41732283464566 151.08661417322836 28.62992125984252 18.708661417322833 la
267.59055118110234 151.08661417322836 23.811023622047244 18.708661417322833 «
277.2283464566929 151.08661417322836 71.43307086614173 18.708661417322833 littérature
334.48818897637796 151.08661417322836 23.811023622047244 18.708661417322833 »
343.84251968503935 151.08661417322836 28.62992125984252 18.708661417322833 ou
358.2992125984252 151.08661417322836 37.98425196850393 18.708661417322833 avec
382.1102362204724 151.08661417322836 28.62992125984252 18.708661417322833 la
396.2834645669291 151.08661417322836 52.44094488188976 18.708661417322833 nature,
434.5511811023622 151.08661417322836 33.44881889763779 18.708661417322833 que
448.7244094488189 151.08661417322836 47.62204724409449 18.708661417322833 d’autres

119.62204724409449 163.84251968503938 54.425196850393704 17.291338582677167 aspects
159.0236220472441 163.84251968503938 34.58267716535433 17.291338582677167 des
178.86614173228347 163.84251968503938 54.425196850393704 17.291338582677167 travaux
218.5511811023622 163.84251968503938 54.425196850393704 17.291338582677167 récents
258.23622047244095 163.84251968503938 39.68503937007874 17.291338582677167 sont
282.8976377952756 163.84251968503938 44.503937007874015 17.291338582677167 moins
312.66141732283467 163.84251968503938 69.44881889763779 17.291338582677167 familiers.
367.37007874015745 163.84251968503938 29.763779527559056 17.291338582677167 Il
382.1102362204724 163.84251968503938 24.661417322834644 17.291338582677167 y
392.0314960629921 163.84251968503938 24.661417322834644 17.291338582677167 a
401.9527559055118 163.84251968503938 34.58267716535433 17.291338582677167 eu,
421.79527559055117 163.84251968503938 34.58267716535433 17.291338582677167 par
441.6377952755906 163.84251968503938 59.52755905511811 17.291338582677167 exemple,
481.3228346456693 163.84251968503938 14.740157480314961 17.291338582677167 à

118.77165354330708 179.1496062992126 55.275590551181104 16.440944881889763 travers
159.0236220472441 179.1496062992126 50.173228346456696 16.440944881889763 toutes
194.17322834645668 179.1496062992126 35.1496062992126 16.440944881889763 les
214.29921259842519 179.1496062992126 50.173228346456696 16.440944881889763 années
249.73228346456693 179.1496062992126 45.354330708661415 16.440944881889763 1950,
279.7795275590551 179.1496062992126 30.04724409448819 16.440944881889763 un
294.8031496062992 179.1496062992126 50.173228346456696 16.440944881889763 emploi
329.9527559055118 179.1496062992126 70.2992125984252 16.440944881889763 persistant
385.51181102362204 179.1496062992126 30.04724409448819 16.440944881889763 et
400.53543307086613 179.1496062992126 60.37795275590551 16.440944881889763 inventif
445.8897637795276 179.1496062992126 30.04724409448819 16.440944881889763 du
455.81102362204723 179.1496062992126 40.25196850393701 16.440944881889763 colage

119.90551181102362 195.0236220472441 51.023622047244096 15.307086614173228 utilisé
157.03937007874015 195.0236220472441 27.77952755905512 15.307086614173228 de
170.9291338582677 195.0236220472441 55.84251968503937 15.307086614173228 diverses
212.5984251968504 195.0236220472441 51.023622047244096 15.307086614173228 façons.
249.73228346456693 195.0236220472441 27.77952755905512 15.307086614173228 La
263.90551181102364 195.0236220472441 55.84251968503937 15.307086614173228 fonction
305.5748031496063 195.0236220472441 27.77952755905512 15.307086614173228 et
319.46456692913387 195.0236220472441 69.73228346456693 15.307086614173228 l’apparence
375.3070866141732 195.0236220472441 69.73228346456693 15.307086614173228 originelles
431.1496062992126 195.0236220472441 32.59842519685039 15.307086614173228 des
445.03937007874015 195.0236220472441 51.023622047244096 15.307086614173228 matériaux

119.05511811023622 206.64566929133858 50.173228346456696 17.5748031496063 collés
154.20472440944883 206.64566929133858 45.354330708661415 17.5748031496063 étant
184.53543307086613 206.64566929133858 45.354330708661415 17.5748031496063 moins
214.58267716535434 206.64566929133858 75.4015748031496 17.5748031496063 importantes
274.96062992125985 206.64566929133858 35.1496062992126 17.5748031496063 que
295.0866141732283 206.64566929133858 40.25196850393701 17.5748031496063 leur
320.0314960629921 206.64566929133858 90.4251968503937 17.5748031496063 transformation
395.43307086614175 206.64566929133858 75.4015748031496 17.5748031496063 esthétique.
450.70866141732284 206.64566929133858 45.354330708661415 17.5748031496063 Guythet

119.90551181102362 224.2204724409449 44.503937007874015 15.023622047244094 Irwin
149.38582677165354 224.2204724409449 59.52755905511811 15.023622047244094 emprunte
194.17322834645668 224.2204724409449 29.763779527559056 15.023622047244094 le
208.91338582677164 224.2204724409449 49.60629921259842 15.023622047244094 papier
243.7795275590551 224.2204724409449 54.425196850393704 15.023622047244094 destiné
283.46456692913387 224.2204724409449 24.661417322834644 15.023622047244094 à
293.38582677165357 224.2204724409449 34.58267716535433 15.023622047244094 ses
313.2283464566929 224.2204724409449 59.52755905511811 15.023622047244094 collages
357.73228346456693 224.2204724409449 34.58267716535433 15.023622047244094 aux
377.5748031496063 224.2204724409449 99.21259842519684 15.023622047244094 panneaux-réclame
462.0472440944882 224.2204724409449 29.763779527559056 15.023622047244094 et
471.9685039370079 224.2204724409449 24.661417322834644 15.023622047244094 aux

118.48818897637796 235.2755905511811 34.01574803149607 17.007874015748033 tas
137.76377952755905 235.2755905511811 67.74803149606299 17.007874015748033 d’affiches
191.0551181102362 235.2755905511811 38.83464566929134 17.007874015748033 hors
215.43307086614172 235.2755905511811 58.110236220472444 17.007874015748033 d’usage,
259.0866141732283 235.2755905511811 38.83464566929134 17.007874015748033 puis
283.18110236220474 235.2755905511811 29.19685039370079 17.007874015748033 il
297.9212598425197 235.2755905511811 53.29133858267716 17.007874015748033 utilise
336.755905511811 235.2755905511811 29.19685039370079 17.007874015748033 le
351.21259842519686 235.2755905511811 34.01574803149607 17.007874015748033 dos
370.48818897637796 235.2755905511811 29.19685039370079 17.007874015748033 de
385.2283464566929 235.2755905511811 34.01574803149607 17.007874015748033 ces
404.503937007874 235.2755905511811 58.110236220472444 17.007874015748033 bouchons
448.15748031496065 235.2755905511811 29.19685039370079 17.007874015748033 de
457.79527559055117 235.2755905511811 38.83464566929134 17.007874015748033 papier

118.20472440944881 250.01574803149606 36.28346456692913 17.007874015748033 aux
138.89763779527559 250.01574803149606 67.46456692913385 17.007874015748033 multiples
190.77165354330708 250.01574803149606 62.36220472440945 17.007874015748033 niveaux,
237.54330708661416 250.01574803149606 77.95275590551181 17.007874015748033 déchiquetés
299.62204724409446 250.01574803149606 31.181102362204726 17.007874015748033 et
315.21259842519686 250.01574803149606 72.56692913385827 17.007874015748033 assemblés.
372.4724409448819 250.01574803149606 31.181102362204726 17.007874015748033 Il
388.06299212598424 250.01574803149606 72.56692913385827 17.007874015748033 transforme
445.03937007874015 250.01574803149606 31.181102362204726 17.007874015748033 le
455.5275590551181 250.01574803149606 41.38582677165354 17.007874015748033 papier

117.63779527559055 268.15748031496065 31.46456692913386 16.15748031496063 en
133.51181102362204 268.15748031496065 36.8503937007874 16.15748031496063 une
154.48818897637796 268.15748031496065 68.31496062992126 16.15748031496063 substance
207.21259842519686 268.15748031496065 68.31496062992126 16.15748031496063 homogène,
259.65354330708664 268.15748031496065 52.44094488188976 16.15748031496063 fondue
296.503937007874 268.15748031496065 31.46456692913386 16.15748031496063 et
312.37795275590554 268.15748031496065 63.21259842519685 16.15748031496063 modifiée
359.7165354330709 268.15748031496065 47.338582677165356 16.15748031496063 d’une
391.18110236220474 268.15748031496065 57.826771653543304 16.15748031496063 manière
428.0314960629921 268.15748031496065 68.31496062992126 16.15748031496063 puissamment

118.20472440944881 282.61417322834643 69.44881889763779 15.023622047244094 picturale,
172.91338582677164 282.61417322834643 59.52755905511811 15.023622047244094 obtenant
217.70078740157481 282.61417322834643 34.86614173228347 15.023622047244094 une
237.54330708661416 282.61417322834643 54.70866141732284 15.023622047244094 surface
277.2283464566929 282.61417322834643 44.78740157480315 15.023622047244094 aussi
306.99212598425197 282.61417322834643 59.52755905511811 15.023622047244094 délicate
351.7795275590551 282.61417322834643 29.763779527559056 15.023622047244094 et
366.5196850393701 282.61417322834643 59.52755905511811 15.023622047244094 flexible
411.3070866141732 282.61417322834643 34.86614173228347 15.023622047244094 que
431.1496062992126 282.61417322834643 29.763779527559056 15.023622047244094 de
446.1732283464567 282.61417322834643 29.763779527559056 15.023622047244094 la
456.09448818897636 282.61417322834643 39.68503937007874 15.023622047244094 chair.

117.92125984251969 297.07086614173227 62.36220472440945 15.023622047244094 L’emploi
164.40944881889763 297.07086614173227 36.28346456692913 15.023622047244094 par
185.38582677165354 297.07086614173227 51.874015748031496 15.023622047244094 Harold
221.66929133858267 297.07086614173227 51.874015748031496 15.023622047244094 Cohen,
257.9527559055118 297.07086614173227 41.38582677165354 15.023622047244094 dans
283.748031496063 297.07086614173227 36.28346456692913 15.023622047244094 ses
304.7244094488189 297.07086614173227 67.46456692913385 15.023622047244094 tableaux,
356.59842519685037 297.07086614173227 31.181102362204726 15.023622047244094 de
372.18897637795277 297.07086614173227 51.874015748031496 15.023622047244094 bandes
408.4724409448819 297.07086614173227 31.181102362204726 15.023622047244094 de
424.06299212598424 297.07086614173227 51.874015748031496 15.023622047244094 toile,
455.244094488189 297.07086614173227 41.38582677165354 15.023622047244094 débuta

117.63779527559055 310.1102362204724 46.20472440944882 14.740157480314961 comme
148.251968503937 310.1102362204724 30.614173228346456 14.740157480314961 un
163.84251968503938 310.1102362204724 46.20472440944882 14.740157480314961 moyen
194.45669291338584 310.1102362204724 66.61417322834646 14.740157480314961 empirique
245.76377952755905 310.1102362204724 66.61417322834646 14.740157480314961 d’effacer
296.78740157480314 310.1102362204724 35.71653543307087 14.740157480314961 des
317.4803149606299 310.1102362204724 61.511811023622045 14.740157480314961 surfaces
363.40157480314963 310.1102362204724 35.71653543307087 14.740157480314961 non
383.81102362204723 310.1102362204724 97.22834645669292 14.740157480314961 satisfaisantes,
460.9133858267717 310.1102362204724 35.71653543307087 14.740157480314961 maisl

117.63779527559055 324.8503937007874 45.354330708661415 16.440944881889763 s’est
147.96850393700788 324.8503937007874 70.86614173228347 16.440944881889763 maintenant
203.5275590551181 324.8503937007874 65.76377952755905 16.440944881889763 développé
253.98425196850394 324.8503937007874 30.330708661417322 16.440944881889763 en
269.29133858267716 324.8503937007874 55.55905511811024 16.440944881889763 élément
309.8267716535433 324.8503937007874 75.68503937007874 16.440944881889763 constitutif
370.20472440944883 324.8503937007874 30.330708661417322 16.440944881889763 de
385.51181102362204 324.8503937007874 60.661417322834644 16.440944881889763 l’œuvre.
430.86614173228344 324.8503937007874 35.43307086614173 16.440944881889763 Les
446.1732283464567 324.8503937007874 50.45669291338583 16.440944881889763 morceaux

118.48818897637796 339.3070866141732 48.47244094488189 16.15748031496063 peints
152.50393700787401 339.3070866141732 29.19685039370079 16.15748031496063 et
166.96062992125985 339.3070866141732 34.01574803149607 16.15748031496063 les
186.23622047244095 339.3070866141732 58.110236220472444 16.15748031496063 rangées,
229.88976377952756 339.3070866141732 62.92913385826772 16.15748031496063 pareilles
278.3622047244094 339.3070866141732 24.37795275590551 16.15748031496063 à
288.2834645669291 339.3070866141732 34.01574803149607 16.15748031496063 des
307.5590551181102 339.3070866141732 58.110236220472444 16.15748031496063 strates,
351.21259842519686 339.3070866141732 34.01574803149607 16.15748031496063 des
370.48818897637796 339.3070866141732 48.47244094488189 16.15748031496063 bandes
404.503937007874 339.3070866141732 58.110236220472444 16.15748031496063 collées,
448.15748031496065 339.3070866141732 38.83464566929134 16.15748031496063 sont
467.43307086614175 339.3070866141732 29.19685039370079 16.15748031496063 unis

117.92125984251969 352.62992125984255 41.669291338582674 17.5748031496063 dans
143.71653543307087 352.62992125984255 31.181102362204726 17.5748031496063 un
159.30708661417322 352.62992125984255 62.36220472440945 17.5748031496063 contexte
200.9763779527559 352.62992125984255 57.25984251968504 17.5748031496063 pictural.

126.70866141732283 369.9212598425197 42.23622047244095 14.740157480314961 Seul
153.35433070866142 369.9212598425197 47.62204724409449 14.740157480314961 parmi
184.8188976377953 369.9212598425197 36.8503937007874 14.740157480314961 ces
206.07874015748033 369.9212598425197 68.5984251968504 14.740157480314961 peintres,
258.8031496062992 369.9212598425197 36.8503937007874 14.740157480314961 Joe
280.06299212598424 369.9212598425197 52.724409448818896 14.740157480314961 Tilson
316.9133858267717 369.9212598425197 52.724409448818896 14.740157480314961 semble
354.0472440944882 369.9212598425197 68.5984251968504 14.740157480314961 préoccupé
406.7716535433071 369.9212598425197 36.8503937007874 14.740157480314961 par
428.0314960629921 369.9212598425197 31.748031496062993 14.740157480314961 la
438.5196850393701 369.9212598425197 58.110236220472444 14.740157480314961 condifion

118.20472440944881 383.81102362204723 52.15748031496063 15.307086614173228 d’objet
156.18897637795277 383.81102362204723 28.346456692913385 15.307086614173228 de
170.36220472440945 383.81102362204723 33.16535433070866 15.307086614173228 son
189.35433070866142 383.81102362204723 37.7007874015748 15.307086614173228 art;
212.88188976377953 383.81102362204723 33.16535433070866 15.307086614173228 ses
231.8740157480315 383.81102362204723 56.69291338582677 15.307086614173228 reliefs,
274.3937007874016 383.81102362204723 33.16535433070866 15.307086614173228 que
293.38582677165357 383.81102362204723 33.16535433070866 15.307086614173228 les
312.09448818897636 383.81102362204723 56.69291338582677 15.307086614173228 planches
354.61417322834643 383.81102362204723 28.346456692913385 15.307086614173228 et
369.07086614173227 383.81102362204723 33.16535433070866 15.307086614173228 les
387.7795275590551 383.81102362204723 42.51968503937008 15.307086614173228 blocs
416.12598425196853 383.81102362204723 47.338582677165356 15.307086614173228 soient
444.4724409448819 383.81102362204723 52.15748031496063 15.307086614173228 éclatants

117.92125984251969 397.7007874015748 28.346456692913385 15.874015748031496 ou
132.09448818897638 397.7007874015748 61.511811023622045 15.874015748031496 discrets,
179.71653543307087 397.7007874015748 37.98425196850393 15.874015748031496 sont
203.24409448818898 397.7007874015748 71.14960629921259 15.874015748031496 tributaires
260.2204724409449 397.7007874015748 28.346456692913385 15.874015748031496 de
274.3937007874016 397.7007874015748 28.346456692913385 15.874015748031496 la
288.56692913385825 397.7007874015748 85.32283464566929 15.874015748031496 substantialité
359.7165354330709 397.7007874015748 33.16535433070866 15.874015748031496 des
378.70866141732284 397.7007874015748 61.511811023622045 15.874015748031496 matériaux
426.0472440944882 397.7007874015748 56.976377952755904 15.874015748031496 employés
468.8503937007874 397.7007874015748 28.346456692913385 15.874015748031496 et
478.20472440944883 397.7007874015748 18.992125984251967 15.874015748031496 de

117.63779527559055 412.4409448818898 38.83464566929134 16.440944881889763 leur
142.01574803149606 412.4409448818898 38.83464566929134 16.440944881889763 mise
166.11023622047244 412.4409448818898 29.19685039370079 16.440944881889763 en
180.8503937007874 412.4409448818898 43.653543307086615 16.440944881889763 place
210.04724409448818 412.4409448818898 63.21259842519685 16.440944881889763 physique,
258.5196850393701 412.4409448818898 34.01574803149607 16.440944881889763 non
278.0787401574803 412.4409448818898 29.19685039370079 16.440944881889763 de
292.53543307086613 412.4409448818898 72.85039370078741 16.440944881889763 l’évocation
350.92913385826773 412.4409448818898 29.19685039370079 16.440944881889763 de
365.6692913385827 412.4409448818898 58.39370078740158 16.440944881889763 l’espace
409.3228346456693 412.4409448818898 29.19685039370079 16.440944881889763 ou
424.06299212598424 412.4409448818898 29.19685039370079 16.440944881889763 de
438.5196850393701 412.4409448818898 29.19685039370079 16.440944881889763 la
448.15748031496065 412.4409448818898 48.75590551181102 16.440944881889763 lumière.

117.63779527559055 425.4803149606299 45.354330708661415 16.15748031496063 Comme
147.96850393700788 425.4803149606299 35.43307086614173 16.15748031496063 l’a
168.09448818897638 425.4803149606299 40.53543307086614 16.15748031496063 noté
193.60629921259843 425.4803149606299 55.55905511811024 16.15748031496063 William
233.85826771653544 425.4803149606299 55.55905511811024 16.15748031496063 Tucker,
274.3937007874016 425.4803149606299 30.330708661417322 16.15748031496063 et
289.4173228346457 425.4803149606299 40.53543307086614 16.15748031496063 ceci
314.6456692913386 425.4803149606299 25.228346456692915 16.15748031496063 a
324.8503937007874 425.4803149606299 45.354330708661415 16.15748031496063 trait
355.18110236220474 425.4803149606299 35.43307086614173 16.15748031496063 aux
375.3070866141732 425.4803149606299 55.55905511811024 16.15748031496063 reliefs
415.84251968503935 425.4803149606299 30.330708661417322 16.15748031496063 de
430.86614173228344 425.4803149606299 50.45669291338583 16.15748031496063 Tilson
461.1968503937008 425.4803149606299 35.43307086614173 16.15748031496063 aussi

117.63779527559055 441.07086614173227 41.669291338582674 17.858267716535433 bien
143.43307086614172 441.07086614173227 51.874015748031496 17.858267716535433 qu’aux
180.0 441.07086614173227 72.85039370078741 17.858267716535433 sculptures
237.25984251968504 441.07086614173227 31.181102362204726 17.858267716535433 en
252.8503937007874 441.07086614173227 36.28346456692913 17.858267716535433 fer
273.54330708661416 441.07086614173227 31.181102362204726 17.858267716535433 de
289.13385826771656 441.07086614173227 51.874015748031496 17.858267716535433 Tucker
325.7007874015748 441.07086614173227 62.36220472440945 17.858267716535433 lui-même
372.4724409448819 441.07086614173227 26.078740157480315 17.858267716535433 :
382.6771653543307 441.07086614173227 26.078740157480315 17.858267716535433 «
393.1653543307087 441.07086614173227 31.181102362204726 17.858267716535433 En
408.755905511811 441.07086614173227 72.85039370078741 17.858267716535433 sculpture,
466.01574803149606 441.07086614173227 31.181102362204726 17.858267716535433 on
476.503937007874 441.07086614173227 20.69291338582677 17.858267716535433 ne

117.35433070866142 456.09448818897636 49.889763779527556 16.724409448818896 quitte
152.50393700787401 456.09448818897636 49.889763779527556 16.724409448818896 jamais
187.37007874015748 456.09448818897636 30.04724409448819 16.724409448818896 le
202.39370078740157 456.09448818897636 45.07086614173228 16.724409448818896 monde
232.44094488188978 456.09448818897636 34.86614173228347 16.724409448818896 des
252.56692913385828 456.09448818897636 54.99212598425197 16.724409448818896 choses.
292.53543307086613 456.09448818897636 24.944881889763778 16.724409448818896 »
302.45669291338584 456.09448818897636 30.04724409448819 16.724409448818896 La
317.4803149606299 456.09448818897636 64.91338582677166 16.724409448818896 sculpture
367.37007874015745 456.09448818897636 30.04724409448819 16.724409448818896 de
382.3937007874016 456.09448818897636 45.07086614173228 16.724409448818896 David
412.4409448818898 456.09448818897636 64.91338582677166 16.724409448818896 Annesley,
457.51181102362204 456.09448818897636 39.968503937007874 16.724409448818896 Tucker

117.35433070866142 471.11811023622045 29.480314960629922 17.007874015748033 et
132.09448818897638 471.11811023622045 44.503937007874015 17.007874015748033 Brian
161.5748031496063 471.11811023622045 39.40157480314961 17.007874015748033 Wall
186.23622047244095 471.11811023622045 34.58267716535433 17.007874015748033 est
206.07874015748033 471.11811023622045 93.8267716535433 17.007874015748033 caractéristique
284.88188976377955 471.11811023622045 44.503937007874015 17.007874015748033 d’une
314.6456692913386 471.11811023622045 59.24409448818898 17.007874015748033 attitude
359.1496062992126 471.11811023622045 59.24409448818898 17.007874015748033 partagée
403.37007874015745 471.11811023622045 34.58267716535433 17.007874015748033 par
423.21259842519686 471.11811023622045 34.58267716535433 17.007874015748033 les
437.9527559055118 471.11811023622045 59.24409448818898 17.007874015748033 sculpteurs

117.35433070866142 484.15748031496065 30.89763779527559 15.874015748031496 de
132.66141732283464 484.15748031496065 46.20472440944882 15.874015748031496 moins
163.55905511811022 484.15748031496065 30.89763779527559 15.874015748031496 de
178.86614173228347 484.15748031496065 77.10236220472441 15.874015748031496 trente-cinq
240.66141732283464 484.15748031496065 36.0 15.874015748031496 ans
261.07086614173227 484.15748031496065 30.89763779527559 15.874015748031496 en
276.37795275590554 484.15748031496065 77.10236220472441 15.874015748031496 Angleterre.
338.1732283464567 484.15748031496065 41.10236220472441 15.874015748031496 Leur
363.68503937007875 484.15748031496065 66.61417322834646 15.874015748031496 attention
414.99212598425197 484.15748031496065 46.20472440944882 15.874015748031496 s’est
440.78740157480314 484.15748031496065 56.40944881889764 15.874015748031496 détournée

117.07086614173228 498.8976377952756 30.89763779527559 15.307086614173228 du
132.3779527559055 498.8976377952756 72.0 15.307086614173228 linéarisme
189.0708661417323 498.8976377952756 30.89763779527559 15.307086614173228 en
204.3779527559055 498.8976377952756 66.89763779527559 15.307086614173228 sculpture
255.96850393700788 498.8976377952756 30.89763779527559 15.307086614173228 et
271.2755905511811 498.8976377952756 30.89763779527559 15.307086614173228 du
286.5826771653543 498.8976377952756 56.69291338582677 15.307086614173228 bronze.
327.68503937007875 498.8976377952756 30.89763779527559 15.307086614173228 La
343.2755905511811 498.8976377952756 72.0 15.307086614173228 sculpture,
399.68503937007875 498.8976377952756 41.10236220472441 15.307086614173228 pour
425.4803149606299 498.8976377952756 41.10236220472441 15.307086614173228 eux,
451.2755905511811 498.8976377952756 36.0 15.307086614173228 est
466.5826771653543 498.8976377952756 30.89763779527559 15.307086614173228 dans

117.35433070866142 513.6377952755905 28.062992125984252 15.590551181102363 le
131.5275590551181 513.6377952755905 60.94488188976378 15.590551181102363 contraste
178.58267716535434 513.6377952755905 42.23622047244095 15.590551181102363 entre
206.64566929133858 513.6377952755905 32.881889763779526 15.590551181102363 les
225.35433070866142 513.6377952755905 65.76377952755905 15.590551181102363 matériaux,
276.9448818897638 513.6377952755905 37.41732283464567 15.590551181102363 dans
300.4724409448819 513.6377952755905 28.062992125984252 15.590551181102363 le
314.6456692913386 513.6377952755905 42.23622047244095 15.590551181102363 poids
342.70866141732284 513.6377952755905 28.062992125984252 15.590551181102363 et
356.88188976377955 513.6377952755905 70.2992125984252 15.590551181102363 l’équilibre
413.00787401574803 513.6377952755905 32.881889763779526 15.590551181102363 des
431.7165354330709 513.6377952755905 47.05511811023622 15.590551181102363 masses
460.06299212598424 513.6377952755905 37.41732283464567 15.590551181102363 plutôt

116.78740157480316 528.6614173228346 35.43307086614173 15.023622047244094 que
137.1968503937008 528.6614173228346 40.53543307086614 15.023622047244094 dans
162.4251968503937 528.6614173228346 40.53543307086614 15.023622047244094 leur
187.6535433070866 528.6614173228346 50.74015748031496 15.023622047244094 fondu.
223.37007874015748 528.6614173228346 35.43307086614173 15.023622047244094 Ils
243.49606299212599 528.6614173228346 65.76377952755905 15.023622047244094 utilisent
294.23622047244095 528.6614173228346 35.43307086614173 15.023622047244094 les
314.3622047244094 528.6614173228346 70.86614173228347 15.023622047244094 techniques
370.20472440944883 528.6614173228346 30.330708661417322 15.023622047244094 du
385.51181102362204 528.6614173228346 60.94488188976378 15.023622047244094 soudage,
431.1496062992126 528.6614173228346 60.94488188976378 15.023622047244094 motivées
471.68503937007875 528.6614173228346 25.228346456692915 15.023622047244094 non

116.22047244094489 543.9685039370079 39.68503937007874 20.125984251968504 par
138.89763779527559 543.9685039370079 34.01574803149607 20.125984251968504 un
155.90551181102362 543.9685039370079 51.30708661417323 20.125984251968504 désir
190.20472440944883 543.9685039370079 34.01574803149607 20.125984251968504 de
207.21259842519686 543.9685039370079 73.98425196850394 20.125984251968504 légèreté,
264.18897637795277 543.9685039370079 45.63779527559055 20.125984251968504 mais
292.53543307086613 543.9685039370079 34.01574803149607 20.125984251968504 de
303.87401574803147 543.9685039370079 73.98425196850394 20.125984251968504 monumental.

126.70866141732283 555.0236220472441 41.10236220472441 18.708661417322833 Dans
152.50393700787401 555.0236220472441 30.89763779527559 18.708661417322833 la
167.81102362204723 555.0236220472441 56.69291338582677 18.708661417322833 section
209.1968503937008 555.0236220472441 46.488188976377955 18.708661417322833 d’art
240.09448818897638 555.0236220472441 72.0 18.708661417322833 graphique,
296.503937007874 555.0236220472441 36.0 18.708661417322833 les
317.1968503937008 555.0236220472441 77.38582677165354 18.708661417322833 eaux-fortes
378.99212598425197 555.0236220472441 30.89763779527559 18.708661417322833 de
394.5826771653543 555.0236220472441 46.488188976377955 18.708661417322833 David
425.4803149606299 555.0236220472441 61.79527559055118 18.708661417322833 Hockney,
466.5826771653543 555.0236220472441 30.89763779527559 18.708661417322833 avec

128.1259842519685 602.3622047244095 25.511811023622048 15.874015748031496 44
