531.496062992126 622.7716535433071
378.99212598425197 1.984251968503937 123.59055118110236 20.976377952755904 YOUGOSLAVIE

65.19685039370079 32.31496062992126 43.93700787401575 17.007874015748033 Dans
92.69291338582677 32.31496062992126 32.881889763779526 17.007874015748033 ce
109.13385826771653 32.31496062992126 54.99212598425197 17.007874015748033 cadre,
147.68503937007873 32.31496062992126 82.48818897637796 17.007874015748033 transposant
213.73228346456693 32.31496062992126 38.55118110236221 17.007874015748033 les
235.55905511811022 32.31496062992126 71.43307086614173 17.007874015748033 allusions
290.5511811023622 32.31496062992126 60.37795275590551 17.007874015748033 réelles
334.7716535433071 32.31496062992126 32.881889763779526 17.007874015748033 en
351.21259842519686 32.31496062992126 66.04724409448819 17.007874015748033 symboles
395.1496062992126 32.31496062992126 66.04724409448819 17.007874015748033 abstraits,

56.125984251968504 48.75590551181102 32.881889763779526 16.15748031496063 le
72.56692913385827 48.75590551181102 60.09448818897638 16.15748031496063 peintre
116.22047244094489 48.75590551181102 65.76377952755905 16.15748031496063 compose,
165.54330708661416 48.75590551181102 43.93700787401575 16.15748031496063 dans
193.03937007874015 48.75590551181102 38.267716535433074 16.15748031496063 une
214.86614173228347 48.75590551181102 49.32283464566929 16.15748031496063 gamme
247.748031496063 48.75590551181102 54.70866141732284 16.15748031496063 sourde
286.01574803149606 48.75590551181102 32.881889763779526 16.15748031496063 et
302.45669291338584 48.75590551181102 65.76377952755905 16.15748031496063 raffinée
351.7795275590551 48.75590551181102 38.267716535433074 16.15748031496063 une
373.6062992125984 48.75590551181102 60.09448818897638 16.15748031496063 réalité
411.87401574803147 48.75590551181102 49.32283464566929 16.15748031496063 impres-

56.125984251968504 62.645669291338585 70.01574803149606 13.32283464566929 sionnante
109.98425196850394 62.645669291338585 37.7007874015748 13.32283464566929 qui
131.5275590551181 62.645669291338585 37.7007874015748 13.32283464566929 est
153.0708661417323 62.645669291338585 70.01574803149606 13.32283464566929 seulement
206.64566929133858 62.645669291338585 32.31496062992126 13.32283464566929 la
217.41732283464566 62.645669291338585 48.47244094488189 13.32283464566929 sienne.

65.76377952755905 70.2992125984252 45.63779527559055 18.141732283464567 C’est
96.09448818897638 70.2992125984252 65.76377952755905 18.141732283464567 également
146.83464566929135 70.2992125984252 45.63779527559055 18.141732283464567 d’une
177.16535433070865 70.2992125984252 55.84251968503937 18.141732283464567 réalité
217.70078740157481 70.2992125984252 70.86614173228347 18.141732283464567 intérieure
273.54330708661416 70.2992125984252 35.43307086614173 18.141732283464567 que
293.6692913385827 70.2992125984252 40.53543307086614 18.141732283464567 nous
319.18110236220474 70.2992125984252 55.84251968503937 18.141732283464567 parlent
359.7165354330709 70.2992125984252 35.43307086614173 18.141732283464567 les
379.84251968503935 70.2992125984252 55.84251968503937 18.141732283464567 dessins
415.2755905511811 70.2992125984252 45.63779527559055 18.141732283464567 d’Ordan

56.976377952755904 86.1732283464567 73.7007874015748 16.440944881889763 Petlevski,
115.08661417322834 86.1732283464567 63.21259842519685 16.440944881889763 pénétrés
162.4251968503937 86.1732283464567 31.46456692913386 16.440944881889763 de
178.01574803149606 86.1732283464567 57.826771653543304 16.440944881889763 visions
220.251968503937 86.1732283464567 31.46456692913386 16.440944881889763 du
235.84251968503938 86.1732283464567 57.826771653543304 16.440944881889763 paysage
278.0787401574803 86.1732283464567 31.46456692913386 16.440944881889763 nu
293.6692913385827 86.1732283464567 31.46456692913386 16.440944881889763 et
309.54330708661416 86.1732283464567 78.80314960629921 16.440944881889763 impitoyable
372.755905511811 86.1732283464567 36.8503937007874 16.440944881889763 des
393.73228346456693 86.1732283464567 52.724409448818896 16.440944881889763 roches
425.1968503937008 86.1732283464567 36.8503937007874 16.440944881889763 macé-

56.69291338582677 100.06299212598425 72.85039370078741 16.724409448818896 doniennes.
113.66929133858268 100.06299212598425 31.181102362204726 16.724409448818896 La
129.25984251968504 100.06299212598425 83.05511811023622 16.724409448818896 calligraphie
197.00787401574803 100.06299212598425 77.95275590551181 16.724409448818896 personnelle
259.37007874015745 100.06299212598425 31.181102362204726 16.724409448818896 de
274.96062992125985 100.06299212598425 72.85039370078741 16.724409448818896 Petlevski,
332.2204724409449 100.06299212598425 51.874015748031496 16.724409448818896 simple
368.503937007874 100.06299212598425 41.669291338582674 16.724409448818896 dans
394.5826771653543 100.06299212598425 31.181102362204726 16.724409448818896 sa
404.78740157480314 100.06299212598425 57.25984251968504 16.724409448818896 richesse,

56.40944881889764 115.37007874015748 43.93700787401575 15.307086614173228 crée
83.62204724409449 115.37007874015748 76.81889763779527 15.307086614173228 d’étranges
144.0 115.37007874015748 65.76377952755905 15.307086614173228 liaisons
193.60629921259843 115.37007874015748 32.881889763779526 15.307086614173228 de
210.04724409448818 115.37007874015748 54.99212598425197 15.307086614173228 formes
248.31496062992127 115.37007874015748 38.267716535433074 15.307086614173228 qui
270.4251968503937 115.37007874015748 65.76377952755905 15.307086614173228 joignent
319.748031496063 115.37007874015748 27.496062992125985 15.307086614173228 à
330.5196850393701 115.37007874015748 82.20472440944881 15.307086614173228 l’éphémère,
396.56692913385825 115.37007874015748 32.881889763779526 15.307086614173228 au
407.33858267716533 115.37007874015748 54.99212598425197 15.307086614173228 disparu,

57.826771653543304 128.1259842519685 35.43307086614173 14.740157480314961 une
78.23622047244095 128.1259842519685 55.84251968503937 14.740157480314961 étrange
118.77165354330708 128.1259842519685 60.661417322834644 14.740157480314961 vitalité
164.1259842519685 128.1259842519685 65.76377952755905 14.740157480314961 torturée,
214.86614173228347 128.1259842519685 40.53543307086614 14.740157480314961 mais
240.09448818897638 128.1259842519685 40.53543307086614 14.740157480314961 très
260.503937007874 128.1259842519685 65.76377952755905 14.740157480314961 persuasive.

66.33070866141732 138.61417322834646 48.188976377952756 16.440944881889763 Comme
98.36220472440945 138.61417322834646 32.031496062992126 16.440944881889763 il
114.51968503937007 138.61417322834646 37.41732283464567 16.440944881889763 est
136.06299212598427 138.61417322834646 74.83464566929133 16.440944881889763 différent,
194.74015748031496 138.61417322834646 32.031496062992126 16.440944881889763 le
210.89763779527559 138.61417322834646 48.188976377952756 16.440944881889763 monde
242.9291338582677 138.61417322834646 53.574803149606296 16.440944881889763 visuel
280.62992125984255 138.61417322834646 32.031496062992126 16.440944881889763 de
296.503937007874 138.61417322834646 48.188976377952756 16.440944881889763 Marko
328.81889763779526 138.61417322834646 74.83464566929133 16.440944881889763 Sustarsic,
387.7795275590551 138.61417322834646 53.574803149606296 16.440944881889763 rempli
425.1968503937008 138.61417322834646 32.031496062992126 16.440944881889763 de
435.9685039370079 138.61417322834646 26.64566929133858 16.440944881889763 foi

56.69291338582677 154.48818897637796 44.503937007874015 14.173228346456693 dans
84.75590551181102 154.48818897637796 33.44881889763779 14.173228346456693 le
101.19685039370079 154.48818897637796 61.22834645669291 14.173228346456693 pouvoir
145.98425196850394 154.48818897637796 38.83464566929134 14.173228346456693 des
168.09448818897638 154.48818897637796 61.22834645669291 14.173228346456693 petites
212.5984251968504 154.48818897637796 55.55905511811024 14.173228346456693 choses
251.71653543307087 154.48818897637796 61.22834645669291 14.173228346456693 simples
296.2204724409449 154.48818897637796 33.44881889763779 14.173228346456693 et
312.9448818897638 154.48818897637796 94.67716535433071 14.173228346456693 quotidiennes.
390.8976377952756 154.48818897637796 38.83464566929134 14.173228346456693 Les
407.62204724409446 154.48818897637796 55.55905511811024 14.173228346456693 morceaux

57.25984251968504 166.11023622047244 33.44881889763779 15.874015748031496 de
73.98425196850394 166.11023622047244 66.61417322834646 15.874015748031496 meubles,
124.15748031496064 166.11023622047244 38.83464566929134 15.874015748031496 les
146.26771653543307 166.11023622047244 61.22834645669291 15.874015748031496 fleurs,
190.77165354330708 166.11023622047244 38.83464566929134 15.874015748031496 les
213.16535433070865 166.11023622047244 61.22834645669291 15.874015748031496 petites
257.38582677165357 166.11023622047244 61.22834645669291 15.874015748031496 figures
301.8897637795276 166.11023622047244 33.44881889763779 15.874015748031496 de
318.61417322834643 166.11023622047244 61.22834645669291 15.874015748031496 femmes,
363.11811023622045 166.11023622047244 44.503937007874015 15.874015748031496 dont
390.8976377952756 166.11023622047244 38.83464566929134 15.874015748031496 ses
407.62204724409446 166.11023622047244 55.55905511811024 15.874015748031496 paysages

57.826771653543304 178.01574803149606 81.07086614173228 15.874015748031496 imaginaires
122.74015748031496 178.01574803149606 43.37007874015748 15.874015748031496 sont
149.66929133858267 178.01574803149606 70.2992125984252 15.874015748031496 parsemés,
203.81102362204723 178.01574803149606 75.68503937007874 15.874015748031496 deviennent
263.33858267716533 178.01574803149606 37.7007874015748 15.874015748031496 des
284.88188976377955 178.01574803149606 54.14173228346457 15.874015748031496 signes
322.5826771653543 178.01574803149606 26.929133858267715 15.874015748031496 —
333.3543307086614 178.01574803149606 64.91338582677166 15.874015748031496 symboles
382.1102362204724 178.01574803149606 32.31496062992126 15.874015748031496 de
398.26771653543307 178.01574803149606 37.7007874015748 15.874015748031496 ses
414.4251968503937 178.01574803149606 48.75590551181102 15.874015748031496 désirs,

58.110236220472444 194.45669291338584 30.330708661417322 13.606299212598426 de
73.41732283464567 194.45669291338584 35.43307086614173 13.606299212598426 ses
93.54330708661418 194.45669291338584 70.86614173228347 13.606299212598426 rencontres
149.38582677165354 194.45669291338584 30.330708661417322 13.606299212598426 et
164.40944881889763 194.45669291338584 30.330708661417322 13.606299212598426 de
179.71653543307087 194.45669291338584 35.43307086614173 13.606299212598426 ses
200.1259842519685 194.45669291338584 45.63779527559055 13.606299212598426 rêves
230.45669291338584 194.45669291338584 25.228346456692915 13.606299212598426 —
240.66141732283464 194.45669291338584 35.43307086614173 13.606299212598426 que
260.78740157480314 194.45669291338584 65.76377952755905 13.606299212598426 l’artiste
311.5275590551181 194.45669291338584 55.84251968503937 13.606299212598426 raconte
352.06299212598424 194.45669291338584 40.53543307086614 13.606299212598426 avec
377.29133858267716 194.45669291338584 30.330708661417322 13.606299212598426 un
392.59842519685037 194.45669291338584 35.43307086614173 13.606299212598426 peu
407.62204724409446 194.45669291338584 55.84251968503937 13.606299212598426 d’ironie,

57.54330708661417 205.22834645669292 50.74015748031496 15.307086614173228 assez
91.55905511811024 205.22834645669292 33.732283464566926 15.307086614173228 de
108.28346456692914 205.22834645669292 79.08661417322834 15.307086614173228 sensualité
170.36220472440945 205.22834645669292 33.732283464566926 15.307086614173228 et
187.37007874015748 205.22834645669292 62.07874015748032 15.307086614173228 surtout
232.44094488188978 205.22834645669292 67.74803149606299 15.307086614173228 beaucoup
283.46456692913387 205.22834645669292 33.732283464566926 15.307086614173228 de
300.18897637795277 205.22834645669292 62.07874015748032 15.307086614173228 poésie,
345.54330708661416 205.22834645669292 56.40944881889764 15.307086614173228 pleine
384.9448818897638 205.22834645669292 33.732283464566926 15.307086614173228 de
396.2834645669291 205.22834645669292 67.74803149606299 15.307086614173228 simplicité

57.826771653543304 219.11811023622047 77.95275590551181 13.606299212598426 enfantine.
119.05511811023622 219.11811023622047 38.83464566929134 13.606299212598426 Ses
141.4488188976378 219.11811023622047 66.61417322834646 13.606299212598426 tableaux
191.33858267716536 219.11811023622047 33.44881889763779 13.606299212598426 ne
208.06299212598427 219.11811023622047 44.503937007874015 13.606299212598426 sont
235.84251968503938 219.11811023622047 38.83464566929134 13.606299212598426 pas
257.9527559055118 219.11811023622047 61.22834645669291 13.606299212598426 exempts
302.45669291338584 219.11811023622047 33.44881889763779 13.606299212598426 de
319.18110236220474 219.11811023622047 55.55905511811024 13.606299212598426 traces
358.01574803149606 219.11811023622047 50.173228346456696 13.606299212598426 d’une
391.46456692913387 219.11811023622047 72.28346456692914 13.606299212598426 tradition
441.6377952755906 219.11811023622047 22.11023622047244 13.606299212598426 de

58.39370078740158 231.8740157480315 71.14960629921259 16.15748031496063 peintures
113.10236220472441 231.8740157480315 76.81889763779527 16.15748031496063 populaires
173.48031496062993 231.8740157480315 38.267716535433074 16.15748031496063 sur
195.30708661417322 231.8740157480315 54.70866141732284 16.15748031496063 verre,
233.85826771653544 231.8740157480315 49.32283464566929 16.15748031496063 ainsi
266.74015748031496 231.8740157480315 38.267716535433074 16.15748031496063 que
288.56692913385825 231.8740157480315 76.81889763779527 16.15748031496063 d’éléments
348.9448818897638 231.8740157480315 43.93700787401575 16.15748031496063 d’un
376.4409448818898 231.8740157480315 60.37795275590551 16.15748031496063 baroque
414.70866141732284 231.8740157480315 49.32283464566929 16.15748031496063 paysan,

58.110236220472444 240.9448818897638 64.06299212598425 19.84251968503937 familier
106.2992125984252 240.9448818897638 42.803149606299215 19.84251968503937 dans
132.9448818897638 240.9448818897638 32.031496062992126 19.84251968503937 la
149.10236220472441 240.9448818897638 53.574803149606296 19.84251968503937 région
186.51968503937007 240.9448818897638 32.031496062992126 19.84251968503937 du
202.6771653543307 240.9448818897638 64.06299212598425 19.84251968503937 peintre.
250.58267716535434 240.9448818897638 48.188976377952756 19.84251968503937 C’est
282.8976377952756 240.9448818897638 48.188976377952756 19.84251968503937 grâce
314.92913385826773 240.9448818897638 26.64566929133858 19.84251968503937 à
325.4173228346457 240.9448818897638 37.41732283464567 19.84251968503937 ces
346.96062992125985 240.9448818897638 74.83464566929133 19.84251968503937 souvenirs,
400.53543307086613 240.9448818897638 64.06299212598425 19.84251968503937 peut

59.24409448818898 255.96850393700788 46.77165354330709 15.874015748031496 qu’il
90.4251968503937 255.96850393700788 57.25984251968504 15.874015748031496 possède
132.09448818897638 255.96850393700788 31.181102362204726 15.874015748031496 ce
147.68503937007873 255.96850393700788 36.56692913385827 15.874015748031496 ton
168.3779527559055 255.96850393700788 57.25984251968504 15.874015748031496 direct,
210.04724409448818 255.96850393700788 52.15748031496063 15.874015748031496 propre
246.61417322834646 255.96850393700788 36.56692913385827 15.874015748031496 aux
267.3070866141732 255.96850393700788 72.85039370078741 15.874015748031496 primitifs,
324.56692913385825 255.96850393700788 31.181102362204726 15.874015748031496 en
340.15748031496065 255.96850393700788 41.669291338582674 15.874015748031496 même
366.23622047244095 255.96850393700788 46.77165354330709 15.874015748031496 temps
397.4173228346457 255.96850393700788 46.77165354330709 15.874015748031496 qu’un
423.496062992126 255.96850393700788 41.669291338582674 15.874015748031496 accent

59.24409448818898 271.5590551181102 59.811023622047244 15.307086614173228 moderne
102.61417322834646 271.5590551181102 43.37007874015748 15.307086614173228 dans
129.82677165354332 271.5590551181102 37.98425196850393 15.307086614173228 les
151.37007874015748 271.5590551181102 65.19685039370079 15.307086614173228 symboles
200.40944881889763 271.5590551181102 32.59842519685039 15.307086614173228 et
216.56692913385828 271.5590551181102 43.37007874015748 15.307086614173228 dans
243.7795275590551 271.5590551181102 32.59842519685039 15.307086614173228 sa
259.93700787401576 271.5590551181102 86.74015748031496 15.307086614173228 personnalité
330.5196850393701 271.5590551181102 43.37007874015748 15.307086614173228 très
352.34645669291336 271.5590551181102 54.14173228346457 15.307086614173228 marquée.

67.46456692913385 283.18110236220474 60.37795275590551 17.858267716535433 Opposé
109.7007874015748 283.18110236220474 30.04724409448819 17.858267716535433 à
121.60629921259843 283.18110236220474 36.28346456692913 17.858267716535433 ce
139.748031496063 283.18110236220474 54.14173228346457 17.858267716535433 monde
176.03149606299212 283.18110236220474 36.28346456692913 17.858267716535433 de
194.17322834645668 283.18110236220474 66.33070866141732 17.858267716535433 petites
242.36220472440945 283.18110236220474 60.37795275590551 17.858267716535433 choses
284.59842519685037 283.18110236220474 72.28346456692914 17.858267716535433 simples,
338.74015748031496 283.18110236220474 72.28346456692914 17.858267716535433 Svetozar
393.1653543307087 283.18110236220474 78.51968503937007 17.858267716535433 Samurovic
447.3070866141732 283.18110236220474 18.141732283464567 17.858267716535433 a

59.52755905511811 295.0866141732283 72.85039370078741 17.007874015748033 entrouvert
116.78740157480316 295.0866141732283 31.181102362204726 17.007874015748033 la
132.3779527559055 295.0866141732283 46.77165354330709 17.007874015748033 porte
163.55905511811022 295.0866141732283 36.56692913385827 17.007874015748033 sur
184.251968503937 295.0866141732283 72.85039370078741 17.007874015748033 d’étranges
241.51181102362204 295.0866141732283 67.74803149606299 17.007874015748033 rêveries.
293.6692913385827 295.0866141732283 57.25984251968504 17.007874015748033 Artiste
335.33858267716533 295.0866141732283 41.669291338582674 17.007874015748033 très
361.4173228346457 295.0866141732283 67.74803149606299 17.007874015748033 sensible,
413.29133858267716 295.0866141732283 41.669291338582674 17.007874015748033 très
434.26771653543307 295.0866141732283 31.181102362204726 17.007874015748033 fin,

59.24409448818898 308.40944881889766 73.41732283464567 17.007874015748033 Samurovic
115.65354330708661 308.40944881889766 28.346456692913385 17.007874015748033 a
126.99212598425197 308.40944881889766 45.07086614173228 17.007874015748033 créé
155.33858267716536 308.40944881889766 33.732283464566926 17.007874015748033 un
172.06299212598427 308.40944881889766 50.74015748031496 17.007874015748033 monde
206.07874015748033 308.40944881889766 33.732283464566926 17.007874015748033 de
223.08661417322836 308.40944881889766 62.07874015748032 17.007874015748033 reflets
268.15748031496065 308.40944881889766 84.75590551181102 17.007874015748033 chatoyants,
335.90551181102364 308.40944881889766 96.09448818897638 17.007874015748033 d’imaginaires
409.3228346456693 308.40944881889766 56.40944881889764 17.007874015748033 visions,

59.811023622047244 322.01574803149606 32.59842519685039 17.291338582677167 de
75.96850393700787 322.01574803149606 70.2992125984252 17.291338582677167 somptueux
130.11023622047244 322.01574803149606 75.96850393700787 17.291338582677167 intérieurs
189.63779527559055 322.01574803149606 81.35433070866142 17.291338582677167 moyenâgeux.
254.83464566929135 322.01574803149606 59.52755905511811 17.291338582677167 Quelque
298.20472440944883 322.01574803149606 48.75590551181102 17.291338582677167 chose
330.5196850393701 322.01574803149606 37.98425196850393 17.291338582677167 qui
352.34645669291336 322.01574803149606 75.96850393700787 17.291338582677167 appartient
411.87401574803147 322.01574803149606 32.59842519685039 17.291338582677167 en
422.6456692913386 322.01574803149606 43.37007874015748 17.291338582677167 propre

59.811023622047244 336.755905511811 26.078740157480315 16.15748031496063 à
70.01574803149606 336.755905511811 31.181102362204726 16.15748031496063 la
85.88976377952756 336.755905511811 57.25984251968504 16.15748031496063 matière
127.55905511811024 336.755905511811 31.181102362204726 16.15748031496063 et
143.1496062992126 336.755905511811 26.078740157480315 16.15748031496063 à
153.63779527559055 336.755905511811 62.645669291338585 16.15748031496063 l’esprit
200.40944881889763 336.755905511811 31.181102362204726 16.15748031496063 de
216.0 336.755905511811 36.56692913385827 16.15748031496063 nos
236.9763779527559 336.755905511811 52.15748031496063 16.15748031496063 icones
273.54330708661416 336.755905511811 26.078740157480315 16.15748031496063 —
283.748031496063 336.755905511811 36.56692913385827 16.15748031496063 aux
304.7244094488189 336.755905511811 57.25984251968504 16.15748031496063 trésors
346.3937007874016 336.755905511811 36.56692913385827 16.15748031496063 des
367.37007874015745 336.755905511811 78.23622047244095 16.15748031496063 monastères,
429.73228346456693 336.755905511811 26.078740157480315 16.15748031496063 à
435.11811023622045 336.755905511811 31.181102362204726 16.15748031496063 leur

60.661417322834644 347.5275590551181 75.96850393700787 18.4251968503937 préciosité,
121.60629921259843 347.5275590551181 40.53543307086614 18.4251968503937 leur
146.83464566929135 347.5275590551181 55.84251968503937 18.4251968503937 mystère
187.6535433070866 347.5275590551181 30.330708661417322 18.4251968503937 et
202.6771653543307 347.5275590551181 25.228346456692915 18.4251968503937 à
212.88188976377953 347.5275590551181 40.53543307086614 18.4251968503937 leur
238.39370078740157 347.5275590551181 50.74015748031496 18.4251968503937 beauté
273.8267716535433 347.5275590551181 66.04724409448819 18.4251968503937 lointaine
324.56692913385825 347.5275590551181 30.330708661417322 18.4251968503937 et
339.87401574803147 347.5275590551181 60.94488188976378 18.4251968503937 pourtant
385.51181102362204 347.5275590551181 55.84251968503937 18.4251968503937 intime,
420.9448818897638 347.5275590551181 45.63779527559055 18.4251968503937 miroite

60.37795275590551 361.7007874015748 38.83464566929134 17.291338582677167 sur
82.77165354330708 361.7007874015748 38.83464566929134 17.291338582677167 ces
104.88188976377953 361.7007874015748 61.22834645669291 17.291338582677167 sonnets
149.66929133858267 361.7007874015748 83.62204724409449 17.291338582677167 plastiques.
216.28346456692913 361.7007874015748 44.503937007874015 17.291338582677167 Dans
244.06299212598427 361.7007874015748 38.83464566929134 17.291338582677167 ces
266.45669291338584 361.7007874015748 72.28346456692914 17.291338582677167 tableaux,
322.01574803149606 361.7007874015748 94.67716535433071 17.291338582677167 s’entrelacent
394.5826771653543 361.7007874015748 72.28346456692914 17.291338582677167 étrangement

61.511811023622045 375.3070866141732 36.0 15.874015748031496 les
81.92125984251969 375.3070866141732 56.40944881889764 15.874015748031496 visions
123.02362204724409 375.3070866141732 66.89763779527559 15.874015748031496 poétiques
174.61417322834646 375.3070866141732 36.0 15.874015748031496 des
195.0236220472441 375.3070866141732 51.30708661417323 15.874015748031496 désirs
231.0236220472441 375.3070866141732 82.20472440944881 15.874015748031496 personnifiés
297.9212598425197 375.3070866141732 36.0 15.874015748031496 qui
318.3307086614173 375.3070866141732 72.0 15.874015748031496 voudraient
375.0236220472441 375.3070866141732 61.79527559055118 15.874015748031496 inscrire
421.2283464566929 375.3070866141732 30.89763779527559 15.874015748031496 le
431.43307086614175 375.3070866141732 36.0 15.874015748031496 passé

60.661417322834644 390.3307086614173 45.354330708661415 15.023622047244094 dans
89.00787401574803 390.3307086614173 34.01574803149607 15.023622047244094 le
100.34645669291339 390.3307086614173 56.40944881889764 15.023622047244094 présent.

70.2992125984252 398.8346456692913 47.62204724409449 18.141732283464567 Parmi
102.04724409448819 398.8346456692913 37.13385826771653 18.141732283464567 nos
123.30708661417323 398.8346456692913 53.00787401574803 18.141732283464567 jeunes
160.44094488188978 398.8346456692913 63.496062992125985 18.141732283464567 artistes
208.06299212598427 398.8346456692913 42.51968503937008 18.141732283464567 qui,
234.70866141732284 398.8346456692913 63.496062992125985 18.141732283464567 trouvant
282.3307086614173 398.8346456692913 37.13385826771653 18.141732283464567 des
303.59055118110234 398.8346456692913 68.88188976377953 18.141732283464567 affinités
356.59842519685037 398.8346456692913 42.51968503937008 18.141732283464567 avec
382.96062992125985 398.8346456692913 37.13385826771653 18.141732283464567 les
404.2204724409449 398.8346456692913 53.00787401574803 18.141732283464567 œuvres
435.9685039370079 398.8346456692913 31.748031496062993 18.141732283464567 poé-

60.661417322834644 415.84251968503935 50.74015748031496 14.173228346456693 tiques
96.37795275590551 415.84251968503935 30.614173228346456 14.173228346456693 ou
111.4015748031496 415.84251968503935 76.25196850393701 14.173228346456693 littéraires
172.3464566929134 415.84251968503935 35.43307086614173 14.173228346456693 les
192.75590551181102 415.84251968503935 35.43307086614173 14.173228346456693 ont
213.16535433070865 415.84251968503935 76.25196850393701 14.173228346456693 illustrées,
274.1102362204724 415.84251968503935 40.53543307086614 14.173228346456693 nous
299.33858267716533 415.84251968503935 45.63779527559055 14.173228346456693 avons
324.8503937007874 415.84251968503935 45.63779527559055 14.173228346456693 choisi:

70.01574803149606 426.0472440944882 64.34645669291339 15.874015748031496 Vladimir
118.48818897637796 426.0472440944882 75.11811023622047 15.874015748031496 Velickovic
177.4488188976378 426.0472440944882 43.08661417322835 15.874015748031496 avec
204.3779527559055 426.0472440944882 37.7007874015748 15.874015748031496 ses
225.63779527559055 426.0472440944882 58.960629921259844 15.874015748031496 dessins
268.7244094488189 426.0472440944882 26.929133858267715 15.874015748031496 à
279.496062992126 426.0472440944882 58.960629921259844 15.874015748031496 l’encre
322.2992125984252 426.0472440944882 32.31496062992126 15.874015748031496 de
338.45669291338584 426.0472440944882 53.574803149606296 15.874015748031496 Chine,
376.15748031496065 426.0472440944882 48.47244094488189 15.874015748031496 d’une
403.0866141732283 426.0472440944882 64.34645669291339 15.874015748031496 expression

62.07874015748032 440.78740157480314 59.52755905511811 15.307086614173228 étrange,
106.58267716535433 440.78740157480314 49.60629921259842 15.307086614173228 sévère
141.16535433070865 440.78740157480314 29.763779527559056 15.307086614173228 et
156.18897637795277 440.78740157480314 49.60629921259842 15.307086614173228 tendre
190.77165354330708 440.78740157480314 24.661417322834644 15.307086614173228 à
200.69291338582678 440.78740157480314 29.763779527559056 15.307086614173228 la
215.43307086614172 440.78740157480314 44.503937007874015 15.307086614173228 fois,
245.1968503937008 440.78740157480314 44.503937007874015 15.307086614173228 faits
274.96062992125985 440.78740157480314 39.68503937007874 15.307086614173228 pour
299.90551181102364 440.78740157480314 64.34645669291339 15.307086614173228 illustrer
349.2283464566929 440.78740157480314 34.58267716535433 15.307086614173228 les
369.07086614173227 440.78740157480314 39.68503937007874 15.307086614173228 vers
394.01574803149606 440.78740157480314 29.763779527559056 15.307086614173228 de
408.755905511811 440.78740157480314 44.503937007874015 15.307086614173228 notre
433.7007874015748 440.78740157480314 34.58267716535433 15.307086614173228 jeune

62.07874015748032 452.6929133858268 48.75590551181102 18.708661417322833 poète
94.67716535433071 452.6929133858268 48.75590551181102 18.708661417322833 Vasko
126.99212598425197 452.6929133858268 43.37007874015748 18.708661417322833 Popa
154.20472440944883 452.6929133858268 32.59842519685039 18.708661417322833 et
170.64566929133858 452.6929133858268 37.98425196850393 18.708661417322833 les
192.18897637795277 452.6929133858268 54.14173228346457 18.708661417322833 petits
230.17322834645668 452.6929133858268 65.19685039370079 18.708661417322833 tableaux
278.92913385826773 452.6929133858268 32.59842519685039 18.708661417322833 de
295.37007874015745 452.6929133858268 54.14173228346457 18.708661417322833 Horvat
333.3543307086614 452.6929133858268 65.19685039370079 18.708661417322833 Miljenko
382.1102362204724 452.6929133858268 65.19685039370079 18.708661417322833 inspirés
430.86614173228344 452.6929133858268 37.98425196850393 18.708661417322833 par
447.0236220472441 452.6929133858268 21.826771653543307 18.708661417322833 le

62.07874015748032 464.0314960629921 50.173228346456696 19.84251968503937 poème
95.5275590551181 464.0314960629921 27.77952755905512 19.84251968503937 «
106.58267716535433 464.0314960629921 33.44881889763779 19.84251968503937 La
123.30708661417323 464.0314960629921 50.173228346456696 19.84251968503937 Terre
156.75590551181102 464.0314960629921 50.173228346456696 19.84251968503937 Vaine
190.20472440944883 464.0314960629921 27.77952755905512 19.84251968503937 »
201.25984251968504 464.0314960629921 33.44881889763779 19.84251968503937 de
217.98425196850394 464.0314960629921 33.44881889763779 19.84251968503937 T.
234.70866141732284 464.0314960629921 33.44881889763779 19.84251968503937 S.
251.43307086614172 464.0314960629921 61.22834645669291 19.84251968503937 Elliot.
295.93700787401576 464.0314960629921 38.83464566929134 19.84251968503937 Cet
318.3307086614173 464.0314960629921 66.89763779527559 19.84251968503937 artiste,
368.503937007874 464.0314960629921 44.503937007874015 19.84251968503937 avec
396.2834645669291 464.0314960629921 38.83464566929134 19.84251968503937 des
413.00787401574803 464.0314960629921 55.55905511811024 19.84251968503937 éléments

62.645669291338585 478.7716535433071 85.32283464566929 17.5748031496063 insignifiants
132.9448818897638 478.7716535433071 30.04724409448819 17.5748031496063 et
147.96850393700788 478.7716535433071 30.04724409448819 17.5748031496063 de
162.99212598425197 478.7716535433071 65.19685039370079 17.5748031496063 caractère
213.16535433070865 478.7716535433071 85.32283464566929 17.5748031496063 antipictural,
283.46456692913387 478.7716535433071 25.228346456692915 17.5748031496063 a
293.6692913385827 478.7716535433071 30.04724409448819 17.5748031496063 su
308.6929133858268 478.7716535433071 45.07086614173228 17.5748031496063 créer
338.74015748031496 478.7716535433071 35.1496062992126 17.5748031496063 des
358.86614173228344 478.7716535433071 55.275590551181104 17.5748031496063 valeurs
398.8346456692913 478.7716535433071 45.07086614173228 17.5748031496063 d’une
424.06299212598424 478.7716535433071 45.07086614173228 17.5748031496063 impres-

62.36220472440945 495.21259842519686 74.26771653543307 15.307086614173228 sionnante
113.66929133858268 495.21259842519686 62.92913385826772 15.307086614173228 harmonie.

71.71653543307086 502.86614173228344 49.039370078740156 20.69291338582677 Notre
104.31496062992126 502.86614173228344 43.653543307086615 20.69291338582677 plus
131.5275590551181 502.86614173228344 49.039370078740156 20.69291338582677 jeune
164.40944881889763 502.86614173228344 81.92125984251969 20.69291338582677 décorateur,
229.88976377952756 502.86614173228344 70.86614173228347 20.69291338582677 Wladyslaw
284.31496062992125 502.86614173228344 70.86614173228347 20.69291338582677 Lalitzky,
338.74015748031496 502.86614173228344 27.212598425196852 20.69291338582677 a
349.79527559055117 502.86614173228344 54.425196850393704 20.69291338582677 essayé
387.7795275590551 502.86614173228344 32.59842519685039 20.69291338582677 de
404.2204724409449 502.86614173228344 60.09448818897638 20.69291338582677 joindre
442.48818897637796 502.86614173228344 27.212598425196852 20.69291338582677 aux

63.21259842519685 517.0393700787401 59.52755905511811 17.858267716535433 besoins
106.58267716535433 517.0393700787401 32.59842519685039 17.858267716535433 du
122.74015748031496 517.0393700787401 102.89763779527559 17.858267716535433 fonctionnalisme
209.48031496062993 517.0393700787401 64.91338582677166 17.858267716535433 scénique
258.23622047244095 517.0393700787401 37.98425196850393 17.858267716535433 une
279.7795275590551 517.0393700787401 64.91338582677166 17.858267716535433 solution
328.53543307086613 517.0393700787401 48.75590551181102 17.858267716535433 ayant
361.13385826771656 517.0393700787401 37.98425196850393 17.858267716535433 une
382.6771653543307 517.0393700787401 54.14173228346457 17.858267716535433 valeur
415.2755905511811 517.0393700787401 54.14173228346457 17.858267716535433 purement

57.826771653543304 535.1811023622047 62.92913385826772 17.291338582677167 plastique.

359.1496062992126 549.9212598425197 70.01574803149606 18.708661417322833 Katarina
405.9212598425197 549.9212598425197 64.34645669291339 18.708661417322833 Ambrosic.

417.25984251968504 593.8582677165355 31.748031496062993 16.440944881889763 119
