522.4251968503937 622.7716535433071
423.7795275590551 0.5669291338582677 78.23622047244095 15.874015748031496 SUISSE

112.25196850393701 126.70866141732283 84.18897637795276 17.5748031496063 Commissaire
179.71653543307087 126.70866141732283 67.18110236220473 17.5748031496063 Général:
230.17322834645668 126.70866141732283 39.40157480314961 17.5748031496063 Luc
246.89763779527559 126.70866141732283 56.125984251968504 17.5748031496063 Bischoff

112.81889763779527 132.9448818897638 54.99212598425197 20.409448818897637 Attaché
153.0708661417323 132.9448818897638 60.09448818897638 20.409448818897637 Culturel
198.14173228346456 132.9448818897638 39.968503937007874 20.409448818897637 près
223.08661417322836 132.9448818897638 75.11811023622047 20.409448818897637 l’Ambassade
283.18110236220474 132.9448818897638 30.04724409448819 20.409448818897637 de
298.20472440944883 132.9448818897638 50.173228346456696 20.409448818897637 Suisse
333.3543307086614 132.9448818897638 24.944881889763778 20.409448818897637 à
338.45669291338584 132.9448818897638 39.968503937007874 20.409448818897637 Paris.

67.74803149606299 213.73228346456693 34.86614173228347 23.52755905511811 La
85.32283464566929 213.73228346456693 81.63779527559055 23.52755905511811 commission
149.66929133858267 213.73228346456693 70.01574803149606 23.52755905511811 fédérale
202.11023622047244 213.73228346456693 40.818897637795274 23.52755905511811 des
225.35433070866142 213.73228346456693 81.63779527559055 23.52755905511811 Beaux-Arts
289.7007874015748 213.73228346456693 29.19685039370079 23.52755905511811 a
301.3228346456693 213.73228346456693 58.39370078740158 23.52755905511811 décidé
342.1417322834646 213.73228346456693 40.818897637795274 23.52755905511811 que
365.38582677165357 213.73228346456693 34.86614173228347 23.52755905511811 la
382.96062992125985 213.73228346456693 58.39370078740158 23.52755905511811 Suisse
417.8267716535433 213.73228346456693 46.77165354330709 23.52755905511811 serait

58.110236220472444 231.8740157480315 78.23622047244095 19.84251968503937 représentée
120.75590551181102 231.8740157480315 26.078740157480315 19.84251968503937 à
130.96062992125985 231.8740157480315 31.181102362204726 19.84251968503937 la
146.83464566929135 231.8740157480315 62.645669291338585 19.84251968503937 Biennale
193.60629921259843 231.8740157480315 36.56692913385827 19.84251968503937 des
214.58267716535434 231.8740157480315 52.15748031496063 19.84251968503937 jeunes
251.1496062992126 231.8740157480315 62.645669291338585 19.84251968503937 artistes
298.20472440944883 231.8740157480315 36.56692913385827 19.84251968503937 par
318.8976377952756 231.8740157480315 31.181102362204726 19.84251968503937 un
334.7716535433071 231.8740157480315 41.669291338582674 19.84251968503937 seul
360.8503937007874 231.8740157480315 62.645669291338585 19.84251968503937 peintre:
407.62204724409446 231.8740157480315 41.669291338582674 19.84251968503937 Jean
428.59842519685037 231.8740157480315 36.56692913385827 19.84251968503937 Baier

58.39370078740158 249.4488188976378 33.16535433070866 15.590551181102363 né
74.83464566929133 249.4488188976378 27.496062992125985 15.590551181102363 à
85.88976377952756 249.4488188976378 55.275590551181104 15.590551181102363 Genève
124.44094488188976 249.4488188976378 33.16535433070866 15.590551181102363 en
140.88188976377953 249.4488188976378 49.60629921259842 15.590551181102363 1932.
174.04724409448818 249.4488188976378 44.22047244094488 15.590551181102363 Cela
201.54330708661416 249.4488188976378 44.22047244094488 15.590551181102363 pour
229.3228346456693 249.4488188976378 38.55118110236221 15.590551181102363 des
251.43307086614172 249.4488188976378 60.661417322834644 15.590551181102363 raisons
289.98425196850394 249.4488188976378 88.15748031496064 15.590551181102363 particulières.

68.31496062992126 263.62204724409446 42.803149606299215 18.708661417322833 Jean
95.24409448818898 263.62204724409446 48.188976377952756 18.708661417322833 Baier
127.2755905511811 263.62204724409446 75.11811023622047 18.708661417322833 représente
186.23622047244095 263.62204724409446 32.031496062992126 18.708661417322833 du
202.39370078740157 263.62204724409446 42.803149606299215 18.708661417322833 même
229.03937007874015 263.62204724409446 42.803149606299215 18.708661417322833 coup
255.96850393700788 263.62204724409446 37.41732283464567 18.708661417322833 une
277.2283464566929 263.62204724409446 75.11811023622047 18.708661417322833 génération
336.18897637795277 263.62204724409446 64.34645669291339 18.708661417322833 nouvelle
384.37795275590554 263.62204724409446 32.031496062992126 18.708661417322833 de
400.53543307086613 263.62204724409446 32.031496062992126 18.708661417322833 la
411.3070866141732 263.62204724409446 53.574803149606296 18.708661417322833 peinture

58.960629921259844 276.66141732283467 54.14173228346457 19.275590551181104 suisse
96.94488188976378 276.66141732283467 32.59842519685039 19.275590551181104 (à
113.10236220472441 276.66141732283467 64.91338582677166 19.275590551181104 laquelle
161.85826771653544 276.66141732283467 92.1259842519685 19.275590551181104 appartiennent
237.54330708661416 276.66141732283467 48.75590551181102 19.275590551181104 aussi
270.1417322834646 276.66141732283467 43.37007874015748 19.275590551181104 Karl
297.07086614173227 276.66141732283467 70.2992125984252 19.275590551181104 Gerstner,
351.21259842519686 276.66141732283467 54.14173228346457 19.275590551181104 Marcel
389.1968503937008 276.66141732283467 48.75590551181102 19.275590551181104 Wyss,
416.12598425196853 276.66141732283467 48.75590551181102 19.275590551181104 Andreas

58.960629921259844 288.0 63.21259842519685 21.25984251968504 Christen
106.58267716535433 288.0 31.748031496062993 21.25984251968504 et
122.45669291338582 288.0 47.62204724409449 21.25984251968504 Diter
154.20472440944883 288.0 47.62204724409449 21.25984251968504 Rot).
185.66929133858267 288.0 47.62204724409449 21.25984251968504 Cette
217.41732283464566 288.0 73.98425196850394 21.25984251968504 génération
275.5275590551181 288.0 63.21259842519685 21.25984251968504 continue
322.86614173228344 288.0 31.748031496062993 21.25984251968504 le
338.74015748031496 288.0 58.110236220472444 21.25984251968504 travail
380.9763779527559 288.0 42.23622047244095 21.25984251968504 d’un
407.33858267716533 288.0 52.724409448818896 21.25984251968504 groupe
439.0866141732283 288.0 26.362204724409448 21.25984251968504 qui

59.52755905511811 305.5748031496063 45.07086614173228 16.15748031496063 s’est
89.5748031496063 305.5748031496063 45.07086614173228 16.15748031496063 formé
119.90551181102362 305.5748031496063 40.25196850393701 16.15748031496063 vers
144.8503937007874 305.5748031496063 30.04724409448819 16.15748031496063 la
159.8740157480315 305.5748031496063 35.1496062992126 16.15748031496063 fin
180.0 305.5748031496063 30.04724409448819 16.15748031496063 de
195.0236220472441 305.5748031496063 30.04724409448819 16.15748031496063 la
210.04724409448818 305.5748031496063 55.275590551181104 16.15748031496063 guerre:
250.01574803149606 305.5748031496063 35.1496062992126 16.15748031496063 les
270.1417322834646 305.5748031496063 60.09448818897638 16.15748031496063 Concrets
315.21259842519686 305.5748031496063 70.2992125984252 16.15748031496063 zurichois.
370.48818897637796 305.5748031496063 30.04724409448819 16.15748031496063 On
385.51181102362204 305.5748031496063 40.25196850393701 16.15748031496063 peut
405.6377952755906 305.5748031496063 60.09448818897638 16.15748031496063 considérer

58.960629921259844 318.0472440944882 61.22834645669291 18.141732283464567 ceux-ci
103.74803149606299 318.0472440944882 50.173228346456696 18.141732283464567 comme
137.1968503937008 318.0472440944882 39.118110236220474 18.141732283464567 une
159.59055118110237 318.0472440944882 66.89763779527559 18.141732283464567 tendance
209.76377952755905 318.0472440944882 78.23622047244095 18.141732283464567 proprement
270.99212598425197 318.0472440944882 33.44881889763779 18.141732283464567 et
287.7165354330709 318.0472440944882 83.62204724409449 18.141732283464567 typiquement
354.61417322834643 318.0472440944882 61.22834645669291 18.141732283464567 suisse,
399.40157480314963 318.0472440944882 50.173228346456696 18.141732283464567 voire
427.18110236220474 318.0472440944882 39.118110236220474 18.141732283464567 zuri-

59.24409448818898 331.0866141732283 57.54330708661417 20.976377952755904 choise,
100.91338582677166 331.0866141732283 41.669291338582674 20.976377952755904 dans
126.99212598425197 331.0866141732283 47.05511811023622 20.976377952755904 l’art
158.17322834645668 331.0866141732283 93.8267716535433 20.976377952755904 d’aujourd’hui.
236.69291338582678 331.0866141732283 31.181102362204726 20.976377952755904 Ce
252.28346456692913 331.0866141732283 36.56692913385827 20.976377952755904 qui
273.25984251968504 331.0866141732283 36.56692913385827 20.976377952755904 les
293.9527559055118 331.0866141732283 73.13385826771653 20.976377952755904 distingue,
351.496062992126 331.0866141732283 52.15748031496063 20.976377952755904 c’est,
388.06299212598424 331.0866141732283 47.05511811023622 20.976377952755904 d’une
419.244094488189 331.0866141732283 47.05511811023622 20.976377952755904 part,
445.3228346456693 331.0866141732283 20.976377952755904 20.976377952755904 la

59.811023622047244 347.5275590551181 53.574803149606296 20.409448818897637 pensée
97.22834645669292 347.5275590551181 85.60629921259843 20.409448818897637 mathématique
166.96062992125985 347.5275590551181 32.031496062992126 20.409448818897637 et
183.11811023622047 347.5275590551181 32.031496062992126 20.409448818897637 de
198.99212598425197 347.5275590551181 64.34645669291339 20.409448818897637 l’autre,
247.1811023622047 347.5275590551181 37.41732283464567 20.409448818897637 une
268.7244094488189 347.5275590551181 69.73228346456693 20.409448818897637 structure
322.2992125984252 347.5275590551181 80.22047244094489 20.409448818897637 géométrique
386.6456692913386 347.5275590551181 48.188976377952756 20.409448818897637 comme
413.29133858267716 347.5275590551181 53.574803149606296 20.409448818897637 principe

60.09448818897638 364.251968503937 67.74803149606299 15.590551181102363 créateur.
112.25196850393701 364.251968503937 41.669291338582674 15.590551181102363 Leur
138.04724409448818 364.251968503937 47.05511811023622 15.590551181102363 œuvre
169.51181102362204 364.251968503937 62.645669291338585 15.590551181102363 continue
216.28346456692913 364.251968503937 78.23622047244095 15.590551181102363 logiquement
278.92913385826773 364.251968503937 31.181102362204726 15.590551181102363 le
294.5196850393701 364.251968503937 57.25984251968504 15.590551181102363 travail
336.18897637795277 364.251968503937 31.181102362204726 15.590551181102363 de
351.7795275590551 364.251968503937 62.645669291338585 15.590551181102363 pionnier
398.8346456692913 364.251968503937 31.181102362204726 15.590551181102363 de
409.3228346456693 364.251968503937 57.25984251968504 15.590551181102363 Mondrian,

59.24409448818898 377.5748031496063 36.56692913385827 16.724409448818896 de
77.66929133858268 377.5748031496063 104.03149606299213 16.724409448818896 Vantongerloo,
163.2755905511811 377.5748031496063 36.56692913385827 16.724409448818896 de
175.46456692913387 377.5748031496063 42.803149606299215 16.724409448818896 Klee.

71.14960629921259 388.34645669291336 75.96850393700787 19.275590551181104 Longtemps,
130.96062992125985 388.34645669291336 37.98425196850393 19.275590551181104 les
152.50393700787401 388.34645669291336 65.19685039370079 19.275590551181104 Concrets
201.54330708661416 388.34645669291336 70.58267716535433 19.275590551181104 zurichois
255.68503937007873 388.34645669291336 54.425196850393704 19.275590551181104 furent
293.6692913385827 388.34645669291336 59.811023622047244 19.275590551181104 presque
337.03937007874015 388.34645669291336 48.75590551181102 19.275590551181104 seuls
369.6377952755906 388.34645669291336 27.212598425196852 19.275590551181104 à
380.6929133858268 388.34645669291336 54.425196850393704 19.275590551181104 tenter
413.00787401574803 388.34645669291336 54.425196850393704 19.275590551181104 d’intro-

60.661417322834644 402.8031496062992 48.188976377952756 20.125984251968504 duire
92.69291338582677 402.8031496062992 53.574803149606296 20.125984251968504 clarté
130.11023622047244 402.8031496062992 32.031496062992126 20.125984251968504 et
146.26771653543307 402.8031496062992 64.06299212598425 20.125984251968504 harmonie
194.45669291338584 402.8031496062992 42.803149606299215 20.125984251968504 dans
221.10236220472441 402.8031496062992 32.031496062992126 20.125984251968504 la
237.25984251968504 402.8031496062992 74.83464566929133 20.125984251968504 conception
295.93700787401576 402.8031496062992 32.031496062992126 20.125984251968504 et
312.09448818897636 402.8031496062992 42.803149606299215 20.125984251968504 dans
338.74015748031496 402.8031496062992 96.37795275590551 20.125984251968504 l’organisation
418.96062992125985 402.8031496062992 32.031496062992126 20.125984251968504 de
429.73228346456693 402.8031496062992 37.41732283464567 20.125984251968504 leurs

60.661417322834644 416.9763779527559 60.661417322834644 20.409448818897637 œuvres.
104.5984251968504 416.9763779527559 33.16535433070866 20.409448818897637 La
121.03937007874016 416.9763779527559 54.99212598425197 20.409448818897637 Suisse
159.59055118110237 416.9763779527559 38.55118110236221 20.409448818897637 n’a
181.70078740157481 416.9763779527559 38.55118110236221 20.409448818897637 pas
203.81102362204723 416.9763779527559 38.55118110236221 20.409448818897637 été
225.92125984251967 416.9763779527559 66.04724409448819 20.409448818897637 épargnée
275.5275590551181 416.9763779527559 38.55118110236221 20.409448818897637 par
297.3543307086614 416.9763779527559 33.16535433070866 20.409448818897637 la
314.0787401574803 416.9763779527559 49.60629921259842 20.409448818897637 marée
346.96062992125985 416.9763779527559 66.04724409448819 20.409448818897637 montante
396.56692913385825 416.9763779527559 33.16535433070866 20.409448818897637 de
407.62204724409446 416.9763779527559 60.661417322834644 20.409448818897637 l’expres-

61.22834645669291 430.86614173228344 68.88188976377953 22.96062992125984 sionnisme
114.23622047244095 430.86614173228344 100.62992125984252 22.96062992125984 d’après-guerre,
198.70866141732284 430.86614173228344 31.748031496062993 22.96062992125984 du
214.58267716535434 430.86614173228344 68.88188976377953 22.96062992125984 tachisme,
267.59055118110234 430.86614173228344 31.748031496062993 22.96062992125984 du
283.46456692913387 430.86614173228344 89.85826771653544 22.96062992125984 néo-dadaïsme,
357.4488188976378 430.86614173228344 37.13385826771653 22.96062992125984 qui
378.70866141732284 430.86614173228344 63.496062992125985 22.96062992125984 allèrent
420.9448818897638 430.86614173228344 47.62204724409449 22.96062992125984 jusqu’à

60.94488188976378 444.755905511811 44.78740157480315 21.543307086614174 vider
90.99212598425197 444.755905511811 29.763779527559056 21.543307086614174 la
105.73228346456693 444.755905511811 69.44881889763779 21.543307086614174 production
160.44094488188978 444.755905511811 69.44881889763779 21.543307086614174 artistique
215.1496062992126 444.755905511811 29.763779527559056 21.543307086614174 de
229.88976377952756 444.755905511811 39.68503937007874 21.543307086614174 tout
254.83464566929135 444.755905511811 54.70866141732284 21.543307086614174 contenu
294.5196850393701 444.755905511811 79.37007874015748 21.543307086614174 intellectuel
359.1496062992126 444.755905511811 29.763779527559056 21.543307086614174 et
373.8897637795276 444.755905511811 69.44881889763779 21.543307086614174 spirituel.
428.59842519685037 444.755905511811 29.763779527559056 21.543307086614174 En
438.5196850393701 444.755905511811 29.763779527559056 21.543307086614174 même

60.661417322834644 460.9133858267717 53.00787401574803 18.992125984251967 temps,
97.79527559055119 460.9133858267717 79.37007874015748 18.992125984251967 l’influence
161.5748031496063 460.9133858267717 37.13385826771653 18.992125984251967 des
182.5511811023622 460.9133858267717 63.496062992125985 18.992125984251967 théories
230.45669291338584 460.9133858267717 31.748031496062993 18.992125984251967 de
246.33070866141733 460.9133858267717 47.62204724409449 18.992125984251967 l’art
278.0787401574803 460.9133858267717 58.39370078740158 18.992125984251967 concret
320.31496062992125 460.9133858267717 74.26771653543307 18.992125984251967 s’étendait
378.70866141732284 460.9133858267717 42.51968503937008 18.992125984251967 bien
405.3543307086614 460.9133858267717 58.39370078740158 18.992125984251967 au-delà
442.48818897637796 460.9133858267717 26.362204724409448 18.992125984251967 des

61.511811023622045 478.48818897637796 72.28346456692914 17.291338582677167 frontières
118.20472440944881 478.48818897637796 61.79527559055118 17.291338582677167 suisses.
164.69291338582678 478.48818897637796 30.89763779527559 17.291338582677167 En
180.0 478.48818897637796 56.69291338582677 17.291338582677167 Italie,
221.38582677165354 478.48818897637796 30.89763779527559 17.291338582677167 en
236.69291338582678 478.48818897637796 61.79527559055118 17.291338582677167 Amérique
283.18110236220474 478.48818897637796 30.89763779527559 17.291338582677167 du
298.7716535433071 478.48818897637796 41.38582677165354 17.291338582677167 Sud,
324.56692913385825 478.48818897637796 30.89763779527559 17.291338582677167 en
339.87401574803147 478.48818897637796 77.38582677165354 17.291338582677167 Angleterre,
401.9527559055118 478.48818897637796 30.89763779527559 17.291338582677167 en
412.15748031496065 478.48818897637796 56.69291338582677 17.291338582677167 Belgique,

61.511811023622045 488.12598425196853 34.01574803149607 19.84251968503937 en
78.51968503937007 488.12598425196853 79.37007874015748 19.84251968503937 Allemagne,
140.88188976377953 488.12598425196853 39.68503937007874 19.84251968503937 aux
163.55905511811022 488.12598425196853 73.7007874015748 19.84251968503937 Pays-Bas,
220.251968503937 488.12598425196853 34.01574803149607 19.84251968503937 en
237.25984251968504 488.12598425196853 90.70866141732283 19.84251968503937 Scandinavie,
310.96062992125985 488.12598425196853 34.01574803149607 19.84251968503937 et
327.9685039370079 488.12598425196853 45.354330708661415 19.84251968503937 même
356.31496062992125 488.12598425196853 34.01574803149607 19.84251968503937 en
373.3228346456693 488.12598425196853 62.36220472440945 19.84251968503937 France,
413.00787401574803 488.12598425196853 56.69291338582677 19.84251968503937 pourtant

62.07874015748032 504.2834645669291 91.55905511811024 17.5748031496063 commercialisée
138.33070866141733 504.2834645669291 30.614173228346456 17.5748031496063 et
153.63779527559055 504.2834645669291 91.55905511811024 17.5748031496063 commercialiste
230.17322834645668 504.2834645669291 30.614173228346456 17.5748031496063 en
245.48031496062993 504.2834645669291 56.125984251968504 17.5748031496063 matière
286.01574803149606 504.2834645669291 76.25196850393701 17.5748031496063 artistique,
347.244094488189 504.2834645669291 30.614173228346456 17.5748031496063 se
362.5511811023622 504.2834645669291 61.22834645669291 17.5748031496063 créaient
408.18897637795277 504.2834645669291 35.71653543307087 17.5748031496063 des
423.496062992126 504.2834645669291 45.92125984251968 17.5748031496063 groupes

62.07874015748032 518.7401574803149 32.59842519685039 16.440944881889763 de
78.23622047244095 518.7401574803149 54.425196850393704 16.440944881889763 jeunes
116.50393700787401 518.7401574803149 65.19685039370079 16.440944881889763 peintres
165.25984251968504 518.7401574803149 32.59842519685039 16.440944881889763 et
181.70078740157481 518.7401574803149 81.63779527559055 16.440944881889763 sculpteurs,
246.89763779527559 518.7401574803149 37.98425196850393 16.440944881889763 qui
268.7244094488189 518.7401574803149 43.37007874015748 16.440944881889763 tous
295.65354330708664 518.7401574803149 81.63779527559055 16.440944881889763 cherchaient
360.8503937007874 518.7401574803149 27.212598425196852 16.440944881889763 à
371.90551181102364 518.7401574803149 65.19685039370079 16.440944881889763 dépasser
420.66141732283467 518.7401574803149 32.59842519685039 16.440944881889763 le
431.7165354330709 518.7401574803149 37.98425196850393 16.440944881889763 point

62.07874015748032 531.2125984251968 78.23622047244095 18.992125984251967 qu’avaient
123.59055118110236 531.2125984251968 33.44881889763779 18.992125984251967 pu
140.31496062992127 531.2125984251968 72.56692913385827 18.992125984251967 atteindre
196.15748031496062 531.2125984251968 39.118110236220474 18.992125984251967 les
218.5511811023622 531.2125984251968 67.18110236220473 18.992125984251967 artistes
269.00787401574803 531.2125984251968 33.44881889763779 18.992125984251967 du
285.73228346456693 531.2125984251968 55.84251968503937 18.992125984251967 groupe
324.8503937007874 531.2125984251968 134.07874015748033 18.992125984251967 Abstraction-Création
436.53543307086613 531.2125984251968 33.44881889763779 18.992125984251967 dans

62.92913385826772 551.6220472440945 38.267716535433074 18.708661417322833 les
84.75590551181102 551.6220472440945 54.70866141732284 18.708661417322833 années
117.63779527559055 551.6220472440945 38.267716535433074 18.708661417322833 1930.
