515.3385826771654 628.7244094488188
29.19685039370079 -1.4173228346456692 130.39370078740157 19.275590551181104 AFRIQUE
124.15748031496064 -1.4173228346456692 71.14960629921259 19.275590551181104 DU
147.96850393700788 -1.4173228346456692 59.24409448818898 19.275590551181104 SUD

131.81102362204723 120.75590551181102 32.031496062992126 18.708661417322833 Commissaire
157.60629921259843 120.75590551181102 25.511811023622048 18.708661417322833 Général:
176.88188976377953 120.75590551181102 27.77952755905512 18.708661417322833 Lionel
198.14173228346456 120.75590551181102 32.031496062992126 18.708661417322833 Abrams
221.66929133858267 120.75590551181102 21.25984251968504 18.708661417322833 peintre.

83.90551181102362 203.5275590551181 58.960629921259844 26.929133858267715 Pendant
126.70866141732283 203.5275590551181 42.803149606299215 26.929133858267715 deux
153.63779527559055 203.5275590551181 42.803149606299215 26.929133858267715 bons
180.56692913385828 203.5275590551181 64.34645669291339 26.929133858267715 siècles,
228.75590551181102 203.5275590551181 64.34645669291339 26.929133858267715 jusqu’au
276.9448818897638 203.5275590551181 48.188976377952756 26.929133858267715 début
309.25984251968504 203.5275590551181 32.31496062992126 26.929133858267715 du
325.13385826771656 203.5275590551181 42.803149606299215 26.929133858267715 XX*,
352.06299212598424 203.5275590551181 37.41732283464567 26.929133858267715 les
373.6062992125984 203.5275590551181 64.34645669291339 26.929133858267715 artistes
416.40944881889766 203.5275590551181 58.960629921259844 26.929133858267715 d’Afrique

74.83464566929133 216.0 32.881889763779526 25.228346456692915 du
91.2755905511811 216.0 38.267716535433074 25.228346456692915 Sud
113.10236220472441 216.0 32.881889763779526 25.228346456692915 se
129.54330708661416 216.0 43.93700787401575 25.228346456692915 sont
157.03937007874015 216.0 65.76377952755905 25.228346456692915 attachés
206.36220472440945 216.0 27.496062992125985 25.228346456692915 à
217.41732283464566 216.0 32.881889763779526 25.228346456692915 la
233.85826771653544 216.0 87.8740157480315 25.228346456692915 reproduction
305.00787401574803 216.0 32.881889763779526 25.228346456692915 du
321.4488188976378 216.0 71.43307086614173 25.228346456692915 continent
376.4409448818898 216.0 38.267716535433074 25.228346456692915 qui
398.26771653543307 216.0 54.70866141732284 25.228346456692915 venait
431.1496062992126 216.0 43.93700787401575 25.228346456692915 d’être

74.55118110236221 232.15748031496062 61.511811023622045 23.811023622047244 exploré,
120.75590551181102 232.15748031496062 30.89763779527559 23.811023622047244 de
136.06299212598427 232.15748031496062 30.89763779527559 23.811023622047244 la
151.37007874015748 232.15748031496062 41.10236220472441 23.811023622047244 baie
177.16535433070865 232.15748031496062 30.89763779527559 23.811023622047244 de
192.4724409448819 232.15748031496062 30.89763779527559 23.811023622047244 la
207.7795275590551 232.15748031496062 46.20472440944882 23.811023622047244 Table
238.6771653543307 232.15748031496062 66.61417322834646 23.811023622047244 jusqu’aux
289.98425196850394 232.15748031496062 51.30708661417323 23.811023622047244 chutes
325.7007874015748 232.15748031496062 30.89763779527559 23.811023622047244 de
341.29133858267716 232.15748031496062 66.61417322834646 23.811023622047244 Victoria,
392.59842519685037 232.15748031496062 30.89763779527559 23.811023622047244 de
407.90551181102364 232.15748031496062 36.0 23.811023622047244 ces
423.21259842519686 232.15748031496062 51.30708661417323 23.811023622047244 immenses

73.98425196850394 244.3464566929134 65.76377952755905 20.69291338582677 étendues
123.30708661417323 244.3464566929134 27.496062992125985 20.69291338582677 à
134.07874015748033 244.3464566929134 65.76377952755905 20.69291338582677 l’aspect
183.68503937007873 244.3464566929134 60.37795275590551 20.69291338582677 étrange
227.33858267716536 244.3464566929134 32.881889763779526 20.69291338582677 et
243.7795275590551 244.3464566929134 76.81889763779527 20.69291338582677 inabituel:
304.15748031496065 244.3464566929134 71.43307086614173 20.69291338582677 montagnes
359.1496062992126 244.3464566929134 43.93700787401575 20.69291338582677 sans
386.3622047244094 244.3464566929134 60.37795275590551 20.69291338582677 crêtes,
424.9133858267717 244.3464566929134 49.32283464566929 20.69291338582677 plaines

74.26771653543307 255.4015748031496 79.08661417322834 25.228346456692915 désertiques,
138.33070866141733 255.4015748031496 49.32283464566929 25.228346456692915 arbres
172.91338582677164 255.4015748031496 34.58267716535433 25.228346456692915 aux
192.4724409448819 255.4015748031496 49.32283464566929 25.228346456692915 formes
227.0551181102362 255.4015748031496 64.06299212598425 25.228346456692915 bizarres,
276.66141732283467 255.4015748031496 59.24409448818898 25.228346456692915 buissons
320.88188976377955 255.4015748031496 59.24409448818898 25.228346456692915 fleuris,
365.38582677165357 255.4015748031496 64.06299212598425 25.228346456692915 antilopes
409.8897637795276 255.4015748031496 64.06299212598425 25.228346456692915 gracieuses,

73.7007874015748 269.00787401574803 75.68503937007874 24.944881889763778 éléphants,
133.22834645669292 269.00787401574803 75.68503937007874 24.944881889763778 rhinocéros
192.75590551181102 269.00787401574803 32.59842519685039 24.944881889763778 et
208.91338582677164 269.00787401574803 92.1259842519685 24.944881889763778 hippopotames,
284.88188976377955 269.00787401574803 81.07086614173228 24.944881889763778 populations
349.79527559055117 269.00787401574803 32.59842519685039 24.944881889763778 et
365.9527559055118 269.00787401574803 64.91338582677166 24.944881889763778 villages
409.3228346456693 269.00787401574803 64.91338582677166 24.944881889763778 indigènes,

73.98425196850394 283.46456692913387 45.63779527559055 23.811023622047244 camps
104.31496062992126 283.46456692913387 30.330708661417322 23.811023622047244 de
119.62204724409449 283.46456692913387 55.84251968503937 23.811023622047244 fortune
160.15748031496062 283.46456692913387 30.330708661417322 23.811023622047244 et
175.46456692913387 283.46456692913387 60.94488188976378 23.811023622047244 premiers
221.10236220472441 283.46456692913387 60.94488188976378 23.811023622047244 villages
266.74015748031496 283.46456692913387 35.43307086614173 23.811023622047244 des
287.1496062992126 283.46456692913387 55.84251968503937 23.811023622047244 colons,
327.68503937007875 283.46456692913387 60.94488188976378 23.811023622047244 reptiles
373.3228346456693 283.46456692913387 30.330708661417322 23.811023622047244 et
388.62992125984255 283.46456692913387 66.04724409448819 23.811023622047244 insectes,
434.26771653543307 283.46456692913387 40.53543307086614 23.811023622047244 magni-

73.41732283464567 294.23622047244095 50.173228346456696 26.64566929133858 fiques
108.56692913385827 294.23622047244095 50.173228346456696 26.64566929133858 fleurs
143.71653543307087 294.23622047244095 30.04724409448819 26.64566929133858 du
158.74015748031496 294.23622047244095 39.968503937007874 26.64566929133858 Cap,
183.68503937007873 294.23622047244095 39.968503937007874 26.64566929133858 dont
208.62992125984252 294.23622047244095 35.1496062992126 26.64566929133858 des
228.75590551181102 294.23622047244095 65.19685039370079 26.64566929133858 variétés,
278.92913385826773 294.23622047244095 45.07086614173228 26.64566929133858 moins
308.9763779527559 294.23622047244095 65.19685039370079 26.64566929133858 sauvages,
359.1496062992126 294.23622047244095 39.968503937007874 26.64566929133858 plus
384.09448818897636 294.23622047244095 70.01574803149606 26.64566929133858 raffinées,
434.26771653543307 294.23622047244095 39.968503937007874 26.64566929133858 ornent

72.85039370078741 307.5590551181102 75.4015748031496 21.25984251968504 aujourd’hui
133.22834645669292 307.5590551181102 35.1496062992126 21.25984251968504 les
153.35433070866142 307.5590551181102 70.2992125984252 21.25984251968504 devantures
208.62992125984252 307.5590551181102 35.1496062992126 21.25984251968504 des
228.75590551181102 307.5590551181102 70.2992125984252 21.25984251968504 fleuristes
284.31496062992125 307.5590551181102 30.04724409448819 21.25984251968504 de
294.23622047244095 307.5590551181102 40.25196850393701 21.25984251968504 Paris.

81.63779527559055 321.4488188976378 32.59842519685039 22.393700787401574 Le
97.79527559055119 321.4488188976378 43.37007874015748 22.393700787401574 soin
125.00787401574803 321.4488188976378 32.59842519685039 22.393700787401574 de
141.4488188976378 321.4488188976378 32.59842519685039 22.393700787401574 la
157.60629921259843 321.4488188976378 87.02362204724409 22.393700787401574 reproduction
228.4724409448819 321.4488188976378 32.59842519685039 22.393700787401574 de
244.62992125984252 321.4488188976378 37.98425196850393 22.393700787401574 ces
266.45669291338584 321.4488188976378 59.811023622047244 22.393700787401574 beautés
310.1102362204724 321.4488188976378 76.25196850393701 22.393700787401574 naturelles
369.9212598425197 321.4488188976378 37.98425196850393 22.393700787401574 est
391.46456692913387 321.4488188976378 59.811023622047244 22.393700787401574 souvent
429.73228346456693 321.4488188976378 43.37007874015748 22.393700787401574 revenu

72.28346456692914 336.755905511811 38.83464566929134 21.25984251968504 aux
94.67716535433071 336.755905511811 89.00787401574803 21.25984251968504 explorateurs
166.96062992125985 336.755905511811 77.95275590551181 21.25984251968504 eux-mêmes.
228.18897637795277 336.755905511811 27.77952755905512 21.25984251968504 A
239.24409448818898 336.755905511811 38.83464566929134 21.25984251968504 une
261.3543307086614 336.755905511811 44.503937007874015 21.25984251968504 date
289.4173228346457 336.755905511811 44.503937007874015 21.25984251968504 plus
317.1968503937008 336.755905511811 66.61417322834646 21.25984251968504 récente,
367.0866141732283 336.755905511811 77.95275590551181 21.25984251968504 cependant,
422.6456692913386 336.755905511811 50.173228346456696 21.25984251968504 ceux

72.56692913385827 348.37795275590554 32.031496062992126 24.944881889763778 se
88.7244094488189 348.37795275590554 42.803149606299215 24.944881889763778 sont
115.37007874015748 348.37795275590554 42.803149606299215 24.944881889763778 fait
142.01574803149606 348.37795275590554 80.22047244094489 24.944881889763778 accompagner
206.36220472440945 348.37795275590554 37.41732283464567 24.944881889763778 par
227.6220472440945 348.37795275590554 37.41732283464567 24.944881889763778 des
249.16535433070865 348.37795275590554 85.60629921259843 24.944881889763778 dessinateurs
318.61417322834643 348.37795275590554 101.48031496062993 24.944881889763778 professionnels.
404.2204724409449 348.37795275590554 37.41732283464567 24.944881889763778 Ces
420.09448818897636 348.37795275590554 53.574803149606296 24.944881889763778 derniers

72.28346456692914 360.0 39.40157480314961 26.362204724409448 ont
94.96062992125984 360.0 45.07086614173228 26.362204724409448 fixé
123.02362204724409 360.0 45.07086614173228 26.362204724409448 avec
151.37007874015748 360.0 67.74803149606299 26.362204724409448 beaucoup
202.11023622047244 360.0 33.732283464566926 26.362204724409448 de
219.11811023622047 360.0 45.07086614173228 26.362204724409448 zèle
247.1811023622047 360.0 33.732283464566926 26.362204724409448 et
264.18897637795277 360.0 28.346456692913385 26.362204724409448 à
275.5275590551181 360.0 33.732283464566926 26.362204724409448 la
292.53543307086613 360.0 62.07874015748032 26.362204724409448 manière
337.6062992125984 360.0 39.40157480314961 26.362204724409448 des
360.2834645669291 360.0 90.4251968503937 26.362204724409448 photographes
433.7007874015748 360.0 33.732283464566926 26.362204724409448 et
444.755905511811 360.0 28.346456692913385 26.362204724409448 des

72.56692913385827 373.3228346456693 66.33070866141732 23.52755905511811 cinéastes
123.59055118110236 373.3228346456693 86.74015748031496 23.52755905511811 d’aujourd’hui
195.0236220472441 373.3228346456693 30.614173228346456 23.52755905511811 ce
210.33070866141733 373.3228346456693 35.71653543307087 23.52755905511811 que
231.0236220472441 373.3228346456693 45.92125984251968 23.52755905511811 leurs
261.6377952755906 373.3228346456693 40.818897637795274 23.52755905511811 yeux
287.1496062992126 373.3228346456693 56.125984251968504 23.52755905511811 curieux
327.9685039370079 373.3228346456693 35.71653543307087 23.52755905511811 ont
343.2755905511811 373.3228346456693 25.511811023622048 23.52755905511811 vu.

81.35433070866142 386.6456692913386 48.188976377952756 24.37795275590551 Puis,
113.38582677165354 386.6456692913386 32.031496062992126 24.37795275590551 il
129.54330708661416 386.6456692913386 26.64566929133858 24.37795275590551 y
140.31496062992127 386.6456692913386 26.64566929133858 24.37795275590551 a
151.08661417322836 386.6456692913386 42.803149606299215 24.37795275590551 deux
177.73228346456693 386.6456692913386 85.60629921259843 24.37795275590551 générations,
247.46456692913387 386.6456692913386 37.41732283464567 24.37795275590551 une
268.7244094488189 386.6456692913386 64.34645669291339 24.37795275590551 nouvelle
316.9133858267717 386.6456692913386 48.188976377952756 24.37795275590551 école
349.2283464566929 386.6456692913386 32.031496062992126 24.37795275590551 de
365.1023622047244 386.6456692913386 64.34645669291339 24.37795275590551 peinture
413.29133858267716 386.6456692913386 58.960629921259844 24.37795275590551 naquit.
450.70866141732284 386.6456692913386 21.543307086614174 24.37795275590551 Il

72.28346456692914 400.251968503937 52.724409448818896 27.496062992125985 s’agit
109.13385826771653 400.251968503937 73.7007874015748 27.496062992125985 dorénavant
167.24409448818898 400.251968503937 42.23622047244095 27.496062992125985 pour
193.60629921259843 400.251968503937 36.8503937007874 27.496062992125985 les
214.58267716535434 400.251968503937 63.21259842519685 27.496062992125985 artistes
261.9212598425197 400.251968503937 89.5748031496063 27.496062992125985 d’interpréter
335.62204724409446 400.251968503937 42.23622047244095 27.496062992125985 avec
361.98425196850394 400.251968503937 42.23622047244095 27.496062992125985 goût
388.34645669291336 400.251968503937 36.8503937007874 27.496062992125985 les
409.3228346456693 400.251968503937 63.21259842519685 27.496062992125985 paysages
451.5590551181102 400.251968503937 20.976377952755904 27.496062992125985 de

72.0 412.4409448818898 41.95275590551181 16.440944881889763 leur
92.97637795275591 412.4409448818898 36.8503937007874 16.440944881889763 pays.

81.07086614173228 425.1968503937008 36.0 25.511811023622048 Ces
101.48031496062993 425.1968503937008 61.79527559055118 25.511811023622048 artistes
147.96850393700788 425.1968503937008 56.69291338582677 25.511811023622048 avaient
189.0708661417323 425.1968503937008 56.69291338582677 25.511811023622048 voyagé.
230.17322834645668 425.1968503937008 61.79527559055118 25.511811023622048 Certains
276.37795275590554 425.1968503937008 56.69291338582677 25.511811023622048 d’entre
317.76377952755905 425.1968503937008 36.0 25.511811023622048 eux
338.1732283464567 425.1968503937008 56.69291338582677 25.511811023622048 avaient
379.2755905511811 425.1968503937008 51.30708661417323 25.511811023622048 étudié
415.2755905511811 425.1968503937008 30.89763779527559 25.511811023622048 en
425.76377952755905 425.1968503937008 46.20472440944882 25.511811023622048 Europe.

71.43307086614173 438.8031496062992 38.267716535433074 24.094488188976378 Les
93.25984251968504 438.8031496062992 49.32283464566929 24.094488188976378 vieux
126.14173228346456 438.8031496062992 65.76377952755905 24.094488188976378 maîtres,
175.46456692913387 438.8031496062992 38.267716535433074 24.094488188976378 les
197.29133858267716 438.8031496062992 109.7007874015748 24.094488188976378 impressionnistes
290.5511811023622 438.8031496062992 32.881889763779526 24.094488188976378 ne
306.99212598425197 438.8031496062992 43.93700787401575 24.094488188976378 leur
334.48818897637796 438.8031496062992 60.37795275590551 24.094488188976378 étaient
378.1417322834646 438.8031496062992 38.267716535433074 24.094488188976378 pas
400.251968503937 438.8031496062992 71.14960629921259 24.094488188976378 inconnus.
449.5748031496063 438.8031496062992 21.826771653543307 24.094488188976378 Si

71.14960629921259 450.1417322834646 42.23622047244095 29.763779527559056 leur
97.51181102362204 450.1417322834646 57.826771653543304 29.763779527559056 facture
139.748031496063 450.1417322834646 26.362204724409448 29.763779527559056 a
150.23622047244095 450.1417322834646 31.748031496062993 29.763779527559056 pu
166.11023622047244 450.1417322834646 42.23622047244095 29.763779527559056 être
192.4724409448819 450.1417322834646 73.7007874015748 29.763779527559056 influencée
250.29921259842519 450.1417322834646 36.8503937007874 29.763779527559056 par
271.5590551181102 450.1417322834646 36.8503937007874 29.763779527559056 ces
292.53543307086613 450.1417322834646 63.21259842519685 29.763779527559056 maîtres,
339.87401574803147 450.1417322834646 42.23622047244095 29.763779527559056 leur
366.23622047244095 450.1417322834646 42.23622047244095 29.763779527559056 pays
392.59842519685037 450.1417322834646 36.8503937007874 29.763779527559056 est
413.8582677165354 450.1417322834646 57.826771653543304 29.763779527559056 demeuré
450.70866141732284 450.1417322834646 20.976377952755904 29.763779527559056 la

71.71653543307086 465.1653543307087 49.889763779527556 28.346456692913385 source
106.86614173228347 465.1653543307087 30.04724409448819 28.346456692913385 de
121.88976377952756 465.1653543307087 39.968503937007874 28.346456692913385 leur
146.83464566929135 465.1653543307087 79.93700787401575 28.346456692913385 inspiration,
211.748031496063 465.1653543307087 30.04724409448819 28.346456692913385 ce
226.77165354330708 465.1653543307087 39.968503937007874 28.346456692913385 pays
251.71653543307087 465.1653543307087 49.889763779527556 28.346456692913385 qu’ils
286.86614173228344 465.1653543307087 74.83464566929133 28.346456692913385 s’efforcent
346.6771653543307 465.1653543307087 85.03937007874016 28.346456692913385 d’interpréter
416.6929133858268 465.1653543307087 39.968503937007874 28.346456692913385 avec
436.81889763779526 465.1653543307087 34.86614173228347 28.346456692913385 leurs

71.14960629921259 476.503937007874 42.51968503937008 17.007874015748033 yeux
97.79527559055119 476.503937007874 32.031496062992126 17.007874015748033 de
108.56692913385827 476.503937007874 85.03937007874016 17.007874015748033 Sud

80.22047244094489 489.54330708661416 47.338582677165356 28.346456692913385 Cette
111.96850393700787 489.54330708661416 73.7007874015748 28.346456692913385 conception
169.79527559055117 489.54330708661416 68.5984251968504 28.346456692913385 elle-même
222.51968503937007 489.54330708661416 42.23622047244095 28.346456692913385 est,
248.88188976377953 489.54330708661416 73.7007874015748 28.346456692913385 cependant,
306.99212598425197 489.54330708661416 42.23622047244095 28.346456692913385 déjà
333.3543307086614 489.54330708661416 63.21259842519685 28.346456692913385 révolue.
380.6929133858268 489.54330708661416 42.23622047244095 28.346456692913385 Pour
407.0551181102362 489.54330708661416 31.748031496062993 28.346456692913385 la
417.54330708661416 489.54330708661416 52.724409448818896 28.346456692913385 plupart,

72.0 504.0 35.43307086614173 27.77952755905512 les
92.1259842519685 504.0 50.45669291338583 27.77952755905512 jeunes
127.55905511811024 504.0 60.661417322834644 27.77952755905512 artistes
173.1968503937008 504.0 40.53543307086614 27.77952755905512 sont
198.4251968503937 504.0 35.43307086614173 27.77952755905512 des
218.5511811023622 504.0 60.661417322834644 27.77952755905512 peintres
264.18897637795277 504.0 70.86614173228347 27.77952755905512 abstraits.
319.748031496063 504.0 35.43307086614173 27.77952755905512 Les
339.87401574803147 504.0 50.45669291338583 27.77952755905512 quatre
375.3070866141732 504.0 65.76377952755905 27.77952755905512 artistes,
426.0472440944882 504.0 35.43307086614173 27.77952755905512 qui
441.07086614173227 504.0 30.330708661417322 27.77952755905512 sont

70.86614173228347 516.1889763779527 82.20472440944881 27.496062992125985 représentés
136.62992125984252 516.1889763779527 43.93700787401575 27.496062992125985 dans
163.84251968503938 516.1889763779527 49.32283464566929 27.496062992125985 cette
196.7244094488189 516.1889763779527 65.76377952755905 27.496062992125985 section,
246.04724409448818 516.1889763779527 54.70866141732284 27.496062992125985 vivent
284.31496062992125 516.1889763779527 27.496062992125985 27.496062992125985 à
295.37007874015745 516.1889763779527 92.97637795275591 27.496062992125985 Johannesburg,
371.90551181102364 516.1889763779527 43.93700787401575 27.496062992125985 cité
394.01574803149606 516.1889763779527 76.53543307086615 27.496062992125985 industrielle

71.43307086614173 530.6456692913385 53.85826771653543 30.330708661417322 neuve,
109.13385826771653 530.6456692913385 37.7007874015748 30.330708661417322 qui
130.6771653543307 530.6456692913385 70.2992125984252 30.330708661417322 ressemble
184.8188976377953 530.6456692913385 26.929133858267715 30.330708661417322 à
195.59055118110237 530.6456692913385 37.7007874015748 30.330708661417322 une
217.13385826771653 530.6456692913385 48.47244094488189 30.330708661417322 ville
249.4488188976378 530.6456692913385 75.68503937007874 30.330708661417322 américaine
308.9763779527559 530.6456692913385 64.62992125984252 30.330708661417322 moderne,
357.4488188976378 530.6456692913385 32.31496062992126 30.330708661417322 si
373.6062992125984 530.6456692913385 43.08661417322835 30.330708661417322 l’on
400.53543307086613 530.6456692913385 32.31496062992126 30.330708661417322 ne
416.9763779527559 530.6456692913385 48.47244094488189 30.330708661417322 tient
443.90551181102364 530.6456692913385 26.929133858267715 30.330708661417322 pas

70.86614173228347 544.2519685039371 55.84251968503937 23.244094488188978 compte
109.98425196850394 544.2519685039371 39.118110236220474 23.244094488188978 des
132.3779527559055 544.2519685039371 66.89763779527559 23.244094488188978 nombreux
182.5511811023622 544.2519685039371 61.22834645669291 23.244094488188978 visages
221.66929133858267 544.2519685039371 44.503937007874015 23.244094488188978 noirs.

77.10236220472441 587.6220472440945 28.062992125984252 13.32283464566929 2
