515.3385826771654 625.6062992125984
70.01574803149606 5.3858267716535435 57.54330708661417 20.125984251968504 ITALIE

112.81889763779527 32.31496062992126 58.39370078740158 19.275590551181104 Edoardo
155.33858267716536 32.31496062992126 90.14173228346456 19.275590551181104 Franceschini,
229.60629921259843 32.31496062992126 47.62204724409449 19.275590551181104 Piero
261.3543307086614 32.31496062992126 63.77952755905512 19.275590551181104 Ruggeri,
309.25984251968504 32.31496062992126 68.88188976377953 19.275590551181104 Francesco
362.26771653543307 32.31496062992126 63.77952755905512 19.275590551181104 Tabusso,
409.8897637795276 32.31496062992126 79.65354330708661 19.275590551181104 participant
468.2834645669291 32.31496062992126 31.748031496062993 19.275590551181104 tous

112.25196850393701 54.14173228346457 50.45669291338583 12.472440944881889 depuis
147.68503937007873 54.14173228346457 65.48031496062993 12.472440944881889 plusieurs
197.85826771653544 54.14173228346457 50.45669291338583 12.472440944881889 années
233.29133858267716 54.14173228346457 35.1496062992126 12.472440944881889 aux
253.41732283464566 54.14173228346457 40.25196850393701 12.472440944881889 plus
278.3622047244094 54.14173228346457 55.275590551181104 12.472440944881889 grandes
318.8976377952756 54.14173228346457 75.4015748031496 12.472440944881889 expositions
379.2755905511811 54.14173228346457 100.62992125984252 12.472440944881889 internationales.
459.7795275590551 54.14173228346457 40.25196850393701 12.472440944881889 Chacun

112.25196850393701 67.46456692913385 58.67716535433071 13.88976377952756 d’entre
154.77165354330708 67.46456692913385 37.13385826771653 13.88976377952756 eux
176.31496062992127 67.46456692913385 47.90551181102362 13.88976377952756 donne
208.06299212598427 67.46456692913385 32.031496062992126 13.88976377952756 sa
224.2204724409449 67.46456692913385 53.29133858267716 13.88976377952756 propre
261.3543307086614 67.46456692913385 95.81102362204724 13.88976377952756 interprétation
341.29133858267716 67.46456692913385 32.031496062992126 13.88976377952756 du
357.1653543307087 67.46456692913385 47.90551181102362 13.88976377952756 monde
389.1968503937008 67.46456692913385 95.81102362204724 13.88976377952756 d’aujourd’hui;
463.748031496063 67.46456692913385 37.13385826771653 13.88976377952756 cette

112.81889763779527 77.38582677165354 96.94488188976378 16.440944881889763 interprétation,
194.45669291338584 77.38582677165354 51.023622047244096 16.440944881889763 tantôt
230.17322834645668 77.38582677165354 30.614173228346456 16.440944881889763 se
245.48031496062993 77.38582677165354 71.43307086614173 16.440944881889763 concrétise
301.6062992125984 77.38582677165354 40.818897637795274 16.440944881889763 dans
327.40157480314963 77.38582677165354 86.74015748031496 16.440944881889763 l’abstraction
398.8346456692913 77.38582677165354 45.92125984251968 16.440944881889763 pure,
429.4488188976378 77.38582677165354 40.818897637795274 16.440944881889763 sous
454.96062992125985 77.38582677165354 30.614173228346456 16.440944881889763 le
465.1653543307087 77.38582677165354 35.71653543307087 16.440944881889763 signe

111.96850393700787 92.1259842519685 42.803149606299215 15.307086614173228 d’un
138.61417322834646 92.1259842519685 85.32283464566929 15.307086614173228 rationalisme
208.06299212598427 92.1259842519685 58.67716535433071 15.307086614173228 lucide,
250.58267716535434 92.1259842519685 47.90551181102362 15.307086614173228 comme
282.61417322834643 92.1259842519685 42.803149606299215 15.307086614173228 chez
309.54330708661416 92.1259842519685 64.06299212598425 15.307086614173228 Dorazio,
357.4488188976378 92.1259842519685 32.031496062992126 15.307086614173228 ou
373.3228346456693 92.1259842519685 37.41732283464567 15.307086614173228 sur
394.86614173228344 92.1259842519685 32.031496062992126 15.307086614173228 un
410.74015748031496 92.1259842519685 42.803149606299215 15.307086614173228 élan
432.0 92.1259842519685 69.44881889763779 15.307086614173228 expression-

112.81889763779527 106.01574803149606 45.92125984251968 17.007874015748033 niste
143.43307086614172 106.01574803149606 30.614173228346456 17.007874015748033 et
158.74015748031496 106.01574803149606 56.40944881889764 17.007874015748033 gestuel
199.84251968503938 106.01574803149606 45.92125984251968 17.007874015748033 comme
230.45669291338584 106.01574803149606 40.818897637795274 17.007874015748033 chez
255.96850393700788 106.01574803149606 61.511811023622045 17.007874015748033 Ruggeri,
302.1732283464567 106.01574803149606 40.818897637795274 17.007874015748033 dont
327.68503937007875 106.01574803149606 30.614173228346456 17.007874015748033 la
342.99212598425197 106.01574803149606 51.30708661417323 17.007874015748033 vision
378.99212598425197 106.01574803149606 51.30708661417323 17.007874015748033 large,
414.70866141732284 106.01574803149606 81.92125984251969 17.007874015748033 inquiétante,
476.2204724409449 106.01574803149606 25.511811023622048 17.007874015748033 est

112.81889763779527 124.7244094488189 57.54330708661417 14.740157480314961 pourtant
156.18897637795277 124.7244094488189 67.18110236220473 14.740157480314961 optimiste,
208.91338582677164 124.7244094488189 28.913385826771652 14.740157480314961 au
223.37007874015748 124.7244094488189 43.08661417322835 14.740157480314961 fond,
252.0 124.7244094488189 33.732283464566926 14.740157480314961 par
271.2755905511811 124.7244094488189 28.913385826771652 14.740157480314961 la
285.73228346456693 124.7244094488189 57.54330708661417 14.740157480314961 vitalité
328.81889763779526 124.7244094488189 38.55118110236221 14.740157480314961 même
352.9133858267717 124.7244094488189 28.913385826771652 14.740157480314961 de
367.37007874015745 124.7244094488189 57.54330708661417 14.740157480314961 l’image;
410.45669291338584 124.7244094488189 47.90551181102362 14.740157480314961 tantôt
444.18897637795277 124.7244094488189 38.55118110236221 14.740157480314961 elle
463.46456692913387 124.7244094488189 38.55118110236221 14.740157480314961 renou-

112.25196850393701 134.9291338582677 51.30708661417323 18.992125984251967 velle,
147.96850393700788 134.9291338582677 30.614173228346456 18.992125984251967 au
163.55905511811022 134.9291338582677 71.71653543307086 18.992125984251967 contraire,
219.96850393700788 134.9291338582677 30.614173228346456 18.992125984251967 le
235.2755905511811 134.9291338582677 56.40944881889764 18.992125984251967 rapport
276.09448818897636 134.9291338582677 41.10236220472441 18.992125984251967 avec
301.8897637795276 134.9291338582677 30.614173228346456 18.992125984251967 le
317.1968503937008 134.9291338582677 41.10236220472441 18.992125984251967 réel
342.99212598425197 134.9291338582677 36.0 18.992125984251967 par
363.40157480314963 134.9291338582677 36.0 18.992125984251967 une
383.81102362204723 134.9291338582677 66.61417322834646 18.992125984251967 narration
430.01574803149606 134.9291338582677 71.71653543307086 18.992125984251967 emblématique

112.53543307086615 147.4015748031496 38.267716535433074 19.84251968503937 non
134.36220472440945 147.4015748031496 60.37795275590551 19.84251968503937 exempte
178.29921259842519 147.4015748031496 32.881889763779526 19.84251968503937 de
194.74015748031496 147.4015748031496 93.25984251968504 19.84251968503937 réminiscences
271.5590551181102 147.4015748031496 76.81889763779527 19.84251968503937 orientales
331.65354330708664 147.4015748031496 32.881889763779526 19.84251968503937 ou
348.09448818897636 147.4015748031496 32.881889763779526 19.84251968503937 de
364.53543307086613 147.4015748031496 38.267716535433074 19.84251968503937 l’«
386.6456692913386 147.4015748031496 38.267716535433074 19.84251968503937 Art
408.4724409448819 147.4015748031496 60.37795275590551 19.84251968503937 Nouveau
452.40944881889766 147.4015748031496 32.881889763779526 19.84251968503937 »,
463.46456692913387 147.4015748031496 38.267716535433074 19.84251968503937 commé

111.96850393700787 164.9763779527559 44.503937007874015 16.724409448818896 chez
140.03149606299212 164.9763779527559 66.89763779527559 16.724409448818896 Dangelo,
189.92125984251967 164.9763779527559 33.44881889763779 16.724409448818896 ou
206.64566929133858 164.9763779527559 55.84251968503937 16.724409448818896 encore
245.76377952755905 164.9763779527559 33.44881889763779 16.724409448818896 en
262.48818897637796 164.9763779527559 83.62204724409449 16.724409448818896 développant
329.38582677165357 164.9763779527559 72.28346456692914 16.724409448818896 certaines
384.9448818897638 164.9763779527559 66.89763779527559 16.724409448818896 prémices
435.11811023622045 164.9763779527559 33.44881889763779 16.724409448818896 de
451.84251968503935 164.9763779527559 33.44881889763779 16.724409448818896 la
462.8976377952756 164.9763779527559 39.118110236220474 16.724409448818896 figue

112.25196850393701 183.4015748031496 89.00787401574803 12.755905511811024 surréaliste,
184.8188976377953 183.4015748031496 50.173228346456696 12.755905511811024 comme
218.26771653543307 183.4015748031496 44.503937007874015 12.755905511811024 chez
246.04724409448818 183.4015748031496 94.67716535433071 12.755905511811024 Franceschini,
324.0 183.4015748031496 44.503937007874015 12.755905511811024 dont
351.7795275590551 183.4015748031496 39.118110236220474 12.755905511811024 les
374.1732283464567 183.4015748031496 72.28346456692914 12.755905511811024 peintures
430.01574803149606 183.4015748031496 66.89763779527559 12.755905511811024 évoquent
474.5196850393701 183.4015748031496 27.77952755905512 12.755905511811024 des

112.53543307086615 196.15748031496062 42.803149606299215 15.307086614173228 pans
139.1811023622047 196.15748031496062 32.031496062992126 15.307086614173228 de
155.33858267716536 196.15748031496062 48.188976377952756 15.307086614173228 ville
187.37007874015748 196.15748031496062 37.41732283464567 15.307086614173228 qui
208.62992125984252 196.15748031496062 64.06299212598425 15.307086614173228 figurent
256.81889763779526 196.15748031496062 37.41732283464567 15.307086614173228 des
278.0787401574803 196.15748031496062 101.48031496062993 15.307086614173228 enchevêtrements
363.40157480314963 196.15748031496062 80.22047244094489 15.307086614173228 psychiques.
427.46456692913387 196.15748031496062 53.29133858267716 15.307086614173228 Tantôt
459.496062992126 196.15748031496062 42.803149606299215 15.307086614173228 enfini

111.96850393700787 210.33070866141733 37.98425196850393 16.724409448818896 les
133.51181102362204 210.33070866141733 65.19685039370079 16.724409448818896 rapports
182.5511811023622 210.33070866141733 65.19685039370079 16.724409448818896 nouveaux
231.30708661417322 210.33070866141733 81.35433070866142 16.724409448818896 s’ordonnent
296.503937007874 210.33070866141733 48.75590551181102 16.724409448818896 selon
328.81889763779526 210.33070866141733 37.98425196850393 16.724409448818896 les
350.6456692913386 210.33070866141733 48.75590551181102 16.724409448818896 modes
383.244094488189 210.33070866141733 48.75590551181102 16.724409448818896 d’une
415.84251968503935 210.33070866141733 54.14173228346457 16.724409448818896 vision
453.8267716535433 210.33070866141733 37.98425196850393 16.724409448818896 qui
469.98425196850394 210.33070866141733 32.59842519685039 16.724409448818896 peut

112.25196850393701 222.8031496062992 54.14173228346457 18.4251968503937 encore
150.23622047244095 222.8031496062992 43.37007874015748 18.4251968503937 être
177.16535433070865 222.8031496062992 48.75590551181102 18.4251968503937 taxée
209.76377952755905 222.8031496062992 32.59842519685039 18.4251968503937 de
226.20472440944883 222.8031496062992 86.74015748031496 18.4251968503937 naturalisme,
296.78740157480314 222.8031496062992 48.75590551181102 18.4251968503937 comme
329.1023622047244 222.8031496062992 48.75590551181102 18.4251968503937 c’est
361.7007874015748 222.8031496062992 32.59842519685039 18.4251968503937 le
378.1417322834646 222.8031496062992 37.98425196850393 18.4251968503937 cas
399.68503937007875 222.8031496062992 43.37007874015748 18.4251968503937 pour
421.51181102362204 222.8031496062992 54.14173228346457 18.4251968503937 Tabusso.

120.75590551181102 239.81102362204723 32.881889763779526 16.724409448818896 Ce
137.1968503937008 239.81102362204723 49.039370078740156 16.724409448818896 choix
169.79527559055117 239.81102362204723 32.881889763779526 16.724409448818896 ne
186.23622047244095 239.81102362204723 65.48031496062993 16.724409448818896 semblera
235.2755905511811 239.81102362204723 49.039370078740156 16.724409448818896 point
268.15748031496065 239.81102362204723 43.653543307086615 16.724409448818896 trop
295.37007874015745 239.81102362204723 76.53543307086615 16.724409448818896 éclectique
355.46456692913387 239.81102362204723 32.881889763779526 16.724409448818896 si
371.90551181102364 239.81102362204723 43.653543307086615 16.724409448818896 l’on
399.11811023622045 239.81102362204723 49.039370078740156 16.724409448818896 songe
432.0 239.81102362204723 38.267716535433074 16.724409448818896 que
453.8267716535433 239.81102362204723 38.267716535433074 16.724409448818896 ces
469.98425196850394 239.81102362204723 32.881889763779526 16.724409448818896 cind

111.96850393700787 253.41732283464566 70.58267716535433 17.007874015748033 peintres,
166.11023622047244 253.41732283464566 65.19685039370079 17.007874015748033 pourtant
215.1496062992126 253.41732283464566 43.37007874015748 17.007874015748033 très
242.36220472440945 253.41732283464566 81.35433070866142 17.007874015748033 différents,
307.2755905511811 253.41732283464566 43.37007874015748 17.007874015748033 sont
334.48818897637796 253.41732283464566 43.37007874015748 17.007874015748033 liés
361.7007874015748 253.41732283464566 37.98425196850393 17.007874015748033 par
383.5275590551181 253.41732283464566 37.98425196850393 17.007874015748033 une
405.07086614173227 253.41732283464566 43.37007874015748 17.007874015748033 même
432.2834645669291 253.41732283464566 70.58267716535433 17.007874015748033 recherche
481.03937007874015 253.41732283464566 21.826771653543307 17.007874015748033 de

112.53543307086615 267.87401574803147 89.00787401574803 15.307086614173228 renouvellement
186.51968503937007 267.87401574803147 29.763779527559056 15.307086614173228 et
201.54330708661416 267.87401574803147 98.92913385826772 15.307086614173228 d’enrichissement
285.4488188976378 267.87401574803147 29.763779527559056 15.307086614173228 du
300.4724409448819 267.87401574803147 59.24409448818898 15.307086614173228 langage.
344.9763779527559 267.87401574803147 34.58267716535433 15.307086614173228 Ils
364.53543307086613 267.87401574803147 74.26771653543307 15.307086614173228 contribuent
424.06299212598424 267.87401574803147 39.68503937007874 15.307086614173228 tous
448.7244094488189 267.87401574803147 24.661417322834644 15.307086614173228 à
453.8267716535433 267.87401574803147 49.32283464566929 15.307086614173228 l’édifie

112.53543307086615 282.61417322834643 54.14173228346457 15.023622047244094 cation
150.51968503937007 282.61417322834643 48.75590551181102 15.023622047244094 d’une
183.11811023622047 282.61417322834643 48.75590551181102 15.023622047244094 image
215.71653543307087 282.61417322834643 59.811023622047244 15.023622047244094 commune
259.0866141732283 282.61417322834643 32.59842519685039 15.023622047244094 de
275.244094488189 282.61417322834643 48.75590551181102 15.023622047244094 notre
307.84251968503935 282.61417322834643 70.58267716535433 15.023622047244094 condition
361.98425196850394 282.61417322834643 86.74015748031496 15.023622047244094 spirituelle,
427.18110236220474 282.61417322834643 75.96850393700787 15.023622047244094 caractérisée

112.81889763779527 298.7716535433071 32.881889763779526 14.456692913385826 par
131.81102362204723 298.7716535433071 28.346456692913385 14.456692913385826 le
145.98425196850394 298.7716535433071 51.874015748031496 14.456692913385826 conflit
183.68503937007873 298.7716535433071 28.346456692913385 14.456692913385826 le
197.5748031496063 298.7716535433071 37.7007874015748 14.456692913385826 plus
221.10236220472441 298.7716535433071 66.04724409448819 14.456692913385826 dramatique
272.9763779527559 298.7716535433071 47.05511811023622 14.456692913385826 qu’ait
305.8582677165354 298.7716535433071 37.7007874015748 14.456692913385826 vécu
329.38582677165357 298.7716535433071 70.58267716535433 14.456692913385826 l’histoire,
386.0787401574803 298.7716535433071 42.23622047244095 14.456692913385826 entre
414.1417322834646 298.7716535433071 28.346456692913385 14.456692913385826 le
428.31496062992125 298.7716535433071 42.23622047244095 14.456692913385826 monde
451.84251968503935 298.7716535433071 51.874015748031496 14.456692913385826 intérieur

112.25196850393701 310.96062992125985 29.19685039370079 16.724409448818896 et
126.70866141732283 310.96062992125985 29.19685039370079 16.724409448818896 le
141.4488188976378 310.96062992125985 43.93700787401575 16.724409448818896 monde
170.9291338582677 310.96062992125985 68.31496062992126 16.724409448818896 extérieur,
224.50393700787401 310.96062992125985 43.93700787401575 16.724409448818896 entre
253.98425196850394 310.96062992125985 34.2992125984252 16.724409448818896 les
273.54330708661416 310.96062992125985 53.85826771653543 16.724409448818896 valeurs
312.66141732283467 310.96062992125985 29.19685039370079 16.724409448818896 de
327.11811023622045 310.96062992125985 29.19685039370079 16.724409448818896 la
341.8582677165354 310.96062992125985 58.67716535433071 16.724409448818896 personne
385.79527559055117 310.96062992125985 53.85826771653543 16.724409448818896 humaine
424.9133858267717 310.96062992125985 29.19685039370079 16.724409448818896 et
434.8346456692913 310.96062992125985 68.31496062992126 16.724409448818896 l’aliénation

111.68503937007874 326.26771653543307 25.511811023622048 17.291338582677167 à
121.88976377952756 326.26771653543307 61.511811023622045 17.291338582677167 laquelle
168.09448818897638 326.26771653543307 40.818897637795274 17.291338582677167 nous
193.60629921259843 326.26771653543307 56.40944881889764 17.291338582677167 conduit
234.4251968503937 326.26771653543307 30.614173228346456 17.291338582677167 le
244.62992125984252 326.26771653543307 51.30708661417323 17.291338582677167 progrès.

409.03937007874015 558.1417322834645 63.496062992125985 20.976377952755904 Fortunato
452.9763779527559 558.1417322834645 53.85826771653543 20.976377952755904 Bellonzi.

126.14173228346456 601.511811023622 26.64566929133858 16.15748031496063 68
