515.3385826771654 622.7716535433071
63.77952755905512 4.251968503937008 63.77952755905512 18.992125984251967 LIBAN

162.99212598425197 119.33858267716535 66.33070866141732 23.244094488188978 Commissaire
216.0 119.33858267716535 48.47244094488189 23.244094488188978 Général
251.43307086614172 119.33858267716535 22.11023622047244 23.244094488188978 :
260.2204724409449 119.33858267716535 57.54330708661417 23.244094488188978 Joseph
304.4409448818898 119.33858267716535 35.43307086614173 23.244094488188978 Abou
322.01574803149606 119.33858267716535 44.22047244094488 23.244094488188978 Rizk

162.70866141732284 139.748031496063 43.37007874015748 12.188976377952756 Chef
189.63779527559055 139.748031496063 32.59842519685039 12.188976377952756 du
206.07874015748033 139.748031496063 81.35433070866142 12.188976377952756 Département
270.99212598425197 139.748031496063 37.98425196850393 12.188976377952756 des
287.43307086614175 139.748031496063 64.91338582677166 12.188976377952756 Beaux

162.99212598425197 140.31496062992127 28.913385826771652 24.094488188976378 au
177.4488188976378 140.31496062992127 62.645669291338585 24.094488188976378 Ministère
225.63779527559055 140.31496062992127 28.913385826771652 24.094488188976378 de
240.3779527559055 140.31496062992127 72.56692913385827 24.094488188976378 l’Education
298.20472440944883 140.31496062992127 62.645669291338585 24.094488188976378 Nationale
346.3937007874016 140.31496062992127 33.732283464566926 24.094488188976378 des
361.13385826771656 140.31496062992127 62.645669291338585 24.094488188976378 Beaux

119.62204724409449 224.50393700787401 30.614173228346456 22.677165354330707 Si
134.9291338582677 224.50393700787401 30.614173228346456 22.677165354330707 de
150.23622047244095 224.50393700787401 40.818897637795274 22.677165354330707 1959
175.748031496063 224.50393700787401 25.511811023622048 22.677165354330707 à
185.95275590551182 224.50393700787401 45.92125984251968 22.677165354330707 1961,
216.56692913385828 224.50393700787401 45.92125984251968 22.677165354330707 notre
246.89763779527559 224.50393700787401 61.22834645669291 22.677165354330707 peinture
292.81889763779526 224.50393700787401 35.71653543307087 22.677165354330707 n’a
313.2283464566929 224.50393700787401 35.71653543307087 22.677165354330707 pas
333.6377952755906 224.50393700787401 76.53543307086615 22.677165354330707 apparemment
394.86614173228344 224.50393700787401 51.023622047244096 22.677165354330707 changé
430.2992125984252 224.50393700787401 30.614173228346456 22.677165354330707 de
440.503937007874 224.50393700787401 61.22834645669291 22.677165354330707 caractère,

109.13385826771653 243.21259842519686 37.13385826771653 15.874015748031496 son
130.39370078740157 243.21259842519686 68.88188976377953 15.874015748031496 évolution
183.4015748031496 243.21259842519686 42.51968503937008 15.874015748031496 n’en
210.04724409448818 243.21259842519686 47.90551181102362 15.874015748031496 reste
241.79527559055117 243.21259842519686 37.13385826771653 15.874015748031496 pas
263.0551181102362 243.21259842519686 42.51968503937008 15.874015748031496 pour
289.7007874015748 243.21259842519686 53.00787401574803 15.874015748031496 autant
326.8346456692913 243.21259842519686 95.5275590551181 15.874015748031496 incontestable.
406.48818897637796 243.21259842519686 90.14173228346456 15.874015748031496 Consciemment,
475.37007874015745 243.21259842519686 26.64566929133858 15.874015748031496 nos

108.85039370078741 259.65354330708664 51.023622047244096 16.724409448818896 jeunes
144.56692913385828 259.65354330708664 61.22834645669291 16.724409448818896 peintres
190.77165354330708 259.65354330708664 30.614173228346456 16.724409448818896 se
206.07874015748033 259.65354330708664 40.818897637795274 16.724409448818896 sont
231.59055118110237 259.65354330708664 61.22834645669291 16.724409448818896 employés
277.51181102362204 259.65354330708664 45.92125984251968 16.724409448818896 entre
308.12598425196853 259.65354330708664 45.92125984251968 16.724409448818896 temps
339.0236220472441 259.65354330708664 25.511811023622048 16.724409448818896 à
349.2283464566929 259.65354330708664 71.71653543307086 16.724409448818896 développer
405.3543307086614 259.65354330708664 40.818897637795274 16.724409448818896 leur
430.86614173228344 259.65354330708664 76.81889763779527 16.724409448818896 expérience,
487.2755905511811 259.65354330708664 15.307086614173228 16.724409448818896 à

109.98425196850394 274.6771653543307 80.50393700787401 15.874015748031496 perfectionner
176.31496062992127 274.6771653543307 37.98425196850393 15.874015748031496 leur
200.1259842519685 274.6771653543307 61.511811023622045 15.874015748031496 technique
247.1811023622047 274.6771653543307 28.346456692913385 15.874015748031496 et
261.6377952755906 274.6771653543307 23.52755905511811 15.874015748031496 à
270.99212598425197 274.6771653543307 52.15748031496063 15.874015748031496 élargir
308.9763779527559 274.6771653543307 33.16535433070866 15.874015748031496 les
327.68503937007875 274.6771653543307 56.69291338582677 15.874015748031496 horizons
370.48818897637796 274.6771653543307 28.346456692913385 15.874015748031496 de
384.66141732283467 274.6771653543307 37.98425196850393 15.874015748031496 leur
408.18897637795277 274.6771653543307 52.15748031496063 15.874015748031496 vision.
441.3543307086614 274.6771653543307 61.511811023622045 15.874015748031496 Maintenant,

110.26771653543307 287.43307086614175 31.748031496062993 14.740157480314961 ils
128.40944881889763 287.43307086614175 36.0 14.740157480314961 sont
150.8031496062992 287.43307086614175 49.60629921259842 14.740157480314961 maîtres
187.08661417322836 287.43307086614175 27.212598425196852 14.740157480314961 de
200.69291338582678 287.43307086614175 36.0 14.740157480314961 leur
223.08661417322836 287.43307086614175 45.07086614173228 14.740157480314961 style.
254.83464566929135 287.43307086614175 40.53543307086614 14.740157480314961 S’ils
281.76377952755905 287.43307086614175 58.67716535433071 14.740157480314961 hésitent,
327.11811023622045 287.43307086614175 40.53543307086614 14.740157480314961 c’est
354.0472440944882 287.43307086614175 45.07086614173228 14.740157480314961 qu’ils
385.79527559055117 287.43307086614175 63.21259842519685 14.740157480314961 cherchent.
435.40157480314963 287.43307086614175 40.53543307086614 14.740157480314961 S’ils
458.0787401574803 287.43307086614175 45.07086614173228 14.740157480314961 imitent,

109.41732283464567 301.8897637795276 47.338582677165356 15.023622047244094 c’est
141.16535433070865 301.8897637795276 52.44094488188976 15.023622047244094 qu’ils
177.73228346456693 301.8897637795276 62.92913385826772 15.023622047244094 trouvent
225.0708661417323 301.8897637795276 41.95275590551181 15.023622047244094 dans
251.1496062992126 301.8897637795276 31.46456692913386 15.023622047244094 un
267.0236220472441 301.8897637795276 52.44094488188976 15.023622047244094 modèle
303.59055118110234 301.8897637795276 36.8503937007874 15.023622047244094 une
324.8503937007874 301.8897637795276 78.80314960629921 15.023622047244094 possibilité
387.7795275590551 301.8897637795276 31.46456692913386 15.023622047244094 de
403.37007874015745 301.8897637795276 83.90551181102362 15.023622047244094 dépassement.
466.2992125984252 301.8897637795276 36.8503937007874 15.023622047244094 Créer

109.98425196850394 316.06299212598424 31.181102362204726 17.291338582677167 de
125.5748031496063 316.06299212598424 62.07874015748032 17.291338582677167 nouveaux
172.06299212598427 316.06299212598424 46.488188976377955 17.291338582677167 modes
203.24409448818898 316.06299212598424 82.77165354330708 17.291338582677167 d’expression
270.4251968503937 316.06299212598424 46.488188976377955 17.291338582677167 n’est
301.6062992125984 316.06299212598424 36.28346456692913 17.291338582677167 pas
322.2992125984252 316.06299212598424 41.38582677165354 17.291338582677167 leur
348.09448818897636 316.06299212598424 46.488188976377955 17.291338582677167 souci
379.2755905511811 316.06299212598424 67.18110236220473 17.291338582677167 exclusif.
430.86614173228344 316.06299212598424 41.38582677165354 17.291338582677167 Etre
451.5590551181102 316.06299212598424 51.874015748031496 17.291338582677167 original

110.26771653543307 328.81889763779526 62.07874015748032 16.724409448818896 signifie
156.75590551181102 328.81889763779526 41.38582677165354 16.724409448818896 pour
182.83464566929135 328.81889763779526 36.28346456692913 16.724409448818896 eux
203.5275590551181 328.81889763779526 62.07874015748032 16.724409448818896 fouiller
250.01574803149606 328.81889763779526 98.36220472440945 16.724409448818896 silencieusement
333.07086614173227 328.81889763779526 36.28346456692913 16.724409448818896 les
353.76377952755905 328.81889763779526 77.66929133858268 16.724409448818896 profondeurs
415.84251968503935 328.81889763779526 31.181102362204726 16.724409448818896 de
431.43307086614175 328.81889763779526 31.181102362204726 16.724409448818896 la
441.9212598425197 328.81889763779526 62.07874015748032 16.724409448818896 conscience

109.98425196850394 344.12598425196853 58.67716535433071 15.874015748031496 humaine
152.78740157480314 344.12598425196853 32.031496062992126 15.874015748031496 en
168.66141732283464 344.12598425196853 37.41732283464567 15.874015748031496 vue
189.92125984251967 344.12598425196853 32.031496062992126 15.874015748031496 de
206.07874015748033 344.12598425196853 74.55118110236221 15.874015748031496 normaliser
264.4724409448819 344.12598425196853 37.41732283464567 15.874015748031496 ses
285.73228346456693 344.12598425196853 85.32283464566929 15.874015748031496 singularités
355.18110236220474 344.12598425196853 32.031496062992126 15.874015748031496 et
371.0551181102362 344.12598425196853 32.031496062992126 15.874015748031496 de
387.21259842519686 344.12598425196853 37.41732283464567 15.874015748031496 les
408.4724409448819 344.12598425196853 53.29133858267716 15.874015748031496 rendre
440.2204724409449 344.12598425196853 64.06299212598425 15.874015748031496 facilement

109.98425196850394 359.43307086614175 96.09448818897638 15.874015748031496 communicables.
189.92125984251967 359.43307086614175 32.031496062992126 15.874015748031496 Le
206.07874015748033 359.43307086614175 58.67716535433071 15.874015748031496 langage
248.5984251968504 359.43307086614175 32.031496062992126 15.874015748031496 de
264.755905511811 359.43307086614175 37.41732283464567 15.874015748031496 nos
286.01574803149606 359.43307086614175 64.06299212598425 15.874015748031496 peintres
333.9212598425197 359.43307086614175 37.41732283464567 15.874015748031496 est
355.18110236220474 359.43307086614175 32.031496062992126 15.874015748031496 un
371.33858267716533 359.43307086614175 58.67716535433071 15.874015748031496 langage
413.8582677165354 359.43307086614175 58.67716535433071 15.874015748031496 simple.
456.66141732283467 359.43307086614175 47.90551181102362 15.874015748031496 Point
483.3070866141732 359.43307086614175 21.25984251968504 15.874015748031496 de

110.26771653543307 374.45669291338584 84.18897637795276 16.15748031496063 prédilection
178.86614173228347 374.45669291338584 42.23622047244095 16.15748031496063 chez
205.22834645669292 374.45669291338584 36.8503937007874 16.15748031496063 eux
226.20472440944883 374.45669291338584 42.23622047244095 16.15748031496063 pour
252.56692913385828 374.45669291338584 36.8503937007874 16.15748031496063 une
273.54330708661416 374.45669291338584 73.7007874015748 16.15748031496063 expression
331.37007874015745 374.45669291338584 79.08661417322834 16.15748031496063 occidentale
394.5826771653543 374.45669291338584 31.46456692913386 16.15748031496063 ou
410.45669291338584 374.45669291338584 73.7007874015748 16.15748031496063 orientale.
462.8976377952756 374.45669291338584 42.23622047244095 16.15748031496063 Jouant

110.26771653543307 388.06299212598424 39.968503937007874 14.456692913385826 avec
135.49606299212599 388.06299212598424 34.86614173228347 14.456692913385826 une
155.33858267716536 388.06299212598424 45.07086614173228 14.456692913385826 égale
185.38582677165354 388.06299212598424 60.09448818897638 14.456692913385826 maîtrise
230.17322834645668 388.06299212598424 34.86614173228347 14.456692913385826 sur
250.29921259842519 388.06299212598424 34.86614173228347 14.456692913385826 les
270.1417322834646 388.06299212598424 39.968503937007874 14.456692913385826 deux
295.37007874015745 388.06299212598424 54.99212598425197 14.456692913385826 gammes,
335.33858267716533 388.06299212598424 34.86614173228347 14.456692913385826 ils
355.18110236220474 388.06299212598424 74.83464566929133 14.456692913385826 réussissent
415.2755905511811 388.06299212598424 60.09448818897638 14.456692913385826 toujours
460.06299212598424 388.06299212598424 24.944881889763778 14.456692913385826 à
465.1653543307087 388.06299212598424 39.968503937007874 14.456692913385826 rendre

111.11811023622047 402.8031496062992 34.58267716535433 16.724409448818896 les
130.6771653543307 402.8031496062992 54.14173228346457 16.724409448818896 nuances
170.07874015748033 402.8031496062992 34.58267716535433 16.724409448818896 les
189.92125984251967 402.8031496062992 39.40157480314961 16.724409448818896 plus
214.58267716535434 402.8031496062992 88.7244094488189 16.724409448818896 imperceptibles
288.56692913385825 402.8031496062992 29.480314960629922 16.724409448818896 de
303.3070866141732 402.8031496062992 39.40157480314961 16.724409448818896 leur
327.9685039370079 402.8031496062992 78.80314960629921 16.724409448818896 sensibilité.
392.0314960629921 402.8031496062992 44.503937007874015 16.724409448818896 C’est
421.51181102362204 402.8031496062992 54.14173228346457 16.724409448818896 surtout
460.9133858267717 402.8031496062992 39.40157480314961 16.724409448818896 dans
480.755905511811 402.8031496062992 24.661417322834644 16.724409448818896 les

110.83464566929133 417.54330708661416 94.67716535433071 17.5748031496063 développements
189.92125984251967 417.54330708661416 73.7007874015748 17.5748031496063 mystérieux
248.03149606299212 417.54330708661416 31.46456692913386 17.5748031496063 de
263.62204724409446 417.54330708661416 47.338582677165356 17.5748031496063 leurs
295.37007874015745 417.54330708661416 52.724409448818896 17.5748031496063 œuvres
332.2204724409449 417.54330708661416 47.338582677165356 17.5748031496063 qu’il
363.68503937007875 417.54330708661416 63.21259842519685 17.5748031496063 faudrait
411.3070866141732 417.54330708661416 36.8503937007874 17.5748031496063 les
432.2834645669291 417.54330708661416 73.7007874015748 17.5748031496063 comprendre
485.00787401574803 417.54330708661416 20.976377952755904 17.5748031496063 et

111.4015748031496 432.2834645669291 64.91338582677166 15.874015748031496 peut-être
161.5748031496063 432.2834645669291 39.968503937007874 15.874015748031496 plus
186.51968503937007 432.2834645669291 100.06299212598425 15.874015748031496 particulièrement
271.2755905511811 432.2834645669291 39.968503937007874 15.874015748031496 dans
296.503937007874 432.2834645669291 79.93700787401575 15.874015748031496 l’élasticité
361.4173228346457 432.2834645669291 34.86614173228347 15.874015748031496 des
381.25984251968504 432.2834645669291 70.01574803149606 15.874015748031496 dimensions
431.43307086614175 432.2834645669291 74.83464566929133 15.874015748031496 métaphysiques

111.4015748031496 446.74015748031496 31.181102362204726 16.724409448818896 de
126.99212598425197 446.74015748031496 41.669291338582674 16.724409448818896 leur
147.68503937007873 446.74015748031496 51.874015748031496 16.724409448818896 univers.

406.48818897637796 551.0551181102362 56.69291338582677 20.409448818897637 Joseph
446.1732283464567 551.0551181102362 45.354330708661415 20.409448818897637 Abou
468.8503937007874 551.0551181102362 39.68503937007874 20.409448818897637 Rizk.

125.85826771653544 597.5433070866142 27.77952755905512 15.874015748031496 74
