515.3385826771654 625.6062992125984
74.55118110236221 3.6850393700787403 73.98425196850394 18.708661417322833 ISRAEL

171.21259842519686 122.1732283464567 64.62992125984252 17.291338582677167 Commissaire
222.8031496062992 122.1732283464567 47.338582677165356 17.291338582677167 Général
257.38582677165357 122.1732283464567 21.543307086614174 17.291338582677167 :
265.8897637795276 122.1732283464567 47.338582677165356 17.291338582677167 Haïm
296.2204724409449 122.1732283464567 47.338582677165356 17.291338582677167 Gamzu

170.9291338582677 134.64566929133858 72.85039370078741 18.141732283464567 Commissaire
229.03937007874015 134.64566929133858 38.83464566929134 18.141732283464567 pour
253.41732283464566 134.64566929133858 34.01574803149607 18.141732283464567 les
272.6929133858268 134.64566929133858 72.85039370078741 18.141732283464567 Expositions
326.26771653543307 134.64566929133858 87.30708661417323 18.141732283464567 Internationales.

125.29133858267717 216.0 34.86614173228347 24.094488188976378 Les
145.41732283464566 216.0 34.86614173228347 24.094488188976378 dix
165.25984251968504 216.0 49.60629921259842 24.094488188976378 jeunes
199.84251968503938 216.0 59.52755905511811 24.094488188976378 artistes
244.62992125984252 216.0 49.60629921259842 24.094488188976378 réunis
279.21259842519686 216.0 39.68503937007874 24.094488188976378 dans
304.15748031496065 216.0 29.763779527559056 24.094488188976378 la
318.8976377952756 216.0 54.70866141732284 24.094488188976378 section
358.5826771653543 216.0 74.55118110236221 24.094488188976378 israélienne
418.1102362204724 216.0 44.78740157480315 24.094488188976378 sont,
447.87401574803147 216.0 29.763779527559056 24.094488188976378 en
457.79527559055117 216.0 44.78740157480315 24.094488188976378 quelqte

115.08661417322834 231.0236220472441 47.90551181102362 22.96062992125984 sorte,
148.53543307086613 231.0236220472441 28.62992125984252 22.96062992125984 le
162.99212598425197 231.0236220472441 47.90551181102362 22.96062992125984 reflet
196.44094488188978 231.0236220472441 28.62992125984252 22.96062992125984 de
210.89763779527559 231.0236220472441 28.62992125984252 22.96062992125984 la
225.0708661417323 231.0236220472441 52.724409448818896 22.96062992125984 réalité
263.33858267716533 231.0236220472441 52.724409448818896 22.96062992125984 humaine
301.6062992125984 231.0236220472441 28.62992125984252 22.96062992125984 de
316.06299212598424 231.0236220472441 43.08661417322835 22.96062992125984 notre
344.6929133858268 231.0236220472441 43.08661417322835 22.96062992125984 pays.
373.3228346456693 231.0236220472441 28.62992125984252 22.96062992125984 Il
387.7795275590551 231.0236220472441 47.90551181102362 22.96062992125984 suffit
421.2283464566929 231.0236220472441 28.62992125984252 22.96062992125984 de
435.68503937007875 231.0236220472441 43.08661417322835 22.96062992125984 jeter
464.31496062992125 231.0236220472441 28.62992125984252 22.96062992125984 un
473.9527559055118 231.0236220472441 28.62992125984252 22.96062992125984 coup

114.51968503937007 248.31496062992127 45.354330708661415 17.291338582677167 d’œil
144.8503937007874 248.31496062992127 35.1496062992126 17.291338582677167 sur
164.9763779527559 248.31496062992127 45.354330708661415 17.291338582677167 leurs
195.30708661417322 248.31496062992127 45.354330708661415 17.291338582677167 actes
225.35433070866142 248.31496062992127 30.330708661417322 17.291338582677167 de
240.66141732283464 248.31496062992127 65.48031496062993 17.291338582677167 naissance
290.8346456692913 248.31496062992127 40.25196850393701 17.291338582677167 pour
316.06299212598424 248.31496062992127 65.48031496062993 17.291338582677167 constater
366.5196850393701 248.31496062992127 35.1496062992126 17.291338582677167 que
386.6456692913386 248.31496062992127 40.25196850393701 17.291338582677167 leur
411.87401574803147 248.31496062992127 55.55905511811024 17.291338582677167 enfance
452.12598425196853 248.31496062992127 25.228346456692915 17.291338582677167 a
457.2283464566929 248.31496062992127 45.354330708661415 17.291338582677167 respiré

114.51968503937007 261.3543307086614 45.92125984251968 18.708661417322833 l’air
145.13385826771653 261.3543307086614 35.71653543307087 18.708661417322833 des
165.54330708661416 261.3543307086614 40.818897637795274 18.708661417322833 pays
191.0551181102362 261.3543307086614 51.023622047244096 18.708661417322833 autres
226.77165354330708 261.3543307086614 35.71653543307087 18.708661417322833 que
247.1811023622047 261.3543307086614 66.33070866141732 18.708661417322833 l’Israël.
298.20472440944883 261.3543307086614 30.614173228346456 18.708661417322833 On
313.79527559055117 261.3543307086614 61.22834645669291 18.708661417322833 trouvera
359.7165354330709 261.3543307086614 40.818897637795274 18.708661417322833 dans
385.2283464566929 261.3543307086614 30.614173228346456 18.708661417322833 la
400.53543307086613 261.3543307086614 56.125984251968504 18.708661417322833 section
436.251968503937 261.3543307086614 66.33070866141732 18.708661417322833 israélienne

113.95275590551181 275.244094488189 36.28346456692913 20.976377952755904 Mme
134.64566929133858 275.244094488189 51.874015748031496 20.976377952755904 Audrey
170.9291338582677 275.244094488189 62.07874015748032 20.976377952755904 Bergner,
217.41732283464566 275.244094488189 36.28346456692913 20.976377952755904 née
238.39370078740157 275.244094488189 31.181102362204726 20.976377952755904 en
253.70078740157481 275.244094488189 72.56692913385827 20.976377952755904 Australie,
310.96062992125985 275.244094488189 31.181102362204726 20.976377952755904 et
326.26771653543307 275.244094488189 36.28346456692913 20.976377952755904 MM.
346.96062992125985 275.244094488189 56.976377952755904 20.976377952755904 Cassos,
388.62992125984255 275.244094488189 31.181102362204726 20.976377952755904 né
404.2204724409449 275.244094488189 31.181102362204726 20.976377952755904 au
419.5275590551181 275.244094488189 51.874015748031496 20.976377952755904 Maroc;
450.70866141732284 275.244094488189 51.874015748031496 20.976377952755904 Méchulan

113.38582677165354 290.5511811023622 30.330708661417322 19.559055118110237 et
128.69291338582678 290.5511811023622 55.55905511811024 19.559055118110237 Moréno,
168.9448818897638 290.5511811023622 35.43307086614173 19.559055118110237 nés
189.35433070866142 290.5511811023622 30.330708661417322 19.559055118110237 en
204.3779527559055 290.5511811023622 65.76377952755905 19.559055118110237 Bulgarie;
254.83464566929135 290.5511811023622 55.55905511811024 19.559055118110237 Neiman,
295.37007874015745 290.5511811023622 30.330708661417322 19.559055118110237 né
310.6771653543307 290.5511811023622 30.330708661417322 19.559055118110237 en
325.7007874015748 290.5511811023622 60.661417322834644 19.559055118110237 Pologne;
371.0551181102362 290.5511811023622 50.45669291338583 19.559055118110237 Segré,
406.48818897637796 290.5511811023622 30.330708661417322 19.559055118110237 en
421.79527559055117 290.5511811023622 55.55905511811024 19.559055118110237 Italie;
457.2283464566929 290.5511811023622 45.354330708661415 19.559055118110237 Scheps.

113.10236220472441 303.87401574803147 32.881889763779526 21.543307086614174 en
129.54330708661416 303.87401574803147 60.37795275590551 21.543307086614174 Suisse;
173.48031496062993 303.87401574803147 65.76377952755905 21.543307086614174 Salomon,
222.8031496062992 303.87401574803147 32.881889763779526 21.543307086614174 en
239.24409448818898 303.87401574803147 71.43307086614173 21.543307086614174 Roumanie;
294.23622047244095 303.87401574803147 54.99212598425197 21.543307086614174 Bacon,
332.503937007874 303.87401574803147 32.881889763779526 21.543307086614174 en
349.2283464566929 303.87401574803147 104.31496062992126 21.543307086614174 Tchécoslovaquie
437.1023622047244 303.87401574803147 32.881889763779526 21.543307086614174 et
453.54330708661416 303.87401574803147 49.32283464566929 21.543307086614174 Katz,
481.03937007874015 303.87401574803147 21.826771653543307 21.543307086614174 en

113.10236220472441 321.4488188976378 66.61417322834646 15.874015748031496 Autriche.
164.40944881889763 321.4488188976378 36.0 15.874015748031496 Ces
184.8188976377953 321.4488188976378 36.0 15.874015748031496 dix
205.51181102362204 321.4488188976378 51.30708661417323 15.874015748031496 jeunes
241.51181102362204 321.4488188976378 61.511811023622045 15.874015748031496 peintres
287.7165354330709 321.4488188976378 77.10236220472441 15.874015748031496 constituent
349.2283464566929 321.4488188976378 46.20472440944882 15.874015748031496 donc,
379.84251968503935 321.4488188976378 30.89763779527559 15.874015748031496 en
395.43307086614175 321.4488188976378 71.71653543307086 15.874015748031496 eux-mêmes,
451.84251968503935 321.4488188976378 36.0 15.874015748031496 une
467.1496062992126 321.4488188976378 36.0 15.874015748031496 sorte

112.81889763779527 334.48818897637796 56.976377952755904 20.976377952755904 d’Israël
155.6220472440945 334.48818897637796 28.62992125984252 20.976377952755904 en
170.07874015748033 334.48818897637796 66.61417322834646 20.976377952755904 miniature,
222.23622047244095 334.48818897637796 28.62992125984252 20.976377952755904 où
236.69291338582678 334.48818897637796 76.25196850393701 20.976377952755904 fraternisent
298.48818897637796 334.48818897637796 56.976377952755904 20.976377952755904 diverses
341.29133858267716 334.48818897637796 56.976377952755904 20.976377952755904 origines
384.09448818897636 334.48818897637796 61.79527559055118 20.976377952755904 ethniques
431.7165354330709 334.48818897637796 28.62992125984252 20.976377952755904 et
441.3543307086614 334.48818897637796 61.79527559055118 20.976377952755904 religieuses

112.25196850393701 348.37795275590554 31.181102362204726 18.992125984251967 et
127.84251968503936 348.37795275590554 52.15748031496063 18.992125984251967 divers
164.1259842519685 348.37795275590554 62.36220472440945 18.992125984251967 systèmes
210.89763779527559 348.37795275590554 83.33858267716535 18.992125984251967 esthétiques,
278.6456692913386 348.37795275590554 72.85039370078741 18.992125984251967 figuratifs
335.90551181102364 348.37795275590554 31.181102362204726 18.992125984251967 et
346.3937007874016 348.37795275590554 62.36220472440945 18.992125984251967 abstraits.

122.45669291338582 359.1496062992126 34.58267716535433 27.212598425196852 Ils
142.01574803149606 359.1496062992126 39.68503937007874 27.212598425196852 sont
166.96062992125985 359.1496062992126 34.58267716535433 27.212598425196852 nés
186.8031496062992 359.1496062992126 64.34645669291339 27.212598425196852 ailleurs,
236.1259842519685 359.1496062992126 39.68503937007874 27.212598425196852 mais
261.07086614173227 359.1496062992126 54.425196850393704 27.212598425196852 presque
300.755905511811 359.1496062992126 39.68503937007874 27.212598425196852 tous
325.4173228346457 359.1496062992126 34.58267716535433 27.212598425196852 ont
345.25984251968504 359.1496062992126 34.58267716535433 27.212598425196852 été
365.1023622047244 359.1496062992126 49.60629921259842 27.212598425196852 formés
399.68503937007875 359.1496062992126 29.763779527559056 27.212598425196852 en
414.4251968503937 359.1496062992126 54.425196850393704 27.212598425196852 Israël,
454.1102362204724 359.1496062992126 39.68503937007874 27.212598425196852 dont
473.9527559055118 359.1496062992126 29.763779527559056 27.212598425196852 l’at

111.96850393700787 376.15748031496065 30.614173228346456 21.826771653543307 de
127.2755905511811 376.15748031496065 35.71653543307087 21.826771653543307 ces
147.68503937007873 376.15748031496065 66.04724409448819 21.826771653543307 dernières
198.4251968503937 376.15748031496065 45.92125984251968 21.826771653543307 trois
229.03937007874015 376.15748031496065 66.04724409448819 21.826771653543307 décennies
279.7795275590551 376.15748031496065 45.92125984251968 21.826771653543307 s’est
310.3937007874016 376.15748031496065 55.84251968503937 21.826771653543307 épanoui
351.21259842519686 376.15748031496065 40.818897637795274 21.826771653543307 sous
376.4409448818898 376.15748031496065 30.614173228346456 21.826771653543307 le
391.748031496063 376.15748031496065 45.92125984251968 21.826771653543307 signe
422.3622047244094 376.15748031496065 30.614173228346456 21.826771653543307 de
437.6692913385827 376.15748031496065 50.74015748031496 21.826771653543307 Paris.
468.0 376.15748031496065 35.71653543307087 21.826771653543307 Ainsi

111.4015748031496 392.88188976377955 62.645669291338585 20.125984251968504 sont-ils
158.17322834645668 392.88188976377955 73.13385826771653 20.125984251968504 conscients
215.71653543307087 392.88188976377955 36.56692913385827 20.125984251968504 des
236.69291338582678 392.88188976377955 73.13385826771653 20.125984251968504 recherches
294.23622047244095 392.88188976377955 78.23622047244095 20.125984251968504 esthétiques
356.88188976377955 392.88188976377955 36.56692913385827 20.125984251968504 les
377.8582677165354 392.88188976377955 41.669291338582674 20.125984251968504 plus
403.93700787401576 392.88188976377955 68.03149606299213 20.125984251968504 récentes,
456.09448818897636 392.88188976377955 47.05511811023622 20.125984251968504 ayant
482.1732283464567 392.88188976377955 20.976377952755904 20.125984251968504 éé

111.96850393700787 404.503937007874 33.732283464566926 23.52755905511811 les
131.24409448818898 404.503937007874 62.92913385826772 23.52755905511811 disciples
179.71653543307087 404.503937007874 28.913385826771652 23.52755905511811 de
194.17322834645668 404.503937007874 43.653543307086615 23.52755905511811 ceux,
223.08661417322836 404.503937007874 43.653543307086615 23.52755905511811 parmi
252.28346456692913 404.503937007874 43.653543307086615 23.52755905511811 leurs
281.1968503937008 404.503937007874 48.47244094488189 23.52755905511811 aînés,
315.21259842519686 404.503937007874 33.732283464566926 23.52755905511811 qui
334.48818897637796 404.503937007874 28.913385826771652 23.52755905511811 se
348.9448818897638 404.503937007874 38.83464566929134 23.52755905511811 sont
373.03937007874015 404.503937007874 58.110236220472444 23.52755905511811 inspirés
416.6929133858268 404.503937007874 33.732283464566926 23.52755905511811 des
431.1496062992126 404.503937007874 72.56692913385827 23.52755905511811 chefs

111.96850393700787 420.66141732283467 28.62992125984252 20.69291338582677 de
126.4251968503937 420.66141732283467 28.62992125984252 20.69291338582677 la
140.5984251968504 420.66141732283467 57.25984251968504 20.69291338582677 peinture
183.68503937007873 420.66141732283467 66.89763779527559 20.69291338582677 française,
236.1259842519685 420.66141732283467 38.267716535433074 20.69291338582677 mais
260.2204724409449 420.66141732283467 43.08661417322835 20.69291338582677 aussi
288.8503937007874 420.66141732283467 43.08661417322835 20.69291338582677 grâce
317.4803149606299 420.66141732283467 28.62992125984252 20.69291338582677 au
331.65354330708664 420.66141732283467 52.44094488188976 20.69291338582677 contact
369.9212598425197 420.66141732283467 47.90551181102362 20.69291338582677 direct
403.37007874015745 420.66141732283467 38.267716535433074 20.69291338582677 avec
427.18110236220474 420.66141732283467 33.44881889763779 20.69291338582677 les
441.6377952755906 420.66141732283467 62.07874015748032 20.69291338582677 différentes

109.98425196850394 433.13385826771656 69.16535433070867 19.84251968503937 tendances
163.2755905511811 433.13385826771656 32.031496062992126 19.84251968503937 de
179.1496062992126 433.13385826771656 47.90551181102362 19.84251968503937 l’art
211.1811023622047 433.13385826771656 32.031496062992126 19.84251968503937 de
227.0551181102362 433.13385826771656 37.13385826771653 19.84251968503937 nos
248.31496062992127 433.13385826771656 53.29133858267716 19.84251968503937 jours,
285.73228346456693 433.13385826771656 37.13385826771653 19.84251968503937 par
306.99212598425197 433.13385826771656 32.031496062992126 19.84251968503937 de
322.86614173228344 433.13385826771656 74.55118110236221 19.84251968503937 fréquentes
381.25984251968504 433.13385826771656 58.39370078740158 19.84251968503937 visites
423.7795275590551 433.13385826771656 32.031496062992126 19.84251968503937 et
439.93700787401576 433.13385826771656 37.13385826771653 19.84251968503937 des
455.81102362204723 433.13385826771656 47.90551181102362 19.84251968503937 séjours

110.55118110236221 446.1732283464567 73.98425196850394 18.708661417322833 prolongés
167.5275590551181 446.1732283464567 28.62992125984252 18.708661417322833 à
173.1968503937008 446.1732283464567 45.63779527559055 18.708661417322833 Paris.

121.32283464566929 462.0472440944882 28.62992125984252 21.826771653543307 Le
135.7795275590551 462.0472440944882 57.25984251968504 21.826771653543307 visiteur
178.86614173228347 462.0472440944882 52.724409448818896 21.826771653543307 éclairé
217.13385826771653 462.0472440944882 28.62992125984252 21.826771653543307 de
231.30708661417322 462.0472440944882 43.08661417322835 21.826771653543307 cette
259.93700787401576 462.0472440944882 57.25984251968504 21.826771653543307 Biennale
303.0236220472441 462.0472440944882 57.25984251968504 21.826771653543307 décèlera
346.1102362204724 462.0472440944882 38.267716535433074 21.826771653543307 sans
370.20472440944883 462.0472440944882 43.08661417322835 21.826771653543307 peine
398.8346456692913 462.0472440944882 33.44881889763779 21.826771653543307 les
417.8267716535433 462.0472440944882 43.08661417322835 21.826771653543307 liens
446.74015748031496 462.0472440944882 33.44881889763779 21.826771653543307 qui
460.9133858267717 462.0472440944882 43.08661417322835 21.826771653543307 relient

110.83464566929133 478.20472440944883 35.43307086614173 22.393700787401574 ces
130.96062992125985 478.20472440944883 50.45669291338583 22.393700787401574 jeunes
166.39370078740157 478.20472440944883 25.228346456692915 22.393700787401574 à
176.5984251968504 478.20472440944883 45.354330708661415 22.393700787401574 leurs
206.64566929133858 478.20472440944883 55.55905511811024 22.393700787401574 sources
247.1811023622047 478.20472440944883 90.70866141732283 22.393700787401574 d’inspiration,
322.86614173228344 478.20472440944883 35.43307086614173 22.393700787401574 aux
342.99212598425197 478.20472440944883 60.661417322834644 22.393700787401574 parentés
388.34645669291336 478.20472440944883 85.88976377952756 22.393700787401574 spirituelles.
459.21259842519686 478.20472440944883 30.330708661417322 22.393700787401574 Il
474.23622047244095 478.20472440944883 35.43307086614173 22.393700787401574 est
489.54330708661416 478.20472440944883 15.023622047244094 22.393700787401574 à

110.83464566929133 494.3622047244094 54.14173228346457 20.69291338582677 espérer
150.23622047244095 494.3622047244094 44.22047244094488 20.69291338582677 qu’il
179.71653543307087 494.3622047244094 68.88188976377953 20.69291338582677 parviendra
233.85826771653544 494.3622047244094 44.22047244094488 20.69291338582677 aussi
263.33858267716533 494.3622047244094 24.661417322834644 20.69291338582677 à
273.25984251968504 494.3622047244094 64.06299212598425 20.69291338582677 découvrir
322.2992125984252 494.3622047244094 34.58267716535433 20.69291338582677 les
342.1417322834646 494.3622047244094 58.960629921259844 20.69291338582677 éléments
386.3622047244094 494.3622047244094 64.06299212598425 20.69291338582677 originaux
435.68503937007875 494.3622047244094 29.480314960629922 20.69291338582677 de
450.4251968503937 494.3622047244094 29.480314960629922 20.69291338582677 la
460.34645669291336 494.3622047244094 44.22047244094488 20.69291338582677 person-

110.83464566929133 506.8346456692913 53.29133858267716 22.393700787401574 nalité
148.251968503937 506.8346456692913 32.031496062992126 22.393700787401574 de
164.1259842519685 506.8346456692913 53.29133858267716 22.393700787401574 chaque
201.25984251968504 506.8346456692913 58.39370078740158 22.393700787401574 artiste
243.7795275590551 506.8346456692913 37.13385826771653 22.393700787401574 qui
265.03937007874015 506.8346456692913 42.51968503937008 22.393700787401574 s’en
291.68503937007875 506.8346456692913 58.39370078740158 22.393700787401574 dégage.
334.20472440944883 506.8346456692913 37.13385826771653 22.393700787401574 Ces
355.748031496063 506.8346456692913 63.77952755905512 22.393700787401574 éléments
403.37007874015745 506.8346456692913 47.90551181102362 22.393700787401574 n’ont
435.40157480314963 506.8346456692913 69.16535433070867 22.393700787401574 nullement
483.3070866141732 506.8346456692913 21.25984251968504 22.393700787401574 la

111.11811023622047 518.7401574803149 68.88188976377953 24.37795275590551 prétention
164.9763779527559 518.7401574803149 29.480314960629922 24.37795275590551 de
179.71653543307087 518.7401574803149 73.7007874015748 24.37795275590551 représenter
238.96062992125985 518.7401574803149 34.2992125984252 24.37795275590551 des
258.5196850393701 518.7401574803149 78.51968503937007 24.37795275590551 échantillons
322.2992125984252 518.7401574803149 29.480314960629922 24.37795275590551 de
337.03937007874015 518.7401574803149 63.77952755905512 24.37795275590551 l’essence
386.3622047244094 518.7401574803149 73.7007874015748 24.37795275590551 pittoresque
445.3228346456693 518.7401574803149 29.480314960629922 24.37795275590551 de
455.244094488189 518.7401574803149 49.039370078740156 24.37795275590551 l’Israël

110.83464566929133 535.1811023622047 28.062992125984252 20.125984251968504 où
125.00787401574803 535.1811023622047 28.062992125984252 20.125984251968504 le
139.1811023622047 535.1811023622047 51.59055118110236 20.125984251968504 divorce
176.5984251968504 535.1811023622047 42.23622047244095 20.125984251968504 entre
204.66141732283464 535.1811023622047 28.062992125984252 20.125984251968504 la
218.5511811023622 535.1811023622047 42.23622047244095 20.125984251968504 jeune
246.89763779527559 535.1811023622047 65.48031496062993 20.125984251968504 génération
298.20472440944883 535.1811023622047 28.062992125984252 20.125984251968504 et
312.37795275590554 535.1811023622047 28.062992125984252 20.125984251968504 la
326.26771653543307 535.1811023622047 84.18897637795276 20.125984251968504 représentation
396.56692913385825 535.1811023622047 65.48031496062993 20.125984251968504 figurative
448.15748031496065 535.1811023622047 32.881889763779526 20.125984251968504 est
462.0472440944882 535.1811023622047 42.23622047244095 20.125984251968504 actuel-

110.83464566929133 547.9370078740158 48.75590551181102 22.96062992125984 lement
144.8503937007874 547.9370078740158 53.574803149606296 22.96062992125984 presque
183.96850393700788 547.9370078740158 48.75590551181102 22.96062992125984 total.
217.98425196850394 547.9370078740158 29.19685039370079 22.96062992125984 Il
232.7244094488189 547.9370078740158 29.19685039370079 22.96062992125984 ne
247.1811023622047 547.9370078740158 48.75590551181102 22.96062992125984 s’agit
281.1968503937008 547.9370078740158 34.01574803149607 22.96062992125984 pas
300.755905511811 547.9370078740158 34.01574803149607 22.96062992125984 ici
320.31496062992125 547.9370078740158 29.19685039370079 22.96062992125984 de
334.7716535433071 547.9370078740158 53.574803149606296 22.96062992125984 prendre
373.8897637795276 547.9370078740158 43.93700787401575 22.96062992125984 parti
403.0866141732283 547.9370078740158 39.118110236220474 22.96062992125984 pour
427.46456692913387 547.9370078740158 29.19685039370079 22.96062992125984 ou
442.20472440944883 547.9370078740158 53.574803149606296 22.96062992125984 contre,
476.2204724409449 547.9370078740158 29.19685039370079 22.96062992125984 mais

122.1732283464567 587.0551181102362 27.77952755905512 22.11023622047244 64
