515.3385826771654 625.6062992125984
34.86614173228347 2.5511811023622046 133.22834645669292 25.228346456692915 RÉPUBLIQUE
144.56692913385828 2.5511811023622046 94.11023622047244 25.228346456692915 FÉDÉRALE
207.21259842519686 2.5511811023622046 133.22834645669292 25.228346456692915 D’ALLEMAGNE

87.02362204724409 26.929133858267715 52.15748031496063 26.929133858267715 Seuls,
123.59055118110236 26.929133858267715 36.56692913385827 26.929133858267715 peu
144.28346456692913 26.929133858267715 31.46456692913386 26.929133858267715 de
159.8740157480315 26.929133858267715 52.15748031496063 26.929133858267715 jeunes
196.44094488188978 26.929133858267715 62.645669291338585 26.929133858267715 artistes
243.49606299212599 26.929133858267715 67.74803149606299 26.929133858267715 allemands
295.65354330708664 26.929133858267715 73.13385826771653 26.929133858267715 s’essayent
353.1968503937008 26.929133858267715 36.56692913385827 26.929133858267715 sur
374.1732283464567 26.929133858267715 31.46456692913386 26.929133858267715 le
389.76377952755905 26.929133858267715 41.669291338582674 26.929133858267715 plan
415.84251968503935 26.929133858267715 31.46456692913386 26.929133858267715 de
431.43307086614175 26.929133858267715 31.46456692913386 26.929133858267715 la
441.9212598425197 26.929133858267715 36.56692913385827 26.929133858267715 forme

78.51968503937007 49.32283464566929 45.07086614173228 17.007874015748033 libre
108.56692913385827 49.32283464566929 30.04724409448819 17.007874015748033 et
123.59055118110236 49.32283464566929 30.04724409448819 17.007874015748033 de
138.61417322834646 49.32283464566929 30.04724409448819 17.007874015748033 la
153.63779527559055 49.32283464566929 54.99212598425197 17.007874015748033 couleur
193.60629921259843 49.32283464566929 49.889763779527556 17.007874015748033 libre,
228.75590551181102 49.32283464566929 75.11811023622047 17.007874015748033 mouvementée
288.8503937007874 49.32283464566929 30.04724409448819 17.007874015748033 et
298.7716535433071 49.32283464566929 54.99212598425197 17.007874015748033 vibrante.

87.59055118110236 69.44881889763779 39.68503937007874 14.740157480314961 Otto
112.25196850393701 69.44881889763779 44.503937007874015 14.740157480314961 Piene
142.01574803149606 69.44881889763779 44.503937007874015 14.740157480314961 peint
171.7795275590551 69.44881889763779 34.58267716535433 14.740157480314961 ses
191.33858267716536 69.44881889763779 59.52755905511811 14.740157480314961 tableaux
236.1259842519685 69.44881889763779 39.68503937007874 14.740157480314961 avec
260.78740157480314 69.44881889763779 29.763779527559056 14.740157480314961 la
275.81102362204723 69.44881889763779 44.503937007874015 14.740157480314961 fumée
305.29133858267716 69.44881889763779 29.763779527559056 14.740157480314961 et
320.31496062992125 69.44881889763779 29.763779527559056 14.740157480314961 la
335.0551181102362 69.44881889763779 39.68503937007874 14.740157480314961 suie
360.0 69.44881889763779 44.503937007874015 14.740157480314961 d’une
389.4803149606299 69.44881889763779 54.425196850393704 14.740157480314961 bougie.
424.34645669291336 69.44881889763779 54.425196850393704 14.740157480314961 Resserre-

79.37007874015748 81.35433070866142 43.37007874015748 15.590551181102363 ment
106.2992125984252 81.35433070866142 32.31496062992126 15.590551181102363 et
122.45669291338582 81.35433070866142 70.2992125984252 15.590551181102363 extension
176.5984251968504 81.35433070866142 48.75590551181102 15.590551181102363 d’une
209.1968503937008 81.35433070866142 48.75590551181102 15.590551181102363 forme
241.51181102362204 81.35433070866142 48.75590551181102 15.590551181102363 ronde
273.8267716535433 81.35433070866142 81.07086614173228 15.590551181102363 concentrée,
338.74015748031496 81.35433070866142 64.91338582677166 15.590551181102363 réaction
387.496062992126 81.35433070866142 32.31496062992126 15.590551181102363 et
403.65354330708664 81.35433070866142 75.68503937007874 15.590551181102363 changement
457.79527559055117 81.35433070866142 21.543307086614174 15.590551181102363 de

79.08661417322834 92.69291338582677 63.21259842519685 17.858267716535433 couleurs
126.70866141732283 92.69291338582677 42.23622047244095 17.858267716535433 dans
153.0708661417323 92.69291338582677 36.8503937007874 17.858267716535433 les
174.04724409448818 92.69291338582677 47.338582677165356 17.858267716535433 zones
205.51181102362204 92.69291338582677 31.748031496062993 17.858267716535433 de
221.38582677165354 92.69291338582677 68.5984251968504 17.858267716535433 rencontre
274.1102362204724 92.69291338582677 42.23622047244095 17.858267716535433 sont
300.4724409448819 92.69291338582677 84.18897637795276 17.858267716535433 actuellement
369.07086614173227 92.69291338582677 36.8503937007874 17.858267716535433 ses
390.0472440944882 92.69291338582677 57.826771653543304 17.858267716535433 thèmes.
432.2834645669291 92.69291338582677 31.748031496062993 17.858267716535433 Il
442.7716535433071 92.69291338582677 36.8503937007874 17.858267716535433 élève

79.37007874015748 110.26771653543307 36.8503937007874 15.874015748031496 les
100.62992125984252 110.26771653543307 57.826771653543304 15.874015748031496 actions
142.58267716535434 110.26771653543307 84.18897637795276 15.874015748031496 élémentaires
210.89763779527559 110.26771653543307 26.362204724409448 15.874015748031496 à
221.38582677165354 110.26771653543307 84.18897637795276 15.874015748031496 l’expression
284.31496062992125 110.26771653543307 73.7007874015748 15.874015748031496 monumentale.

88.44094488188976 123.30708661417323 27.496062992125985 18.4251968503937 A
99.21259842519684 123.30708661417323 49.60629921259842 18.4251968503937 l’art
132.3779527559055 123.30708661417323 60.661417322834644 18.4251968503937 concret
176.5984251968504 123.30708661417323 77.10236220472441 18.4251968503937 appartient
237.25984251968504 123.30708661417323 71.71653543307086 18.4251968503937 également
292.251968503937 123.30708661417323 55.275590551181104 18.4251968503937 Günter
331.0866141732283 123.30708661417323 71.71653543307086 18.4251968503937 Ferdinand
386.0787401574803 123.30708661417323 44.22047244094488 18.4251968503937 Ris.
413.8582677165354 123.30708661417323 33.16535433070866 18.4251968503937 Il
424.62992125984255 123.30708661417323 55.275590551181104 18.4251968503937 démontre

79.65354330708661 137.76377952755905 43.93700787401575 17.007874015748033 dans
106.86614173228347 137.76377952755905 38.267716535433074 17.007874015748033 ses
128.9763779527559 137.76377952755905 65.76377952755905 17.007874015748033 tableaux
178.29921259842519 137.76377952755905 38.267716535433074 17.007874015748033 les
200.1259842519685 137.76377952755905 65.76377952755905 17.007874015748033 qualités
249.4488188976378 137.76377952755905 71.43307086614173 17.007874015748033 spatiales
304.4409448818898 137.76377952755905 38.267716535433074 17.007874015748033 des
326.26771653543307 137.76377952755905 49.32283464566929 17.007874015748033 plans
359.1496062992126 137.76377952755905 87.8740157480315 17.007874015748033 mouvementés,
425.1968503937008 137.76377952755905 54.70866141732284 17.007874015748033 colorés.

80.50393700787401 153.0708661417323 49.889763779527556 18.141732283464567 Depuis
115.65354330708661 153.0708661417323 39.968503937007874 18.141732283464567 peu,
140.5984251968504 153.0708661417323 30.04724409448819 18.141732283464567 il
155.6220472440945 153.0708661417323 30.04724409448819 18.141732283464567 se
170.36220472440945 153.0708661417323 49.889763779527556 18.141732283464567 dirige
205.51181102362204 153.0708661417323 39.968503937007874 18.141732283464567 vers
230.45669291338584 153.0708661417323 30.04724409448819 18.141732283464567 la
245.1968503937008 153.0708661417323 70.01574803149606 18.141732283464567 sculpture,
300.18897637795277 153.0708661417323 39.968503937007874 18.141732283464567 donc
325.13385826771656 153.0708661417323 39.968503937007874 18.141732283464567 vers
350.0787401574803 153.0708661417323 30.04724409448819 18.141732283464567 un
365.1023622047244 153.0708661417323 49.889763779527556 18.141732283464567 moyen,
399.9685039370079 153.0708661417323 30.04724409448819 18.141732283464567 où
414.99212598425197 153.0708661417323 30.04724409448819 18.141732283464567 il
430.01574803149606 153.0708661417323 30.04724409448819 18.141732283464567 ne
439.93700787401576 153.0708661417323 39.968503937007874 18.141732283464567 dépend

80.50393700787401 168.66141732283464 35.71653543307087 17.858267716535433 pas
100.91338582677166 168.66141732283464 30.614173228346456 17.858267716535433 de
116.22047244094489 168.66141732283464 30.614173228346456 17.858267716535433 la
131.81102362204723 168.66141732283464 46.20472440944882 17.858267716535433 force
162.4251968503937 168.66141732283464 76.81889763779527 17.858267716535433 imaginative
223.93700787401573 168.66141732283464 35.71653543307087 17.858267716535433 des
244.3464566929134 168.66141732283464 61.511811023622045 17.858267716535433 couleurs
290.5511811023622 168.66141732283464 61.511811023622045 17.858267716535433 adaptées
336.4724409448819 168.66141732283464 25.511811023622048 17.858267716535433 à
346.6771653543307 168.66141732283464 66.61417322834646 17.858267716535433 l’espace,
397.98425196850394 168.66141732283464 41.10236220472441 17.858267716535433 mais
423.496062992126 168.66141732283464 30.614173228346456 17.858267716535433 où
438.8031496062992 168.66141732283464 30.614173228346456 17.858267716535433 il
449.29133858267716 168.66141732283464 30.614173228346456 17.858267716535433 peut

80.78740157480316 186.23622047244095 54.14173228346457 13.88976377952756 manier
118.48818897637796 186.23622047244095 91.84251968503936 13.88976377952756 immédiatement
194.17322834645668 186.23622047244095 32.31496062992126 13.88976377952756 le
210.61417322834646 186.23622047244095 54.14173228346457 13.88976377952756 volume
248.31496062992127 186.23622047244095 32.31496062992126 13.88976377952756 et
264.4724409448819 186.23622047244095 70.2992125984252 13.88976377952756 l’espace.
318.61417322834643 186.23622047244095 32.31496062992126 13.88976377952756 La
334.7716535433071 186.23622047244095 48.75590551181102 13.88976377952756 forme
367.37007874015745 186.23622047244095 37.7007874015748 13.88976377952756 est
388.9133858267717 186.23622047244095 64.91338582677166 13.88976377952756 précise,
432.0 186.23622047244095 48.75590551181102 13.88976377952756 serrée,

80.50393700787401 195.30708661417322 77.95275590551181 18.141732283464567 définitive
141.73228346456693 195.30708661417322 33.44881889763779 18.141732283464567 et
158.45669291338584 195.30708661417322 33.44881889763779 18.141732283464567 en
175.1811023622047 195.30708661417322 44.503937007874015 18.141732283464567 même
202.96062992125985 195.30708661417322 50.173228346456696 18.141732283464567 temps
236.40944881889763 195.30708661417322 50.173228346456696 18.141732283464567 d’une
269.5748031496063 195.30708661417322 72.28346456692914 18.141732283464567 abondance
325.4173228346457 195.30708661417322 72.28346456692914 18.141732283464567 naturelle
380.9763779527559 195.30708661417322 33.44881889763779 18.141732283464567 et
397.7007874015748 195.30708661417322 77.95275590551181 18.141732283464567 sensuelle.
453.25984251968504 195.30708661417322 27.77952755905512 18.141732283464567 Les

80.78740157480316 213.16535433070865 56.69291338582677 16.724409448818896 dessins
121.88976377952756 213.16535433070865 61.79527559055118 16.724409448818896 révèlent
168.09448818897638 213.16535433070865 30.89763779527559 16.724409448818896 un
183.68503937007873 213.16535433070865 66.89763779527559 16.724409448818896 sculpteur
229.88976377952756 213.16535433070865 25.79527559055118 16.724409448818896 né.

90.4251968503937 226.20472440944883 30.89763779527559 15.023622047244094 Un
105.73228346456693 226.20472440944883 56.69291338582677 15.023622047244094 élément
146.83464566929135 226.20472440944883 51.30708661417323 15.023622047244094 opposé
182.83464566929135 226.20472440944883 25.79527559055118 15.023622047244094 à
193.3228346456693 226.20472440944883 30.89763779527559 15.023622047244094 la
208.62992125984252 226.20472440944883 66.89763779527559 15.023622047244094 sculpture
260.2204724409449 226.20472440944883 61.79527559055118 15.023622047244094 actuelle
306.4251968503937 226.20472440944883 36.0 15.023622047244094 est
327.11811023622045 226.20472440944883 72.0 15.023622047244094 représenté
383.5275590551181 226.20472440944883 36.0 15.023622047244094 par
404.2204724409449 226.20472440944883 41.10236220472441 15.023622047244094 Emil
424.62992125984255 226.20472440944883 56.69291338582677 15.023622047244094 Cimiotti.

81.63779527559055 240.3779527559055 36.0 16.440944881889763 Ses
102.04724409448819 240.3779527559055 71.71653543307086 16.440944881889763 sculptures
158.45669291338584 240.3779527559055 30.614173228346456 16.440944881889763 ne
173.76377952755905 240.3779527559055 41.10236220472441 16.440944881889763 sont
199.55905511811022 240.3779527559055 36.0 16.440944881889763 pas
219.96850393700788 240.3779527559055 36.0 16.440944881889763 des
240.3779527559055 240.3779527559055 46.20472440944882 16.440944881889763 états
271.2755905511811 240.3779527559055 51.30708661417323 16.440944881889763 fixes,
306.99212598425197 240.3779527559055 41.10236220472441 16.440944881889763 mais
332.78740157480314 240.3779527559055 36.0 16.440944881889763 des
353.1968503937008 240.3779527559055 71.71653543307086 16.440944881889763 événements
404.503937007874 240.3779527559055 76.81889763779527 16.440944881889763 transitoires,

81.07086614173228 255.4015748031496 39.968503937007874 16.724409448818896 des
104.03149606299213 255.4015748031496 97.22834645669292 16.724409448818896 métamorphoses
183.96850393700788 255.4015748031496 34.2992125984252 16.724409448818896 de
200.9763779527559 255.4015748031496 57.25984251968504 16.724409448818896 formes
241.22834645669292 255.4015748031496 68.5984251968504 16.724409448818896 humaines
292.53543307086613 255.4015748031496 34.2992125984252 16.724409448818896 en
309.8267716535433 255.4015748031496 57.25984251968504 16.724409448818896 formes
349.79527559055117 255.4015748031496 91.55905511811024 16.724409448818896 végétatives,
424.06299212598424 255.4015748031496 34.2992125984252 16.724409448818896 de
435.68503937007875 255.4015748031496 45.63779527559055 16.724409448818896 formes

81.35433070866142 268.4409448818898 77.95275590551181 14.740157480314961 naturelles
142.58267716535434 268.4409448818898 33.44881889763779 14.740157480314961 en
159.30708661417322 268.4409448818898 55.55905511811024 14.740157480314961 formes
198.4251968503937 268.4409448818898 72.28346456692914 14.740157480314961 amorphes.
253.98425196850394 268.4409448818898 38.83464566929134 14.740157480314961 Les
276.37795275590554 268.4409448818898 55.55905511811024 14.740157480314961 formes
315.21259842519686 268.4409448818898 72.28346456692914 14.740157480314961 bulleuses
370.7716535433071 268.4409448818898 33.44881889763779 14.740157480314961 et
387.496062992126 268.4409448818898 83.62204724409449 14.740157480314961 respirantes
448.7244094488189 268.4409448818898 33.44881889763779 14.740157480314961 sont

81.35433070866142 282.3307086614173 110.55118110236221 16.15748031496063 continuellement
174.33070866141733 282.3307086614173 34.86614173228347 16.15748031496063 en
191.6220472440945 282.3307086614173 75.68503937007874 16.15748031496063 mouvement
249.73228346456693 282.3307086614173 81.35433070866142 16.15748031496063 plastique,
313.79527559055117 282.3307086614173 69.73228346456693 16.15748031496063 enlacées
365.9527559055118 282.3307086614173 75.68503937007874 16.15748031496063 d’espace,
418.3937007874016 282.3307086614173 64.06299212598425 16.15748031496063 richement

81.92125984251969 298.48818897637796 59.52755905511811 16.15748031496063 groupé,
125.00787401574803 298.48818897637796 59.52755905511811 16.15748031496063 pleines
168.3779527559055 298.48818897637796 32.31496062992126 16.15748031496063 de
184.53543307086613 298.48818897637796 59.52755905511811 16.15748031496063 lumière
227.6220472440945 298.48818897637796 32.31496062992126 16.15748031496063 et
244.06299212598427 298.48818897637796 64.91338582677166 16.15748031496063 d’ombre.
292.53543307086613 298.48818897637796 37.7007874015748 16.15748031496063 Les
314.0787401574803 298.48818897637796 70.2992125984252 16.15748031496063 créations
368.2204724409449 298.48818897637796 32.31496062992126 16.15748031496063 ne
384.37795275590554 298.48818897637796 32.31496062992126 16.15748031496063 se
400.53543307086613 298.48818897637796 75.68503937007874 16.15748031496063 contentent
454.6771653543307 298.48818897637796 26.929133858267715 16.15748031496063 pas

82.48818897637796 312.66141732283467 30.330708661417322 15.023622047244094 du
97.79527559055119 312.66141732283467 55.84251968503937 15.023622047244094 formel,
138.33070866141733 312.66141732283467 30.330708661417322 15.023622047244094 la
153.35433070866142 312.66141732283467 81.07086614173228 15.023622047244094 muitiplicité
219.4015748031496 312.66141732283467 35.43307086614173 15.023622047244094 est
239.5275590551181 312.66141732283467 55.84251968503937 15.023622047244094 voulue.
280.06299212598424 312.66141732283467 35.43307086614173 15.023622047244094 Les
300.4724409448819 312.66141732283467 60.661417322834644 15.023622047244094 symboles
345.8267716535433 312.66141732283467 30.330708661417322 15.023622047244094 du
361.13385826771656 312.66141732283467 55.84251968503937 15.023622047244094 paysage
401.6692913385827 312.66141732283467 30.330708661417322 15.023622047244094 de
416.9763779527559 312.66141732283467 40.53543307086614 15.023622047244094 l’an
437.1023622047244 312.66141732283467 45.63779527559055 15.023622047244094 dernier

82.48818897637796 327.40157480314963 73.7007874015748 16.724409448818896 indiquent,
140.5984251968504 327.40157480314963 57.826771653543304 16.724409448818896 au-delà
182.5511811023622 327.40157480314963 31.46456692913386 16.724409448818896 de
198.4251968503937 327.40157480314963 52.724409448818896 16.724409448818896 toutes
235.2755905511811 327.40157480314963 36.8503937007874 16.724409448818896 les
256.251968503937 327.40157480314963 84.18897637795276 16.724409448818896 compositions
324.56692913385825 327.40157480314963 31.46456692913386 16.724409448818896 de
340.4409448818898 327.40157480314963 52.724409448818896 16.724409448818896 volume
377.29133858267716 327.40157480314963 31.46456692913386 16.724409448818896 et
392.88188976377955 327.40157480314963 68.31496062992126 16.724409448818896 d’espace,
440.503937007874 327.40157480314963 41.95275590551181 16.724409448818896 l’être

81.92125984251969 341.00787401574803 36.56692913385827 18.708661417322833 de
100.06299212598425 341.00787401574803 36.56692913385827 18.708661417322833 la
118.20472440944881 341.00787401574803 66.89763779527559 18.708661417322833 nature.
166.96062992125985 341.00787401574803 79.08661417322834 18.708661417322833 L’artiste
227.6220472440945 341.00787401574803 60.661417322834644 18.708661417322833 trouve
270.1417322834646 341.00787401574803 48.75590551181102 18.708661417322833 dans
300.755905511811 341.00787401574803 36.56692913385827 18.708661417322833 la
318.8976377952756 341.00787401574803 60.661417322834644 18.708661417322833 statue
361.4173228346457 341.00787401574803 36.56692913385827 18.708661417322833 de
379.5590551181102 341.00787401574803 60.661417322834644 18.708661417322833 Daphné
422.3622047244094 341.00787401574803 42.51968503937008 18.708661417322833 son
440.503937007874 341.00787401574803 42.51968503937008 18.708661417322833 thème

77.66929133858268 356.59842519685037 49.889763779527556 15.874015748031496 central.

92.1259842519685 369.9212598425197 54.14173228346457 14.740157480314961 Encore
130.11023622047244 369.9212598425197 86.74015748031496 14.740157480314961 aujourd’hui,
200.69291338582678 369.9212598425197 48.75590551181102 14.740157480314961 l’art
233.29133858267716 369.9212598425197 32.59842519685039 14.740157480314961 en
249.4488188976378 369.9212598425197 70.58267716535433 14.740157480314961 Allemagne
303.59055118110234 369.9212598425197 70.58267716535433 14.740157480314961 s’inspire
358.01574803149606 369.9212598425197 59.811023622047244 14.740157480314961 parfois
401.38582677165357 369.9212598425197 37.98425196850393 14.740157480314961 des
417.54330708661416 369.9212598425197 65.19685039370079 14.740157480314961 événements

83.05511811023622 384.9448818897638 79.93700787401575 15.023622047244094 importants.
147.11811023622047 384.9448818897638 32.031496062992126 15.023622047244094 La
162.99212598425197 384.9448818897638 47.90551181102362 15.023622047244094 série
195.0236220472441 384.9448818897638 90.70866141732283 15.023622047244094 lithographiée
269.8582677165354 384.9448818897638 26.64566929133858 15.023622047244094 «
280.34645669291336 384.9448818897638 32.031496062992126 15.023622047244094 20
296.503937007874 384.9448818897638 58.67716535433071 15.023622047244094 Juillet
339.0236220472441 384.9448818897638 42.51968503937008 15.023622047244094 1944
365.6692913385827 384.9448818897638 26.64566929133858 15.023622047244094 »
376.4409448818898 384.9448818897638 32.031496062992126 15.023622047244094 de
392.31496062992125 384.9448818897638 42.51968503937008 15.023622047244094 Paul
413.5748031496063 384.9448818897638 69.44881889763779 15.023622047244094 Wunderlich,

83.33858267716535 400.81889763779526 45.63779527559055 14.173228346456693 ayant
113.66929133858268 400.81889763779526 40.53543307086614 14.173228346456693 pour
139.1811023622047 400.81889763779526 45.63779527559055 14.173228346456693 thème
169.51181102362204 400.81889763779526 30.330708661417322 14.173228346456693 la
184.8188976377953 400.81889763779526 55.84251968503937 14.173228346456693 révolte
225.35433070866142 400.81889763779526 55.84251968503937 14.173228346456693 échouée
265.8897637795276 400.81889763779526 35.43307086614173 14.173228346456693 des
286.2992125984252 400.81889763779526 66.04724409448819 14.173228346456693 Allemands
336.755905511811 400.81889763779526 50.74015748031496 14.173228346456693 contre
372.4724409448819 400.81889763779526 30.330708661417322 14.173228346456693 la
387.496062992126 400.81889763779526 66.04724409448819 14.173228346456693 tyrannie,
433.13385826771656 400.81889763779526 50.74015748031496 14.173228346456693 surélève

83.05511811023622 413.8582677165354 38.55118110236221 15.590551181102363 les
104.88188976377953 413.8582677165354 71.43307086614173 15.590551181102363 condamnés
159.8740157480315 413.8582677165354 27.496062992125985 15.590551181102363 à
170.64566929133858 413.8582677165354 38.55118110236221 15.590551181102363 des
192.75590551181102 413.8582677165354 65.76377952755905 15.590551181102363 symboles
242.07874015748033 413.8582677165354 82.20472440944881 15.590551181102363 effrayants.
307.84251968503935 413.8582677165354 32.881889763779526 15.590551181102363 Le
324.56692913385825 413.8582677165354 49.32283464566929 15.590551181102363 sujet
357.4488188976378 413.8582677165354 49.32283464566929 15.590551181102363 porte
390.3307086614173 413.8582677165354 32.881889763779526 15.590551181102363 la
406.7716535433071 413.8582677165354 60.37795275590551 15.590551181102363 subtile
445.03937007874015 413.8582677165354 38.55118110236221 15.590551181102363 forme

83.62204724409449 430.2992125984252 69.44881889763779 13.039370078740157 graphique
137.1968503937008 430.2992125984252 80.22047244094489 13.039370078740157 développant
201.25984251968504 430.2992125984252 32.031496062992126 13.039370078740157 en
217.13385826771653 430.2992125984252 42.803149606299215 13.039370078740157 même
243.7795275590551 430.2992125984252 48.188976377952756 13.039370078740157 temps
275.81102362204723 430.2992125984252 37.41732283464567 13.039370078740157 des
297.3543307086614 430.2992125984252 64.06299212598425 13.039370078740157 qualités
345.25984251968504 430.2992125984252 90.70866141732283 13.039370078740157 particulières
420.09448818897636 430.2992125984252 32.031496062992126 13.039370078740157 de
430.86614173228344 430.2992125984252 53.29133858267716 13.039370078740157 dessina-

83.05511811023622 442.20472440944883 42.803149606299215 13.88976377952756 teur
109.7007874015748 442.20472440944883 32.031496062992126 13.88976377952756 et
125.85826771653544 442.20472440944883 32.031496062992126 13.88976377952756 de
142.01574803149606 442.20472440944883 64.06299212598425 13.88976377952756 peintre.
189.92125984251967 442.20472440944883 48.188976377952756 13.88976377952756 Renée
222.23622047244095 442.20472440944883 42.803149606299215 13.88976377952756 Nele
248.88188976377953 442.20472440944883 32.031496062992126 13.88976377952756 et
265.03937007874015 442.20472440944883 58.960629921259844 13.88976377952756 Rudolfs
307.5590551181102 442.20472440944883 58.960629921259844 13.88976377952756 Schoofs
350.3622047244094 442.20472440944883 42.803149606299215 13.88976377952756 sont
377.29133858267716 442.20472440944883 80.22047244094489 13.88976377952756 représentés
441.3543307086614 442.20472440944883 37.41732283464567 13.88976377952756 par
457.51181102362204 442.20472440944883 26.64566929133858 13.88976377952756 des

84.75590551181102 455.5275590551181 78.80314960629921 18.141732283464567 illustrations
149.38582677165354 455.5275590551181 27.77952755905512 18.141732283464567 de
158.74015748031496 455.5275590551181 41.669291338582674 18.141732283464567 livres.

93.54330708661418 469.7007874015748 37.98425196850393 18.4251968503937 Les
115.37007874015748 469.7007874015748 87.02362204724409 18.4251968503937 compositeurs
185.95275590551182 469.7007874015748 70.58267716535433 18.4251968503937 allemands
240.3779527559055 469.7007874015748 37.98425196850393 18.4251968503937 les
261.9212598425197 469.7007874015748 43.37007874015748 18.4251968503937 plus
289.13385826771656 469.7007874015748 59.811023622047244 18.4251968503937 connus,
332.78740157480314 469.7007874015748 37.98425196850393 18.4251968503937 qui
354.61417322834643 469.7007874015748 92.40944881889764 18.4251968503937 appartiennent
430.5826771653543 469.7007874015748 27.212598425196852 18.4251968503937 à
441.6377952755906 469.7007874015748 32.59842519685039 18.4251968503937 la
452.40944881889766 469.7007874015748 32.59842519685039 18.4251968503937 même

84.75590551181102 486.70866141732284 74.83464566929133 14.456692913385826 génération
143.43307086614172 486.70866141732284 37.41732283464567 14.456692913385826 que
164.9763779527559 486.70866141732284 37.41732283464567 14.456692913385826 les
186.23622047244095 486.70866141732284 69.44881889763779 14.456692913385826 peintres,
239.5275590551181 486.70866141732284 42.803149606299215 14.456692913385826 sont
266.45669291338584 486.70866141732284 42.803149606299215 14.456692913385826 Hans
293.1023622047244 486.70866141732284 53.29133858267716 14.456692913385826 Werner
330.5196850393701 486.70866141732284 48.188976377952756 14.456692913385826 Henze
362.5511811023622 486.70866141732284 42.803149606299215 14.456692913385826 qui,
389.1968503937008 486.70866141732284 32.031496062992126 14.456692913385826 au
405.07086614173227 486.70866141732284 53.29133858267716 14.456692913385826 début,
437.1023622047244 486.70866141732284 48.188976377952756 14.456692913385826 partait

85.03937007874016 501.73228346456693 32.031496062992126 17.858267716535433 de
101.19685039370079 501.73228346456693 74.83464566929133 17.858267716535433 Stravinsky
159.8740157480315 501.73228346456693 32.031496062992126 17.858267716535433 et
175.748031496063 501.73228346456693 32.031496062992126 17.858267716535433 de
191.90551181102362 501.73228346456693 69.44881889763779 17.858267716535433 Hindemith
245.1968503937008 501.73228346456693 42.803149606299215 17.858267716535433 pour
271.84251968503935 501.73228346456693 69.44881889763779 17.858267716535433 rejoindre
325.4173228346457 501.73228346456693 58.67716535433071 17.858267716535433 ensuite
368.2204724409449 501.73228346456693 69.44881889763779 17.858267716535433 Schônberg
421.51181102362204 501.73228346456693 32.031496062992126 17.858267716535433 et
437.38582677165357 501.73228346456693 32.031496062992126 17.858267716535433 la
448.15748031496065 501.73228346456693 37.41732283464567 17.858267716535433 dodé-

85.32283464566929 515.0551181102362 67.46456692913385 13.88976377952756 caphonie,
137.1968503937008 515.0551181102362 31.181102362204726 13.88976377952756 et
152.78740157480314 515.0551181102362 62.36220472440945 13.88976377952756 trouvait
199.55905511811022 515.0551181102362 72.85039370078741 13.88976377952756 finalement
256.81889763779526 515.0551181102362 31.181102362204726 13.88976377952756 sa
272.40944881889766 515.0551181102362 51.874015748031496 13.88976377952756 propre
308.6929133858268 515.0551181102362 72.85039370078741 13.88976377952756 expression
365.9527559055118 515.0551181102362 36.28346456692913 13.88976377952756 qui
386.92913385826773 515.0551181102362 31.181102362204726 13.88976377952756 se
402.5196850393701 515.0551181102362 67.46456692913385 13.88976377952756 manifeste
454.3937007874016 515.0551181102362 31.181102362204726 13.88976377952756 de
464.88188976377955 515.0551181102362 20.69291338582677 13.88976377952756 la

84.75590551181102 528.0944881889764 50.74015748031496 16.440944881889763 façon
118.77165354330708 528.0944881889764 34.01574803149607 16.440944881889763 la
135.49606299212599 528.0944881889764 45.07086614173228 16.440944881889763 plus
163.84251968503938 528.0944881889764 90.4251968503937 16.440944881889763 convaincante
237.25984251968504 528.0944881889764 45.07086614173228 16.440944881889763 dans
265.6062992125984 528.0944881889764 39.68503937007874 16.440944881889763 ses
288.2834645669291 528.0944881889764 56.40944881889764 16.440944881889763 opéras
327.68503937007875 528.0944881889764 34.01574803149607 16.440944881889763 et
344.6929133858268 528.0944881889764 34.01574803149607 16.440944881889763 sa
361.7007874015748 528.0944881889764 62.07874015748032 16.440944881889763 musique
406.7716535433071 528.0944881889764 34.01574803149607 16.440944881889763 de
423.7795275590551 528.0944881889764 62.07874015748032 16.440944881889763 ballet;
463.18110236220474 528.0944881889764 22.677165354330707 16.440944881889763 et

85.60629921259843 543.9685039370079 74.26771653543307 16.440944881889763 Karlheinz
142.58267716535434 543.9685039370079 85.60629921259843 16.440944881889763 Stockhausen
211.1811023622047 543.9685039370079 45.63779527559055 16.440944881889763 qui,
239.81102362204723 543.9685039370079 34.2992125984252 16.440944881889763 en
257.1023622047244 543.9685039370079 85.60629921259843 16.440944881889763 développant
325.7007874015748 543.9685039370079 97.22834645669292 16.440944881889763 conséquemment
405.6377952755906 543.9685039370079 51.30708661417323 16.440944881889763 l’art
434.26771653543307 543.9685039370079 51.30708661417323 16.440944881889763 d’Anton

86.1732283464567 560.1259842519685 37.41732283464567 18.141732283464567 von
107.71653543307086 560.1259842519685 58.960629921259844 18.141732283464567 Webern,
150.51968503937007 560.1259842519685 48.188976377952756 18.141732283464567 s’est
182.5511811023622 560.1259842519685 64.34645669291339 18.141732283464567 consacré
230.74015748031496 560.1259842519685 85.60629921259843 18.141732283464567 spécialement
300.18897637795277 560.1259842519685 26.64566929133858 18.141732283464567 à
310.96062992125985 560.1259842519685 32.031496062992126 18.141732283464567 la
327.11811023622045 560.1259842519685 58.960629921259844 18.141732283464567 musique
364.53543307086613 560.1259842519685 80.22047244094489 18.141732283464567 électronique.

94.96062992125984 600.9448818897638 26.362204724409448 18.141732283464567 6
