480.18897637795277 625.6062992125984
378.1417322834646 9.637795275590552 104.03149606299213 22.96062992125984 BULGARIE

90.99212598425197 139.46456692913387 68.31496062992126 15.590551181102363 Commissaire
145.70078740157481 139.46456692913387 50.173228346456696 15.590551181102363 Général
181.98425196850394 139.46456692913387 22.677165354330707 15.590551181102363 :
191.33858267716536 139.46456692913387 68.31496062992126 15.590551181102363 Vladimir
241.22834645669292 139.46456692913387 45.63779527559055 15.590551181102363 Goev

90.70866141732283 150.51968503937007 45.354330708661415 19.275590551181104 Union
121.03937007874016 150.51968503937007 35.1496062992126 19.275590551181104 des
141.16535433070865 150.51968503937007 60.37795275590551 19.275590551181104 Artistes
186.51968503937007 150.51968503937007 60.37795275590551 19.275590551181104 Peintres
226.77165354330708 150.51968503937007 55.275590551181104 19.275590551181104 Bulgares.

44.22047244094488 226.48818897637796 31.748031496062993 16.15748031496063 En
60.09448818897638 226.48818897637796 42.51968503937008 16.15748031496063 fait
86.74015748031496 226.48818897637796 53.00787401574803 16.15748031496063 d’art,
123.8740157480315 226.48818897637796 31.748031496062993 16.15748031496063 la
140.03149606299212 226.48818897637796 63.77952755905512 16.15748031496063 jeunesse
187.6535433070866 226.48818897637796 37.13385826771653 16.15748031496063 est
208.91338582677164 226.48818897637796 37.13385826771653 16.15748031496063 une
230.17322834645668 226.48818897637796 47.90551181102362 16.15748031496063 chose
262.20472440944883 226.48818897637796 42.51968503937008 16.15748031496063 fort
288.56692913385825 226.48818897637796 69.16535433070867 16.15748031496063 relative.
341.8582677165354 226.48818897637796 37.13385826771653 16.15748031496063 Des
363.11811023622045 226.48818897637796 63.77952755905512 16.15748031496063 peintres
405.6377952755906 226.48818897637796 37.13385826771653 16.15748031496063 comme

33.16535433070866 241.22834645669292 66.33070866141732 17.5748031496063 Raphaël,
83.05511811023622 241.22834645669292 38.83464566929134 17.5748031496063 Van
105.16535433070867 241.22834645669292 49.889763779527556 17.5748031496063 Gogh,
138.33070866141733 241.22834645669292 72.0 17.5748031496063 Lévitann,
193.60629921259843 241.22834645669292 38.83464566929134 17.5748031496063 qui
215.71653543307087 241.22834645669292 44.22047244094488 17.5748031496063 sont
243.49606299212599 241.22834645669292 49.889763779527556 17.5748031496063 morts
276.66141732283467 241.22834645669292 60.94488188976378 17.5748031496063 jeunes,
320.88188976377955 241.22834645669292 44.22047244094488 17.5748031496063 nous
348.37795275590554 241.22834645669292 38.83464566929134 17.5748031496063 ont
370.48818897637796 241.22834645669292 44.22047244094488 17.5748031496063 tout
398.26771653543307 241.22834645669292 33.16535433070866 17.5748031496063 de
409.3228346456693 241.22834645669292 33.16535433070866 17.5748031496063 même

33.16535433070866 257.1023622047244 47.90551181102362 16.440944881889763 légué
65.19685039370079 257.1023622047244 37.13385826771653 16.440944881889763 une
86.45669291338582 257.1023622047244 47.90551181102362 16.440944881889763 œuvre
118.20472440944881 257.1023622047244 47.90551181102362 16.440944881889763 riche
150.23622047244095 257.1023622047244 32.031496062992126 16.440944881889763 et
166.11023622047244 257.1023622047244 47.90551181102362 16.440944881889763 mûre,
198.14173228346456 257.1023622047244 53.29133858267716 16.440944881889763 tandis
235.2755905511811 257.1023622047244 37.13385826771653 16.440944881889763 que
256.53543307086613 257.1023622047244 69.16535433070867 16.440944881889763 d’autres,
309.54330708661416 257.1023622047244 37.13385826771653 16.440944881889763 qui
330.8031496062992 257.1023622047244 53.29133858267716 16.440944881889763 vivent
368.2204724409449 257.1023622047244 47.90551181102362 16.440944881889763 âgés,
394.5826771653543 257.1023622047244 47.90551181102362 16.440944881889763 restent

32.59842519685039 271.84251968503935 47.62204724409449 15.590551181102363 toute
64.34645669291339 271.84251968503935 42.23622047244095 15.590551181102363 leur
90.99212598425197 271.84251968503935 37.13385826771653 15.590551181102363 vie
111.96850393700787 271.84251968503935 37.13385826771653 15.590551181102363 des
127.84251968503936 271.84251968503935 63.496062992125985 15.590551181102363 apprentis.

43.93700787401575 284.59842519685037 32.881889763779526 17.291338582677167 Il
60.37795275590551 284.59842519685037 27.212598425196852 17.291338582677167 y
71.14960629921259 284.59842519685037 27.212598425196852 17.291338582677167 a
82.20472440944881 284.59842519685037 38.267716535433074 17.291338582677167 des
104.03149606299213 284.59842519685037 54.70866141732284 17.291338582677167 jeunes
142.29921259842519 284.59842519685037 38.267716535433074 17.291338582677167 qui
164.1259842519685 284.59842519685037 65.76377952755905 17.291338582677167 laissent
213.4488188976378 284.59842519685037 65.76377952755905 17.291338582677167 paraître
262.48818897637796 284.59842519685037 43.653543307086615 17.291338582677167 dans
289.98425196850394 284.59842519685037 49.32283464566929 17.291338582677167 leurs
322.86614173228344 284.59842519685037 54.70866141732284 17.291338582677167 œuvres
361.13385826771656 284.59842519685037 38.267716535433074 17.291338582677167 une
382.96062992125985 284.59842519685037 60.09448818897638 17.291338582677167 fatigue
421.2283464566929 284.59842519685037 21.826771653543307 17.291338582677167 de

32.881889763779526 299.33858267716533 33.16535433070866 17.5748031496063 la
49.60629921259842 299.33858267716533 38.83464566929134 17.5748031496063 vie
71.71653543307086 299.33858267716533 33.16535433070866 17.5748031496063 et
88.44094488188976 299.33858267716533 33.16535433070866 17.5748031496063 un
104.88188976377953 299.33858267716533 55.275590551181104 17.5748031496063 manque
143.71653543307087 299.33858267716533 33.16535433070866 17.5748031496063 de
160.15748031496062 299.33858267716533 38.83464566929134 17.5748031496063 foi
182.5511811023622 299.33858267716533 44.22047244094488 17.5748031496063 dans
210.04724409448818 299.33858267716533 55.275590551181104 17.5748031496063 l’être
248.88188976377953 299.33858267716533 55.275590551181104 17.5748031496063 humain
287.43307086614175 299.33858267716533 49.889763779527556 17.5748031496063 qu’on
320.88188976377955 299.33858267716533 33.16535433070866 17.5748031496063 ne
337.3228346456693 299.33858267716533 72.0 17.5748031496063 rencontre
392.59842519685037 299.33858267716533 38.83464566929134 17.5748031496063 pas
409.3228346456693 299.33858267716533 33.16535433070866 17.5748031496063 même

33.16535433070866 313.79527559055117 41.95275590551181 16.724409448818896 chez
59.52755905511811 313.79527559055117 36.8503937007874 16.724409448818896 les
80.50393700787401 313.79527559055117 52.44094488188976 16.724409448818896 vieux.
117.35433070866142 313.79527559055117 36.8503937007874 16.724409448818896 Les
138.33070866141733 313.79527559055117 52.44094488188976 16.724409448818896 grands
174.89763779527559 313.79527559055117 57.826771653543304 16.724409448818896 maîtres
216.8503937007874 313.79527559055117 36.8503937007874 16.724409448818896 ont
237.82677165354332 313.79527559055117 68.31496062992126 16.724409448818896 travaillé
290.26771653543307 313.79527559055117 57.826771653543304 16.724409448818896 jusqu’à
332.2204724409449 313.79527559055117 41.95275590551181 16.724409448818896 leur
358.5826771653543 313.79527559055117 57.826771653543304 16.724409448818896 dernier
395.1496062992126 313.79527559055117 47.338582677165356 16.724409448818896 souffle

32.881889763779526 328.53543307086613 45.354330708661415 16.15748031496063 avec
61.22834645669291 328.53543307086613 73.98425196850394 16.15748031496063 l’entrain
118.20472440944881 328.53543307086613 34.01574803149607 16.15748031496063 de
135.21259842519686 328.53543307086613 34.01574803149607 16.15748031496063 la
152.2204724409449 328.53543307086613 68.31496062992126 16.15748031496063 jeunesse
203.24409448818898 328.53543307086613 34.01574803149607 16.15748031496063 et
220.251968503937 328.53543307086613 45.354330708661415 16.15748031496063 avec
248.88188976377953 328.53543307086613 39.68503937007874 16.15748031496063 cet
271.5590551181102 328.53543307086613 62.36220472440945 16.15748031496063 immense
316.9133858267717 328.53543307086613 51.023622047244096 16.15748031496063 amour
350.92913385826773 328.53543307086613 34.01574803149607 16.15748031496063 de
367.93700787401576 328.53543307086613 68.31496062992126 16.15748031496063 l’homme,
413.5748031496063 328.53543307086613 28.346456692913385 16.15748031496063 qui

33.16535433070866 342.4251968503937 60.09448818897638 18.4251968503937 poussa,
76.81889763779527 342.4251968503937 38.267716535433074 18.4251968503937 par
98.64566929133858 342.4251968503937 65.76377952755905 18.4251968503937 exemple,
147.96850393700788 342.4251968503937 32.881889763779526 18.4251968503937 un
164.40944881889763 342.4251968503937 65.76377952755905 18.4251968503937 Daumier,
213.73228346456693 342.4251968503937 60.09448818897638 18.4251968503937 presque
257.38582677165357 342.4251968503937 65.76377952755905 18.4251968503937 aveugle,
306.70866141732284 342.4251968503937 27.212598425196852 18.4251968503937 à
317.4803149606299 342.4251968503937 71.14960629921259 18.4251968503937 continuer
372.18897637795277 342.4251968503937 27.212598425196852 18.4251968503937 à
383.244094488189 342.4251968503937 32.881889763779526 18.4251968503937 se
394.01574803149606 342.4251968503937 49.32283464566929 18.4251968503937 pencher

33.16535433070866 358.2992125984252 38.267716535433074 15.590551181102363 sur
54.99212598425197 358.2992125984252 32.881889763779526 15.590551181102363 la
71.43307086614173 358.2992125984252 54.70866141732284 15.590551181102363 pierre
109.7007874015748 358.2992125984252 104.03149606299213 15.590551181102363 lithographique;
197.29133858267716 358.2992125984252 32.881889763779526 15.590551181102363 un
213.73228346456693 358.2992125984252 60.09448818897638 15.590551181102363 Renoir,
257.38582677165357 358.2992125984252 71.14960629921259 15.590551181102363 paralysé,
312.09448818897636 358.2992125984252 27.212598425196852 15.590551181102363 à
322.86614173228344 358.2992125984252 60.09448818897638 15.590551181102363 peindre
366.8031496062992 358.2992125984252 32.881889763779526 15.590551181102363 en
383.244094488189 358.2992125984252 32.881889763779526 15.590551181102363 se
394.01574803149606 358.2992125984252 49.32283464566929 15.590551181102363 faisant

33.16535433070866 369.07086614173227 59.811023622047244 18.141732283464567 attacher
78.23622047244095 369.07086614173227 30.04724409448819 18.141732283464567 un
93.25984251968504 369.07086614173227 54.99212598425197 18.141732283464567 pinceau
132.9448818897638 369.07086614173227 24.944881889763778 18.141732283464567 à
143.1496062992126 369.07086614173227 30.04724409448819 18.141732283464567 sa
158.17322834645668 369.07086614173227 39.968503937007874 18.141732283464567 main
183.11811023622047 369.07086614173227 59.811023622047244 18.141732283464567 infirme.
227.90551181102362 369.07086614173227 34.86614173228347 18.141732283464567 Des
247.748031496063 369.07086614173227 49.889763779527556 18.141732283464567 géants
282.8976377952756 369.07086614173227 30.04724409448819 18.141732283464567 de
297.6377952755906 369.07086614173227 30.04724409448819 18.141732283464567 la
312.66141732283467 369.07086614173227 64.91338582677166 18.141732283464567 peinture,
362.5511811023622 369.07086614173227 39.968503937007874 18.141732283464567 tels
387.496062992126 369.07086614173227 30.04724409448819 18.141732283464567 le
397.7007874015748 369.07086614173227 44.78740157480315 18.141732283464567 Titien,

33.732283464566926 385.51181102362204 74.55118110236221 15.590551181102363 Rembrandt,
92.40944881889764 385.51181102362204 42.51968503937008 15.590551181102363 Goya
118.77165354330708 385.51181102362204 32.031496062992126 15.590551181102363 et
134.64566929133858 385.51181102362204 42.51968503937008 15.590551181102363 tant
161.29133858267716 385.51181102362204 69.16535433070867 15.590551181102363 d’autres,
214.58267716535434 385.51181102362204 69.16535433070867 15.590551181102363 créèrent,
267.59055118110234 385.51181102362204 32.031496062992126 15.590551181102363 au
283.748031496063 385.51181102362204 53.29133858267716 15.590551181102363 déclin
320.88188976377955 385.51181102362204 32.031496062992126 15.590551181102363 de
336.755905511811 385.51181102362204 42.51968503937008 15.590551181102363 leur
363.40157480314963 385.51181102362204 42.51968503937008 15.590551181102363 vie,
384.66141732283467 385.51181102362204 58.39370078740158 15.590551181102363 justement

33.44881889763779 401.1023622047244 45.92125984251968 13.88976377952756 leurs
64.06299212598425 401.1023622047244 51.023622047244096 13.88976377952756 œuvres
99.77952755905511 401.1023622047244 35.71653543307087 13.88976377952756 les
120.4724409448819 401.1023622047244 40.818897637795274 13.88976377952756 plus
145.98425196850394 401.1023622047244 56.125984251968504 13.88976377952756 jeunes,
186.8031496062992 401.1023622047244 30.614173228346456 13.88976377952756 et
202.11023622047244 401.1023622047244 66.33070866141732 13.88976377952756 j’entends
253.41732283464566 401.1023622047244 35.71653543307087 13.88976377952756 par
273.8267716535433 401.1023622047244 30.614173228346456 13.88976377952756 là
289.13385826771656 401.1023622047244 35.71653543307087 13.88976377952756 les
309.54330708661416 401.1023622047244 40.818897637795274 13.88976377952756 plus
335.0551181102362 401.1023622047244 61.22834645669291 13.88976377952756 vivantes
381.25984251968504 401.1023622047244 30.614173228346456 13.88976377952756 et
396.56692913385825 401.1023622047244 35.71653543307087 13.88976377952756 les
411.87401574803147 401.1023622047244 30.614173228346456 13.88976377952756 plus

33.732283464566926 414.99212598425197 62.07874015748032 16.440944881889763 hardies,
80.22047244094489 414.99212598425197 56.976377952755904 16.440944881889763 pleines
121.60629921259843 414.99212598425197 62.07874015748032 16.440944881889763 d’esprit
168.3779527559055 414.99212598425197 67.46456692913385 16.440944881889763 novateur,
219.96850393700788 414.99212598425197 41.38582677165354 16.440944881889763 tant
246.04724409448818 414.99212598425197 36.28346456692913 16.440944881889763 par
266.74015748031496 414.99212598425197 41.38582677165354 16.440944881889763 leur
292.53543307086613 414.99212598425197 67.46456692913385 16.440944881889763 technique
344.40944881889766 414.99212598425197 46.488188976377955 16.440944881889763 qu’au
375.59055118110234 414.99212598425197 46.488188976377955 16.440944881889763 point
406.48818897637796 414.99212598425197 31.181102362204726 16.440944881889763 de
416.9763779527559 414.99212598425197 25.79527559055118 16.440944881889763 vue

32.59842519685039 431.43307086614175 35.71653543307087 13.32283464566929 de
50.45669291338583 431.43307086614175 47.62204724409449 13.32283464566929 leur
80.22047244094489 431.43307086614175 83.33858267716535 13.32283464566929 conception
145.70078740157481 431.43307086614175 35.71653543307087 13.32283464566929 et
163.55905511811022 431.43307086614175 35.71653543307087 13.32283464566929 de
181.41732283464566 431.43307086614175 47.62204724409449 13.32283464566929 leur
211.1811023622047 431.43307086614175 77.38582677165354 13.32283464566929 résonance
264.755905511811 431.43307086614175 59.52755905511811 13.32283464566929 émotive.

43.93700787401575 442.7716535433071 32.31496062992126 17.5748031496063 Le
60.09448818897638 442.7716535433071 64.62992125984252 17.5748031496063 problème
108.56692913385827 442.7716535433071 32.31496062992126 17.5748031496063 de
124.7244094488189 442.7716535433071 32.31496062992126 17.5748031496063 la
140.88188976377953 442.7716535433071 70.01574803149606 17.5748031496063 jeunesse,
195.0236220472441 442.7716535433071 32.31496062992126 17.5748031496063 en
211.1811023622047 442.7716535433071 43.08661417322835 17.5748031496063 art,
238.11023622047244 442.7716535433071 37.7007874015748 17.5748031496063 n’a
259.65354330708664 442.7716535433071 43.08661417322835 17.5748031496063 donc
286.5826771653543 442.7716535433071 43.08661417322835 17.5748031496063 rien
313.51181102362204 442.7716535433071 26.929133858267715 17.5748031496063 à
324.2834645669291 442.7716535433071 43.08661417322835 17.5748031496063 voir
351.496062992126 442.7716535433071 43.08661417322835 17.5748031496063 avec
378.4251968503937 442.7716535433071 37.7007874015748 17.5748031496063 les
394.5826771653543 442.7716535433071 48.47244094488189 17.5748031496063 données

33.44881889763779 458.0787401574803 32.031496062992126 13.88976377952756 de
49.60629921259842 458.0787401574803 53.29133858267716 13.88976377952756 l’état
86.74015748031496 458.0787401574803 53.29133858267716 13.88976377952756 civil.
123.8740157480315 458.0787401574803 74.55118110236221 13.88976377952756 Toutefois,
182.26771653543307 458.0787401574803 32.031496062992126 13.88976377952756 en
198.4251968503937 458.0787401574803 63.77952755905512 13.88976377952756 peinture
246.04724409448818 458.0787401574803 47.90551181102362 13.88976377952756 comme
278.0787401574803 458.0787401574803 42.51968503937008 13.88976377952756 pour
304.7244094488189 458.0787401574803 32.031496062992126 13.88976377952756 le
320.59842519685037 458.0787401574803 53.29133858267716 13.88976377952756 reste,
357.73228346456693 458.0787401574803 37.13385826771653 13.88976377952756 les
373.6062992125984 458.0787401574803 69.16535433070867 13.88976377952756 générations

32.881889763779526 472.53543307086613 80.78740157480316 13.039370078740157 successives
97.51181102362204 472.53543307086613 32.31496062992126 13.039370078740157 se
113.66929133858268 472.53543307086613 86.1732283464567 13.039370078740157 développent,
183.68503937007873 472.53543307086613 80.78740157480316 13.039370078740157 travaillent
248.5984251968504 472.53543307086613 32.31496062992126 13.039370078740157 et
264.755905511811 472.53543307086613 64.62992125984252 13.039370078740157 laissent
313.2283464566929 472.53543307086613 37.7007874015748 13.039370078740157 aux
334.7716535433071 472.53543307086613 80.78740157480316 13.039370078740157 générations
394.01574803149606 472.53543307086613 48.47244094488189 13.039370078740157 futures

32.881889763779526 485.5748031496063 39.40157480314961 15.023622047244094 des
55.275590551181104 485.5748031496063 56.125984251968504 15.023622047244094 œuvres
94.67716535433071 485.5748031496063 61.79527559055118 15.023622047244094 pouvant
139.46456692913387 485.5748031496063 44.78740157480315 15.023622047244094 leur
167.5275590551181 485.5748031496063 56.125984251968504 15.023622047244094 servir
206.9291338582677 485.5748031496063 78.51968503937007 15.023622047244094 d’exemple,
268.4409448818898 485.5748031496063 67.46456692913385 15.023622047244094 amorçant
319.18110236220474 485.5748031496063 61.79527559055118 15.023622047244094 parfois
363.9685039370079 485.5748031496063 39.40157480314961 15.023622047244094 des
380.6929133858268 485.5748031496063 61.79527559055118 15.023622047244094 problèmes

33.44881889763779 502.86614173228344 36.28346456692913 15.590551181102363 que
54.14173228346457 502.86614173228344 67.46456692913385 15.590551181102363 celles-ci
105.73228346456693 502.86614173228344 51.874015748031496 15.590551181102363 auront
142.01574803149606 502.86614173228344 25.79527559055118 15.590551181102363 à
152.50393700787401 502.86614173228344 67.46456692913385 15.590551181102363 résoudre.
204.3779527559055 502.86614173228344 36.28346456692913 15.590551181102363 Les
225.0708661417323 502.86614173228344 41.38582677165354 15.590551181102363 arts
250.86614173228347 502.86614173228344 77.66929133858268 15.590551181102363 bénéficient
312.9448818897638 502.86614173228344 82.77165354330708 15.590551181102363 actuellement
380.40944881889766 502.86614173228344 31.181102362204726 15.590551181102363 en
390.61417322834643 502.86614173228344 51.874015748031496 15.590551181102363 Bulgarie

32.881889763779526 515.9055118110236 32.31496062992126 15.590551181102363 de
49.039370078740156 515.9055118110236 32.31496062992126 15.590551181102363 la
65.19685039370079 515.9055118110236 64.62992125984252 15.590551181102363 présence
113.66929133858268 515.9055118110236 48.47244094488189 15.590551181102363 d’une
146.26771653543307 515.9055118110236 75.4015748031496 15.590551181102363 génération
205.51181102362204 515.9055118110236 32.31496062992126 15.590551181102363 de
221.66929133858267 515.9055118110236 59.24409448818898 15.590551181102363 maîtres
264.755905511811 515.9055118110236 48.47244094488189 15.590551181102363 mûrs,
297.07086614173227 515.9055118110236 53.85826771653543 15.590551181102363 encore
334.7716535433071 515.9055118110236 53.85826771653543 15.590551181102363 pleins
372.755905511811 515.9055118110236 32.31496062992126 15.590551181102363 de
388.9133858267717 515.9055118110236 37.7007874015748 15.590551181102363 vie
410.45669291338584 515.9055118110236 32.31496062992126 15.590551181102363 et
421.2283464566929 515.9055118110236 21.543307086614174 15.590551181102363 de

32.59842519685039 530.6456692913385 54.99212598425197 13.606299212598426 talent,
72.56692913385827 530.6456692913385 34.86614173228347 13.606299212598426 qui
92.69291338582677 530.6456692913385 39.968503937007874 13.606299212598426 font
117.63779527559055 530.6456692913385 64.91338582677166 13.606299212598426 l’orgueil
167.81102362204723 530.6456692913385 30.04724409448819 13.606299212598426 de
182.83464566929135 530.6456692913385 30.04724409448819 13.606299212598426 la
197.85826771653544 530.6456692913385 54.99212598425197 13.606299212598426 nation.
237.82677165354332 530.6456692913385 30.04724409448819 13.606299212598426 En
252.8503937007874 530.6456692913385 39.968503937007874 13.606299212598426 même
277.79527559055117 530.6456692913385 49.889763779527556 13.606299212598426 temps,
312.66141732283467 530.6456692913385 30.04724409448819 13.606299212598426 se
327.68503937007875 530.6456692913385 64.91338582677166 13.606299212598426 développe
377.8582677165354 530.6456692913385 30.04724409448819 13.606299212598426 et
387.7795275590551 530.6456692913385 54.99212598425197 13.606299212598426 s’affirme

32.881889763779526 545.1023622047244 36.8503937007874 13.32283464566929 une
54.14173228346457 545.1023622047244 73.41732283464567 13.32283464566929 génération
111.68503937007874 545.1023622047244 68.31496062992126 13.32283464566929 nouvelle,
164.40944881889763 545.1023622047244 41.95275590551181 13.32283464566929 dont
190.48818897637796 545.1023622047244 36.8503937007874 13.32283464566929 les
211.748031496063 545.1023622047244 62.92913385826772 13.32283464566929 quelques
258.8031496062992 545.1023622047244 52.44094488188976 13.32283464566929 œuvres
295.65354330708664 545.1023622047244 73.41732283464567 13.32283464566929 présentées
353.4803149606299 545.1023622047244 36.8503937007874 13.32283464566929 ici
374.45669291338584 545.1023622047244 31.46456692913386 13.32283464566929 ne
384.9448818897638 545.1023622047244 57.826771653543304 13.32283464566929 sauraient

32.881889763779526 560.9763779527559 37.7007874015748 16.15748031496063 que
54.425196850393704 560.9763779527559 43.08661417322835 16.15748031496063 très
81.35433070866142 560.9763779527559 96.94488188976378 16.15748031496063 incomplètement
162.14173228346456 560.9763779527559 59.24409448818898 16.15748031496063 définir
205.22834645669292 560.9763779527559 32.31496062992126 16.15748031496063 la
221.38582677165354 560.9763779527559 86.1732283464567 16.15748031496063 physionomie.
291.11811023622045 560.9763779527559 59.24409448818898 16.15748031496063 L’œuvre
334.20472440944883 560.9763779527559 32.31496062992126 16.15748031496063 de
350.3622047244094 560.9763779527559 48.47244094488189 16.15748031496063 cette
377.29133858267716 560.9763779527559 64.62992125984252 16.15748031496063 génération

394.5826771653543 605.1968503937007 24.944881889763778 13.039370078740157 21
