515.3385826771654 625.6062992125984
70.86614173228347 3.4015748031496065 43.93700787401575 18.708661417322833 IRAN

120.75590551181102 28.062992125984252 75.11811023622047 21.543307086614174 L’évolution
180.8503937007874 28.062992125984252 30.04724409448819 21.543307086614174 de
195.8740157480315 28.062992125984252 45.07086614173228 21.543307086614174 l’art
225.92125984251967 28.062992125984252 30.04724409448819 21.543307086614174 de
240.9448818897638 28.062992125984252 50.173228346456696 21.543307086614174 Zendeh
276.09448818897636 28.062992125984252 45.07086614173228 21.543307086614174 Roudi
306.1417322834646 28.062992125984252 35.1496062992126 21.543307086614174 est
325.98425196850394 28.062992125984252 65.19685039370079 21.543307086614174 étonnante
376.15748031496065 28.062992125984252 50.173228346456696 21.543307086614174 depuis
411.3070866141732 28.062992125984252 30.04724409448819 21.543307086614174 sa
421.2283464566929 28.062992125984252 75.11811023622047 21.543307086614174 participation

111.68503937007874 43.93700787401575 24.37795275590551 20.976377952755904 à
121.32283464566929 43.93700787401575 78.23622047244095 20.976377952755904 l’exposition
184.8188976377953 43.93700787401575 39.118110236220474 20.976377952755904 d’il
209.1968503937008 43.93700787401575 24.37795275590551 20.976377952755904 y
219.11811023622047 43.93700787401575 24.37795275590551 20.976377952755904 a
228.75590551181102 43.93700787401575 39.118110236220474 20.976377952755904 deux
253.13385826771653 43.93700787401575 39.118110236220474 20.976377952755904 ans;
277.79527559055117 43.93700787401575 29.19685039370079 20.976377952755904 sa
292.251968503937 43.93700787401575 53.85826771653543 20.976377952755904 manière
331.37007874015745 43.93700787401575 43.93700787401575 20.976377952755904 quasi
360.8503937007874 43.93700787401575 68.31496062992126 20.976377952755904 académique
414.4251968503937 43.93700787401575 53.85826771653543 20.976377952755904 d’antan
453.54330708661416 43.93700787401575 24.37795275590551 20.976377952755904 a
458.3622047244094 43.93700787401575 39.118110236220474 20.976377952755904 laissé

110.55118110236221 58.960629921259844 52.724409448818896 19.275590551181104 place
145.70078740157481 58.960629921259844 29.19685039370079 19.275590551181104 à
157.60629921259843 58.960629921259844 41.10236220472441 19.275590551181104 une
180.8503937007874 58.960629921259844 70.2992125984252 19.275590551181104 éclosion
233.5748031496063 58.960629921259844 46.77165354330709 19.275590551181104 très
263.0551181102362 58.960629921259844 70.2992125984252 19.275590551181104 heureuse
315.496062992126 58.960629921259844 35.1496062992126 19.275590551181104 de
333.07086614173227 58.960629921259844 35.1496062992126 19.275590551181104 sa
350.6456692913386 58.960629921259844 99.49606299212599 19.275590551181104 personnalité.
432.8503937007874 58.960629921259844 64.34645669291339 19.275590551181104 Pendant
473.6692913385827 58.960629921259844 23.52755905511811 19.275590551181104 un

111.11811023622047 70.2992125984252 31.46456692913386 18.4251968503937 an
126.70866141732283 70.2992125984252 31.46456692913386 18.4251968503937 de
142.29921259842519 70.2992125984252 57.54330708661417 18.4251968503937 travail
184.251968503937 70.2992125984252 62.645669291338585 18.4251968503937 acharné,
231.0236220472441 70.2992125984252 31.46456692913386 18.4251968503937 il
246.89763779527559 70.2992125984252 26.078740157480315 18.4251968503937 a
257.1023622047244 70.2992125984252 57.54330708661417 18.4251968503937 produit
299.0551181102362 70.2992125984252 31.46456692913386 18.4251968503937 un
314.6456692913386 70.2992125984252 52.15748031496063 18.4251968503937 nombre
351.21259842519686 70.2992125984252 83.62204724409449 18.4251968503937 considérable
419.244094488189 70.2992125984252 62.645669291338585 18.4251968503937 d’œuvres
460.9133858267717 70.2992125984252 36.56692913385827 18.4251968503937 d’une

111.4015748031496 85.32283464566929 58.110236220472444 18.141732283464567 rigueur
153.92125984251967 85.32283464566929 95.24409448818898 18.141732283464567 déconcertante,
233.29133858267716 85.32283464566929 53.00787401574803 18.141732283464567 œuvres
270.4251968503937 85.32283464566929 42.23622047244095 18.141732283464567 dont
296.78740157480314 85.32283464566929 31.748031496062993 18.141732283464567 la
312.66141732283467 85.32283464566929 84.75590551181102 18.141732283464567 connaissance
381.54330708661416 85.32283464566929 42.23622047244095 18.141732283464567 nous
407.90551181102364 85.32283464566929 53.00787401574803 18.141732283464567 paraît
439.93700787401576 85.32283464566929 58.110236220472444 18.141732283464567 opportune

111.11811023622047 96.66141732283465 25.79527559055118 19.84251968503937 à
121.32283464566929 96.66141732283465 67.18110236220473 19.84251968503937 quiconque
172.91338582677164 96.66141732283465 72.28346456692914 19.84251968503937 désirerait
229.60629921259843 96.66141732283465 51.59055118110236 19.84251968503937 suivre
265.8897637795276 96.66141732283465 30.89763779527559 19.84251968503937 le
281.1968503937008 96.66141732283465 72.28346456692914 19.84251968503937 mystérieux
338.1732283464567 96.66141732283465 67.18110236220473 19.84251968503937 dynamisme
389.76377952755905 96.66141732283465 30.89763779527559 19.84251968503937 de
405.07086614173227 96.66141732283465 92.97637795275591 19.84251968503937 l’inconscience
477.3543307086614 96.66141732283465 20.69291338582677 19.84251968503937 de

110.83464566929133 110.83464566929133 69.73228346456693 18.141732283464567 l’artiste
164.69291338582678 110.83464566929133 80.50393700787401 18.141732283464567 aboutissant
229.03937007874015 110.83464566929133 26.929133858267715 18.141732283464567 à
239.81102362204723 110.83464566929133 37.7007874015748 18.141732283464567 ses
261.3543307086614 110.83464566929133 59.24409448818898 18.141732283464567 efforts
304.4409448818898 110.83464566929133 64.34645669291339 18.141732283464567 actuels;
352.62992125984255 110.83464566929133 43.08661417322835 18.141732283464567 nous
379.5590551181102 110.83464566929133 43.08661417322835 18.141732283464567 nous
406.48818897637796 110.83464566929133 53.85826771653543 18.141732283464567 sommes
438.5196850393701 110.83464566929133 59.24409448818898 18.141732283464567 contentés

109.7007874015748 123.30708661417323 47.05511811023622 19.84251968503937 d’en
139.1811023622047 123.30708661417323 88.44094488188976 19.84251968503937 représenter
210.04724409448818 123.30708661417323 47.05511811023622 19.84251968503937 deux
239.24409448818898 123.30708661417323 82.48818897637796 19.84251968503937 spécimens.
304.15748031496065 123.30708661417323 94.39370078740157 19.84251968503937 Brusquement,
380.6929133858268 123.30708661417323 53.00787401574803 19.84251968503937 comme
416.12598425196853 123.30708661417323 53.00787401574803 19.84251968503937 hanté
451.5590551181102 123.30708661417323 41.10236220472441 19.84251968503937 par
469.13385826771656 123.30708661417323 29.480314960629922 19.84251968503937 des

110.83464566929133 139.46456692913387 59.52755905511811 17.291338582677167 esprits,
155.6220472440945 139.46456692913387 29.763779527559056 17.291338582677167 il
170.64566929133858 139.46456692913387 49.60629921259842 17.291338582677167 laissa
205.22834645669292 139.46456692913387 29.763779527559056 17.291338582677167 de
220.251968503937 139.46456692913387 39.68503937007874 17.291338582677167 côté
244.91338582677164 139.46456692913387 29.763779527559056 17.291338582677167 la
259.93700787401576 139.46456692913387 49.60629921259842 17.291338582677167 brosse
294.5196850393701 139.46456692913387 29.763779527559056 17.291338582677167 et
309.54330708661416 139.46456692913387 29.763779527559056 17.291338582677167 la
324.2834645669291 139.46456692913387 44.78740157480315 17.291338582677167 toile
354.0472440944882 139.46456692913387 39.68503937007874 17.291338582677167 pour
378.99212598425197 139.46456692913387 69.44881889763779 17.291338582677167 s’attaquer
433.4173228346457 139.46456692913387 24.944881889763778 17.291338582677167 à
438.5196850393701 139.46456692913387 59.52755905511811 17.291338582677167 d’immenses

110.55118110236221 150.51968503937007 69.44881889763779 18.141732283464567 aquarelles
165.25984251968504 150.51968503937007 64.62992125984252 18.141732283464567 bizarres,
215.1496062992126 150.51968503937007 49.60629921259842 18.141732283464567 sortes
249.73228346456693 150.51968503937007 29.763779527559056 18.141732283464567 de
264.755905511811 150.51968503937007 54.70866141732284 18.141732283464567 grandes
304.4409448818898 150.51968503937007 69.44881889763779 18.141732283464567 empreintes
359.1496062992126 150.51968503937007 74.55118110236221 18.141732283464567 d’incisions
418.6771653543307 150.51968503937007 39.68503937007874 18.141732283464567 dans
438.8031496062992 150.51968503937007 59.52755905511811 18.141732283464567 lesquelles

110.26771653543307 163.55905511811022 31.181102362204726 18.4251968503937 la
125.85826771653544 163.55905511811022 56.976377952755904 18.4251968503937 couleur
167.24409448818898 163.55905511811022 36.28346456692913 18.4251968503937 est
187.93700787401573 163.55905511811022 56.976377952755904 18.4251968503937 souvent
229.3228346456693 163.55905511811022 56.976377952755904 18.4251968503937 obtenue
270.70866141732284 163.55905511811022 36.28346456692913 18.4251968503937 par
291.40157480314963 163.55905511811022 36.28346456692913 18.4251968503937 des
312.09448818897636 163.55905511811022 51.874015748031496 18.4251968503937 traits
348.37795275590554 163.55905511811022 46.488188976377955 18.4251968503937 d’une
379.2755905511811 163.55905511811022 46.488188976377955 18.4251968503937 force
410.45669291338584 163.55905511811022 56.976377952755904 18.4251968503937 magique
451.84251968503935 163.55905511811022 46.488188976377955 18.4251968503937 qu’on
477.6377952755906 163.55905511811022 20.69291338582677 18.4251968503937 ne

110.83464566929133 176.03149606299212 58.960629921259844 20.976377952755904 retrouve
155.0551181102362 176.03149606299212 34.2992125984252 20.976377952755904 que
174.61417322834646 176.03149606299212 34.2992125984252 20.976377952755904 sur
194.17322834645668 176.03149606299212 63.77952755905512 20.976377952755904 certaines
243.49606299212599 176.03149606299212 34.2992125984252 20.976377952755904 des
263.0551181102362 176.03149606299212 63.77952755905512 20.976377952755904 anciennes
312.09448818897636 176.03149606299212 63.77952755905512 20.976377952755904 amulettes
361.4173228346457 176.03149606299212 29.480314960629922 20.976377952755904 et
376.15748031496065 176.03149606299212 34.2992125984252 20.976377952755904 sur
395.7165354330709 176.03149606299212 34.2992125984252 20.976377952755904 des
415.2755905511811 176.03149606299212 49.039370078740156 20.976377952755904 pièces
449.8582677165354 176.03149606299212 24.661417322834644 20.976377952755904 à
454.6771653543307 176.03149606299212 44.22047244094488 20.976377952755904 l’usage

109.98425196850394 188.78740157480314 31.181102362204726 20.409448818897637 de
125.5748031496063 188.78740157480314 83.05511811023622 20.409448818897637 l’exorcisme.
192.75590551181102 188.78740157480314 31.181102362204726 20.409448818897637 On
208.3464566929134 188.78740157480314 36.28346456692913 20.409448818897637 l’a
229.3228346456693 188.78740157480314 36.28346456692913 20.409448818897637 vu,
250.01574803149606 188.78740157480314 25.79527559055118 20.409448818897637 à
260.2204724409449 188.78740157480314 31.181102362204726 20.409448818897637 sa
275.81102362204723 188.78740157480314 62.36220472440945 20.409448818897637 dernière
322.5826771653543 188.78740157480314 72.56692913385827 20.409448818897637 exposition
379.5590551181102 188.78740157480314 31.181102362204726 20.409448818897637 de
395.1496062992126 188.78740157480314 62.36220472440945 20.409448818897637 Téhéran,
441.9212598425197 188.78740157480314 31.181102362204726 20.409448818897637 se
452.12598425196853 188.78740157480314 46.77165354330709 20.409448818897637 réjouir

109.98425196850394 204.3779527559055 61.511811023622045 17.5748031496063 d’étaler
156.18897637795277 204.3779527559055 51.30708661417323 17.5748031496063 devant
191.90551181102362 204.3779527559055 35.71653543307087 17.5748031496063 les
212.31496062992127 204.3779527559055 41.10236220472441 17.5748031496063 yeux
238.11023622047244 204.3779527559055 56.40944881889764 17.5748031496063 hagards
278.92913385826773 204.3779527559055 35.71653543307087 17.5748031496063 des
299.33858267716533 204.3779527559055 66.61417322834646 17.5748031496063 visiteurs
350.6456692913386 204.3779527559055 97.22834645669292 17.5748031496063 d’interminables
432.56692913385825 204.3779527559055 66.61417322834646 17.5748031496063 rouleaux,
478.7716535433071 204.3779527559055 20.409448818897637 17.5748031496063 de

109.7007874015748 219.4015748031496 49.889763779527556 15.023622047244094 quinze
144.8503937007874 219.4015748031496 49.889763779527556 15.023622047244094 mêtres
179.71653543307087 219.4015748031496 30.04724409448819 15.023622047244094 de
194.74015748031496 219.4015748031496 39.968503937007874 15.023622047244094 long
219.68503937007873 219.4015748031496 59.811023622047244 15.023622047244094 parfois,
264.4724409448819 219.4015748031496 39.968503937007874 15.023622047244094 dans
289.4173228346457 219.4015748031496 59.811023622047244 15.023622047244094 lesquels
334.20472440944883 219.4015748031496 34.86614173228347 15.023622047244094 les
354.3307086614173 219.4015748031496 49.889763779527556 15.023622047244094 traits
389.1968503937008 219.4015748031496 79.93700787401575 15.023622047244094 fourmillants
449.00787401574803 219.4015748031496 49.889763779527556 15.023622047244094 remplis-

109.41732283464567 230.45669291338584 51.874015748031496 15.874015748031496 saient
145.70078740157481 230.45669291338584 36.28346456692913 15.874015748031496 des
166.39370078740157 230.45669291338584 57.25984251968504 15.874015748031496 images,
208.06299212598427 230.45669291338584 67.46456692913385 15.874015748031496 rappelant
259.93700787401576 230.45669291338584 36.28346456692913 15.874015748031496 les
280.9133858267717 230.45669291338584 51.874015748031496 15.874015748031496 signes
317.1968503937008 230.45669291338584 57.25984251968504 15.874015748031496 curieux
358.86614173228344 230.45669291338584 36.28346456692913 15.874015748031496 des
379.5590551181102 230.45669291338584 46.77165354330709 15.874015748031496 vieux
405.6377952755906 230.45669291338584 67.46456692913385 15.874015748031496 astrolabes.

118.48818897637796 241.79527559055117 53.00787401574803 20.976377952755904 Certes,
157.03937007874015 241.79527559055117 43.37007874015748 20.976377952755904 l’art
185.95275590551182 241.79527559055117 28.913385826771652 20.976377952755904 de
200.40944881889763 241.79527559055117 48.188976377952756 20.976377952755904 Zendeh
234.14173228346456 241.79527559055117 43.37007874015748 20.976377952755904 Roudi
263.0551181102362 241.79527559055117 53.00787401574803 20.976377952755904 enfonce
301.6062992125984 241.79527559055117 28.913385826771652 20.976377952755904 sa
316.06299212598424 241.79527559055117 48.188976377952756 20.976377952755904 racine
349.79527559055117 241.79527559055117 38.55118110236221 20.976377952755904 dans
373.8897637795276 241.79527559055117 28.913385826771652 20.976377952755904 la
388.34645669291336 241.79527559055117 38.55118110236221 20.976377952755904 très
412.4409448818898 241.79527559055117 53.00787401574803 20.976377952755904 vieille
446.1732283464567 241.79527559055117 53.00787401574803 20.976377952755904 tradition

108.56692913385827 257.9527559055118 58.960629921259844 18.4251968503937 persane
151.37007874015748 257.9527559055118 32.031496062992126 18.4251968503937 et
167.5275590551181 257.9527559055118 58.960629921259844 18.4251968503937 remonte
210.33070866141733 257.9527559055118 26.929133858267715 18.4251968503937 à
221.10236220472441 257.9527559055118 53.574803149606296 18.4251968503937 l’aube
258.5196850393701 257.9527559055118 32.031496062992126 18.4251968503937 de
274.6771653543307 257.9527559055118 75.11811023622047 18.4251968503937 l’histoire
333.6377952755906 257.9527559055118 32.031496062992126 18.4251968503937 où
349.79527559055117 257.9527559055118 37.41732283464567 18.4251968503937 les
371.0551181102362 257.9527559055118 48.188976377952756 18.4251968503937 Mages
403.37007874015745 257.9527559055118 26.929133858267715 18.4251968503937 «
414.1417322834646 257.9527559055118 42.803149606299215 18.4251968503937 Mogo
440.78740157480314 257.9527559055118 26.929133858267715 18.4251968503937 »
446.1732283464567 257.9527559055118 53.574803149606296 18.4251968503937 iraniens

108.56692913385827 271.2755905511811 85.88976377952756 18.141732283464567 pratiquaient
178.29921259842519 271.2755905511811 48.188976377952756 18.141732283464567 leurs
210.61417322834646 271.2755905511811 64.34645669291339 18.141732283464567 sciences
258.8031496062992 271.2755905511811 42.803149606299215 18.141732283464567 avec
285.4488188976378 271.2755905511811 32.31496062992126 18.141732283464567 un
301.6062992125984 271.2755905511811 37.41732283464567 18.141732283464567 art
323.1496062992126 271.2755905511811 69.73228346456693 18.141732283464567 graphique
376.7244094488189 271.2755905511811 64.34645669291339 18.141732283464567 consommé
424.9133858267717 271.2755905511811 69.73228346456693 18.141732283464567 (n’est-il
473.1023622047244 271.2755905511811 26.929133858267715 18.141732283464567 pas

108.56692913385827 282.8976377952756 69.44881889763779 18.708661417322833 d’ailleurs
162.99212598425197 282.8976377952756 44.503937007874015 18.708661417322833 admis
192.75590551181102 282.8976377952756 34.58267716535433 18.708661417322833 que
212.5984251968504 282.8976377952756 29.763779527559056 18.708661417322833 la
227.33858267716536 282.8976377952756 44.503937007874015 18.708661417322833 magie
257.1023622047244 282.8976377952756 24.661417322834644 18.708661417322833 a
267.0236220472441 282.8976377952756 34.58267716535433 18.708661417322833 été
286.86614173228344 282.8976377952756 24.661417322834644 18.708661417322833 à
296.78740157480314 282.8976377952756 64.34645669291339 18.708661417322833 l’origine
346.3937007874016 282.8976377952756 29.763779527559056 18.708661417322833 de
361.13385826771656 282.8976377952756 59.52755905511811 18.708661417322833 l’art?),
405.9212598425197 282.8976377952756 39.68503937007874 18.708661417322833 mais
430.5826771653543 282.8976377952756 34.58267716535433 18.708661417322833 cet
450.4251968503937 282.8976377952756 34.58267716535433 18.708661417322833 art
465.4488188976378 282.8976377952756 34.58267716535433 18.708661417322833 reste

108.0 295.93700787401576 25.228346456692915 18.141732283464567 à
118.20472440944881 295.93700787401576 50.173228346456696 18.141732283464567 jamais
153.35433070866142 295.93700787401576 50.173228346456696 18.141732283464567 actuel
188.50393700787401 295.93700787401576 30.04724409448819 18.141732283464567 en
203.5275590551181 295.93700787401576 40.25196850393701 18.141732283464567 tant
228.75590551181102 295.93700787401576 85.32283464566929 18.141732283464567 qu’expression
299.0551181102362 295.93700787401576 30.04724409448819 18.141732283464567 la
314.0787401574803 295.93700787401576 40.25196850393701 18.141732283464567 plus
339.3070866141732 295.93700787401576 65.19685039370079 18.141732283464567 spontanée
389.4803149606299 295.93700787401576 30.04724409448819 18.141732283464567 de
404.503937007874 295.93700787401576 45.354330708661415 18.141732283464567 l’âme
434.8346456692913 295.93700787401576 40.25196850393701 18.141732283464567 d’un
454.6771653543307 295.93700787401576 45.354330708661415 18.141732283464567 artiste

108.0 310.96062992125985 49.60629921259842 17.291338582677167 nourri
142.86614173228347 310.96062992125985 44.78740157480315 17.291338582677167 d’une
172.62992125984252 310.96062992125985 79.37007874015748 17.291338582677167 civilisation
237.25984251968504 310.96062992125985 74.55118110236221 17.291338582677167 millénaire,
296.78740157480314 310.96062992125985 39.68503937007874 17.291338582677167 avec
321.73228346456693 310.96062992125985 29.763779527559056 17.291338582677167 le
336.4724409448819 310.96062992125985 44.78740157480315 17.291338582677167 souci
366.23622047244095 310.96062992125985 59.52755905511811 17.291338582677167 constant
411.0236220472441 310.96062992125985 44.78740157480315 17.291338582677167 d’une
435.68503937007875 310.96062992125985 64.62992125984252 17.291338582677167 composition

107.43307086614173 322.01574803149606 36.56692913385827 17.291338582677167 qui
128.1259842519685 322.01574803149606 31.46456692913386 17.291338582677167 se
144.0 322.01574803149606 41.95275590551181 17.291338582677167 veut
170.07874015748033 322.01574803149606 68.03149606299213 17.291338582677167 plastique
222.23622047244095 322.01574803149606 73.13385826771653 17.291338582677167 par-dessus
274.6771653543307 322.01574803149606 36.56692913385827 17.291338582677167 tout.

117.35433070866142 333.9212598425197 31.181102362204726 21.543307086614174 De
132.9448818897638 333.9212598425197 46.488188976377955 21.543307086614174 l’art
163.84251968503938 333.9212598425197 31.181102362204726 21.543307086614174 de
179.43307086614172 333.9212598425197 67.46456692913385 21.543307086614174 Chahvagh,
231.30708661417322 333.9212598425197 67.46456692913385 21.543307086614174 sculpteur
282.8976377952756 333.9212598425197 62.07874015748032 21.543307086614174 peintre,
329.6692913385827 333.9212598425197 41.38582677165354 21.543307086614174 nous
355.46456692913387 333.9212598425197 31.181102362204726 21.543307086614174 ne
371.0551181102362 333.9212598425197 62.07874015748032 21.543307086614174 pouvons,
412.4409448818898 333.9212598425197 88.15748031496064 21.543307086614174 malheureusement

106.01574803149606 346.96062992125985 48.75590551181102 22.393700787401574 faute
138.33070866141733 346.96062992125985 32.59842519685039 22.393700787401574 de
154.77165354330708 346.96062992125985 54.14173228346457 22.393700787401574 place,
192.4724409448819 346.96062992125985 59.52755905511811 22.393700787401574 exposer
235.84251968503938 346.96062992125985 54.14173228346457 22.393700787401574 qu’une
273.8267716535433 346.96062992125985 48.75590551181102 22.393700787401574 seule
306.1417322834646 346.96062992125985 54.14173228346457 22.393700787401574 œuvre.
344.12598425196853 346.96062992125985 64.91338582677166 22.393700787401574 Chahvagh
392.59842519685037 346.96062992125985 64.91338582677166 22.393700787401574 pratique
441.3543307086614 346.96062992125985 54.14173228346457 22.393700787401574 depuis
473.9527559055118 346.96062992125985 26.929133858267715 22.393700787401574 des

106.58267716535433 362.5511811023622 53.29133858267716 16.724409448818896 années
144.0 362.5511811023622 32.031496062992126 16.724409448818896 un
159.8740157480315 362.5511811023622 37.41732283464567 16.724409448818896 art
181.13385826771653 362.5511811023622 32.031496062992126 16.724409448818896 en
197.29133858267716 362.5511811023622 47.90551181102362 16.724409448818896 quête
229.03937007874015 362.5511811023622 32.031496062992126 16.724409448818896 de
245.1968503937008 362.5511811023622 32.031496062992126 16.724409448818896 la
261.07086614173227 362.5511811023622 95.81102362204724 16.724409448818896 reconciliation
341.00787401574803 362.5511811023622 47.90551181102362 16.724409448818896 entre
373.03937007874015 362.5511811023622 37.41732283464567 16.724409448818896 une
394.2992125984252 362.5511811023622 53.29133858267716 16.724409448818896 pensée
426.3307086614173 362.5511811023622 74.55118110236221 16.724409448818896 métaphysique

107.71653543307086 374.1732283464567 43.653543307086615 18.708661417322833 d’une
136.91338582677164 374.1732283464567 43.653543307086615 18.708661417322833 part,
165.82677165354332 374.1732283464567 29.19685039370079 18.708661417322833 et
180.56692913385828 374.1732283464567 34.01574803149607 18.708661417322833 les
199.84251968503938 374.1732283464567 63.21259842519685 18.708661417322833 exigences
248.31496062992127 374.1732283464567 38.83464566929134 18.708661417322833 d’un
272.6929133858268 374.1732283464567 34.01574803149607 18.708661417322833 art
292.251968503937 374.1732283464567 58.39370078740158 18.708661417322833 matériel
335.90551181102364 374.1732283464567 29.19685039370079 18.708661417322833 de
350.3622047244094 374.1732283464567 58.39370078740158 18.708661417322833 l’autre.
394.01574803149606 374.1732283464567 43.653543307086615 18.708661417322833 C’est
423.21259842519686 374.1732283464567 29.19685039370079 18.708661417322833 un
437.6692913385827 374.1732283464567 34.01574803149607 18.708661417322833 art
452.40944881889766 374.1732283464567 48.47244094488189 18.708661417322833 dualiste

106.58267716535433 386.0787401574803 39.68503937007874 22.11023622047244 qui
129.25984251968504 386.0787401574803 39.68503937007874 22.11023622047244 est
151.93700787401573 386.0787401574803 34.01574803149607 22.11023622047244 en
168.9448818897638 386.0787401574803 45.354330708661415 22.11023622047244 même
197.00787401574803 386.0787401574803 51.023622047244096 22.11023622047244 temps
231.0236220472441 386.0787401574803 45.354330708661415 22.11023622047244 issu
259.37007874015745 386.0787401574803 34.01574803149607 22.11023622047244 de
276.37795275590554 386.0787401574803 28.346456692913385 22.11023622047244 «
287.7165354330709 386.0787401574803 84.75590551181102 22.11023622047244 Ahura-Mazda
355.46456692913387 386.0787401574803 28.346456692913385 22.11023622047244 »
366.8031496062992 386.0787401574803 34.01574803149607 22.11023622047244 et
383.81102362204723 386.0787401574803 34.01574803149607 22.11023622047244 de
400.81889763779526 386.0787401574803 28.346456692913385 22.11023622047244 «
412.15748031496065 386.0787401574803 62.07874015748032 22.11023622047244 Ahriman
451.5590551181102 386.0787401574803 22.677165354330707 22.11023622047244 ».

115.65354330708661 399.68503937007875 46.20472440944882 19.275590551181104 Qu’on
146.5511811023622 399.68503937007875 30.89763779527559 19.275590551181104 ne
161.85826771653544 399.68503937007875 41.10236220472441 19.275590551181104 nous
187.6535433070866 399.68503937007875 30.89763779527559 19.275590551181104 en
202.96062992125985 399.68503937007875 56.40944881889764 19.275590551181104 veuille
244.06299212598427 399.68503937007875 36.0 19.275590551181104 pas
264.755905511811 399.68503937007875 36.0 19.275590551181104 si,
285.1653543307087 399.68503937007875 41.10236220472441 19.275590551181104 dans
310.96062992125985 399.68503937007875 36.0 19.275590551181104 une
331.65354330708664 399.68503937007875 72.0 19.275590551181104 exposition
388.06299212598424 399.68503937007875 30.89763779527559 19.275590551181104 de
403.37007874015745 399.68503937007875 46.20472440944882 19.275590551181104 l’art
434.26771653543307 399.68503937007875 56.40944881889764 19.275590551181104 actuel,
470.26771653543307 399.68503937007875 30.89763779527559 19.275590551181104 nous

106.86614173228347 410.74015748031496 67.46456692913385 22.393700787401574 insistons
158.74015748031496 410.74015748031496 36.28346456692913 22.393700787401574 sur
179.43307086614172 410.74015748031496 26.078740157480315 22.393700787401574 «
189.92125984251967 410.74015748031496 93.54330708661418 22.393700787401574 l’affligeante!
267.87401574803147 410.74015748031496 26.078740157480315 22.393700787401574 »
278.3622047244094 410.74015748031496 67.46456692913385 22.393700787401574 tradition
330.23622047244095 410.74015748031496 36.28346456692913 22.393700787401574 car
350.92913385826773 410.74015748031496 46.77165354330709 22.393700787401574 c’est
382.1102362204724 410.74015748031496 46.77165354330709 22.393700787401574 ainsi
413.29133858267716 410.74015748031496 36.28346456692913 22.393700787401574 que
434.26771653543307 410.74015748031496 41.669291338582674 22.393700787401574 nous
454.96062992125985 410.74015748031496 46.77165354330709 22.393700787401574 pouvons

106.86614173228347 428.59842519685037 56.40944881889764 20.125984251968504 rester
146.26771653543307 428.59842519685037 95.81102362204724 20.125984251968504 effectivement
225.35433070866142 428.59842519685037 84.4724409448819 20.125984251968504 nous-mêmes.
292.81889763779526 428.59842519685037 50.74015748031496 20.125984251968504 Qu’il
326.8346456692913 428.59842519685037 33.732283464566926 20.125984251968504 me
343.5590551181102 428.59842519685037 45.07086614173228 20.125984251968504 soit
371.90551181102364 428.59842519685037 56.40944881889764 20.125984251968504 permis
411.3070866141732 428.59842519685037 33.732283464566926 20.125984251968504 de
428.31496062992125 428.59842519685037 73.13385826771653 20.125984251968504 reprendre
478.7716535433071 428.59842519685037 22.677165354330707 20.125984251968504 la

106.01574803149606 439.93700787401576 61.22834645669291 23.52755905511811 fameuse
150.8031496062992 439.93700787401576 83.62204724409449 23.52755905511811 déclaration
217.41732283464566 439.93700787401576 33.44881889763779 23.52755905511811 de
234.14173228346456 439.93700787401576 33.44881889763779 23.52755905511811 M.
250.86614173228347 439.93700787401576 72.56692913385827 23.52755905511811 Danielou,
306.70866141732284 439.93700787401576 50.173228346456696 23.52755905511811 comme
340.15748031496065 439.93700787401576 77.95275590551181 23.52755905511811 conclusion
401.38582677165357 439.93700787401576 33.44881889763779 23.52755905511811 au
418.1102362204724 439.93700787401576 61.22834645669291 23.52755905511811 Congrès
457.2283464566929 439.93700787401576 44.503937007874015 23.52755905511811 inter-

107.43307086614173 451.2755905511811 62.36220472440945 21.25984251968504 national
154.20472440944883 451.2755905511811 31.181102362204726 21.25984251968504 de
169.79527559055117 451.2755905511811 31.181102362204726 21.25984251968504 la
185.10236220472441 451.2755905511811 57.25984251968504 21.25984251968504 musique
226.77165354330708 451.2755905511811 31.181102362204726 21.25984251968504 de
242.36220472440945 451.2755905511811 57.25984251968504 21.25984251968504 Téhéran
284.0314960629921 451.2755905511811 26.078740157480315 21.25984251968504 :
294.23622047244095 451.2755905511811 26.078740157480315 21.25984251968504 «
304.7244094488189 451.2755905511811 46.77165354330709 21.25984251968504 C’est
335.90551181102364 451.2755905511811 41.669291338582674 21.25984251968504 dans
361.7007874015748 451.2755905511811 46.77165354330709 21.25984251968504 notre
392.88188976377955 451.2755905511811 67.46456692913385 21.25984251968504 diversité
444.755905511811 451.2755905511811 36.28346456692913 21.25984251968504 que
460.34645669291336 451.2755905511811 41.669291338582674 21.25984251968504 réside

107.14960629921259 464.59842519685037 46.77165354330709 21.25984251968504 notre
138.33070866141733 464.59842519685037 57.25984251968504 21.25984251968504 pouvoir
179.71653543307087 464.59842519685037 72.56692913385827 21.25984251968504 d’échange.
236.9763779527559 464.59842519685037 46.77165354330709 21.25984251968504 C’est
268.15748031496065 464.59842519685037 57.25984251968504 21.25984251968504 lorsque
309.54330708661416 464.59842519685037 51.874015748031496 21.25984251968504 chacun
345.8267716535433 464.59842519685037 31.181102362204726 21.25984251968504 de
361.4173228346457 464.59842519685037 41.669291338582674 21.25984251968504 nous
387.496062992126 464.59842519685037 36.28346456692913 21.25984251968504 est
408.18897637795277 464.59842519685037 62.36220472440945 21.25984251968504 vraiment
449.8582677165354 464.59842519685037 51.874015748031496 21.25984251968504 lui

106.58267716535433 479.90551181102364 39.40157480314961 22.96062992125984 que
129.25984251968504 479.90551181102364 45.07086614173228 22.96062992125984 nous
157.3228346456693 479.90551181102364 56.40944881889764 22.96062992125984 sommes
197.00787401574803 479.90551181102364 45.07086614173228 22.96062992125984 tous
225.0708661417323 479.90551181102364 50.74015748031496 22.96062992125984 égaux
259.0866141732283 479.90551181102364 33.732283464566926 22.96062992125984 et
275.81102362204723 479.90551181102364 39.40157480314961 22.96062992125984 que
298.48818897637796 479.90551181102364 45.07086614173228 22.96062992125984 nous
326.8346456692913 479.90551181102364 62.07874015748032 22.96062992125984 pouvons
371.90551181102364 479.90551181102364 56.40944881889764 22.96062992125984 parler
411.3070866141732 479.90551181102364 33.732283464566926 22.96062992125984 la
428.31496062992125 479.90551181102364 45.07086614173228 22.96062992125984 tête
450.99212598425197 479.90551181102364 50.74015748031496 22.96062992125984 haute..

107.14960629921259 491.81102362204723 33.732283464566926 28.062992125984252 sur
126.4251968503937 491.81102362204723 28.913385826771652 28.062992125984252 le
140.88188976377953 491.81102362204723 38.55118110236221 28.062992125984252 plan
164.9763779527559 491.81102362204723 53.00787401574803 28.062992125984252 social,
203.5275590551181 491.81102362204723 48.188976377952756 28.062992125984252 moral,
237.25984251968504 491.81102362204723 57.826771653543304 28.062992125984252 musical,
280.62992125984255 491.81102362204723 28.913385826771652 28.062992125984252 il
295.0866141732283 491.81102362204723 57.826771653543304 28.062992125984252 n’existe
338.45669291338584 491.81102362204723 33.732283464566926 28.062992125984252 pas
357.73228346456693 491.81102362204723 28.913385826771652 28.062992125984252 de
372.18897637795277 491.81102362204723 53.00787401574803 28.062992125984252 critère
410.74015748031496 491.81102362204723 62.645669291338585 28.062992125984252 absolu...
458.92913385826773 491.81102362204723 24.094488188976378 28.062992125984252 »
468.56692913385825 491.81102362204723 28.913385826771652 28.062992125984252 et
478.20472440944883 491.81102362204723 24.094488188976378 28.062992125984252 sur

107.43307086614173 503.43307086614175 43.08661417322835 24.37795275590551 l’art
136.06299212598427 503.43307086614175 62.36220472440945 24.37795275590551 plastique
183.96850393700788 503.43307086614175 33.44881889763779 24.37795275590551 non
203.24409448818898 503.43307086614175 43.08661417322835 24.37795275590551 plus,
227.33858267716536 503.43307086614175 71.71653543307086 24.37795275590551 ajouterai

419.244094488189 557.007874015748 47.05511811023622 20.976377952755904 Akbar
445.3228346456693 557.007874015748 57.25984251968504 20.976377952755904 Tadjvidi.

119.90551181102362 596.1259842519685 27.212598425196852 12.472440944881889 58
