515.3385826771654 625.6062992125984
68.31496062992126 2.8346456692913384 76.53543307086615 20.976377952755904 HONGRIE

112.53543307086615 26.078740157480315 30.330708661417322 23.52755905511811 et
127.84251968503936 26.078740157480315 35.43307086614173 23.52755905511811 une
147.96850393700788 26.078740157480315 70.86614173228347 23.52755905511811 conviction
203.5275590551181 26.078740157480315 70.86614173228347 23.52755905511811 profondes,
259.37007874015745 26.078740157480315 30.330708661417322 23.52755905511811 la
274.3937007874016 26.078740157480315 35.43307086614173 23.52755905511811 vie
294.5196850393701 26.078740157480315 35.43307086614173 23.52755905511811 des
314.92913385826773 26.078740157480315 60.661417322834644 23.52755905511811 ouvriers
360.2834645669291 26.078740157480315 30.330708661417322 23.52755905511811 et
375.59055118110234 26.078740157480315 35.43307086614173 23.52755905511811 des
395.7165354330709 26.078740157480315 60.661417322834644 23.52755905511811 paysans.
436.251968503937 26.078740157480315 60.661417322834644 23.52755905511811 Plusieuirs

113.10236220472441 43.93700787401575 54.99212598425197 22.11023622047244 d’entre
153.0708661417323 43.93700787401575 34.86614173228347 22.11023622047244 eux
173.1968503937008 43.93700787401575 34.86614173228347 22.11023622047244 ont
193.03937007874015 43.93700787401575 39.968503937007874 22.11023622047244 même
217.98425196850394 43.93700787401575 49.889763779527556 22.11023622047244 assumé
252.8503937007874 43.93700787401575 30.04724409448819 22.11023622047244 le
267.87401574803147 43.93700787401575 39.968503937007874 22.11023622047244 sort
292.81889763779526 43.93700787401575 59.811023622047244 22.11023622047244 miséreux
337.8897637795276 43.93700787401575 30.04724409448819 22.11023622047244 de
352.62992125984255 43.93700787401575 39.968503937007874 22.11023622047244 ceux
377.5748031496063 43.93700787401575 49.889763779527556 22.11023622047244 qu’ils
412.7244094488189 43.93700787401575 64.91338582677166 22.11023622047244 voulaient
457.51181102362204 43.93700787401575 39.968503937007874 22.11023622047244 repré-

113.38582677165354 58.960629921259844 47.338582677165356 18.4251968503937 senter
146.5511811023622 58.960629921259844 33.16535433070866 18.4251968503937 par
165.54330708661416 58.960629921259844 37.98425196850393 18.4251968503937 leur
189.35433070866142 58.960629921259844 37.98425196850393 18.4251968503937 art.
213.16535433070865 58.960629921259844 37.98425196850393 18.4251968503937 Mais
236.69291338582678 58.960629921259844 28.346456692913385 18.4251968503937 ce
250.86614173228347 58.960629921259844 42.803149606299215 18.4251968503937 n’est
279.496062992126 58.960629921259844 33.16535433070866 18.4251968503937 pas
298.48818897637796 58.960629921259844 28.346456692913385 18.4251968503937 un
312.66141732283467 58.960629921259844 33.16535433070866 18.4251968503937 art
331.65354330708664 58.960629921259844 42.803149606299215 18.4251968503937 isolé
360.0 58.960629921259844 28.346456692913385 18.4251968503937 et
374.1732283464567 58.960629921259844 66.33070866141732 18.4251968503937 provincial
426.3307086614173 58.960629921259844 56.976377952755904 18.4251968503937 hongrois
464.31496062992125 58.960629921259844 33.16535433070866 18.4251968503937 quils

113.66929133858268 73.13385826771653 64.06299212598425 18.141732283464567 voulaient
162.70866141732284 73.13385826771653 49.32283464566929 18.141732283464567 créer;
197.29133858267716 73.13385826771653 34.58267716535433 18.141732283464567 ils
217.13385826771653 73.13385826771653 34.58267716535433 18.141732283464567 ont
236.69291338582678 73.13385826771653 54.14173228346457 18.141732283464567 élaboré
276.09448818897636 73.13385826771653 44.22047244094488 18.141732283464567 leurs
305.5748031496063 73.13385826771653 49.32283464566929 18.141732283464567 formes
340.15748031496065 73.13385826771653 78.80314960629921 18.141732283464567 d’expression
404.2204724409449 73.13385826771653 29.480314960629922 18.141732283464567 en
418.96062992125985 73.13385826771653 49.32283464566929 18.141732283464567 pleine
448.4409448818898 73.13385826771653 49.32283464566929 18.141732283464567 connais-

114.23622047244095 87.02362204724409 41.10236220472441 20.125984251968504 sance
141.73228346456693 87.02362204724409 27.496062992125985 20.125984251968504 de
155.33858267716536 87.02362204724409 68.5984251968504 20.125984251968504 l’évolution
210.04724409448818 87.02362204724409 68.5984251968504 20.125984251968504 universelle
265.03937007874015 87.02362204724409 32.031496062992126 20.125984251968504 des
283.18110236220474 87.02362204724409 41.10236220472441 20.125984251968504 arts,
310.6771653543307 87.02362204724409 27.496062992125985 20.125984251968504 et
324.2834645669291 87.02362204724409 32.031496062992126 20.125984251968504 ces
342.70866141732284 87.02362204724409 45.63779527559055 20.125984251968504 formes
374.74015748031496 87.02362204724409 77.66929133858268 20.125984251968504 particulières
438.5196850393701 87.02362204724409 27.496062992125985 20.125984251968504 et
447.87401574803147 87.02362204724409 50.173228346456696 20.125984251968504 inédites,

113.66929133858268 102.33070866141732 39.40157480314961 18.992125984251967 tout
138.33070866141733 102.33070866141732 29.480314960629922 18.992125984251967 en
153.0708661417323 102.33070866141732 64.06299212598425 18.992125984251967 contenant
202.39370078740157 102.33070866141732 29.480314960629922 18.992125984251967 un
217.13385826771653 102.33070866141732 49.32283464566929 18.992125984251967 accent
251.71653543307087 102.33070866141732 68.88188976377953 18.992125984251967 dramatique
305.8582677165354 102.33070866141732 54.14173228346457 18.992125984251967 suggéré
345.25984251968504 102.33070866141732 34.58267716535433 18.992125984251967 par
364.81889763779526 102.33070866141732 29.480314960629922 18.992125984251967 le
379.84251968503935 102.33070866141732 44.503937007874015 18.992125984251967 sujet
409.3228346456693 102.33070866141732 44.503937007874015 18.992125984251967 même,
433.98425196850394 102.33070866141732 64.06299212598425 18.992125984251967 onttoujours

113.95275590551181 117.07086614173228 43.37007874015748 18.708661417322833 tendu
142.86614173228347 117.07086614173228 24.094488188976378 18.708661417322833 à
152.50393700787401 117.07086614173228 28.913385826771652 18.708661417322833 la
166.6771653543307 117.07086614173228 67.18110236220473 18.708661417322833 simplicité
219.68503937007873 117.07086614173228 28.913385826771652 18.708661417322833 et
234.14173228346456 117.07086614173228 24.094488188976378 18.708661417322833 à
243.7795275590551 117.07086614173228 28.913385826771652 18.708661417322833 la
258.23622047244095 117.07086614173228 67.18110236220473 18.708661417322833 concision.
310.96062992125985 117.07086614173228 62.36220472440945 18.708661417322833 D’autres,
358.86614173228344 117.07086614173228 28.913385826771652 18.708661417322833 en
373.3228346456693 117.07086614173228 67.18110236220473 18.708661417322833 continuant
426.3307086614173 117.07086614173228 33.732283464566926 18.708661417322833 les
440.78740157480314 117.07086614173228 57.54330708661417 18.708661417322833 traditions

114.80314960629921 133.79527559055117 28.346456692913385 16.15748031496063 de
128.9763779527559 133.79527559055117 52.15748031496063 16.15748031496063 l’école
166.96062992125985 133.79527559055117 28.346456692913385 16.15748031496063 de
181.13385826771653 133.79527559055117 28.346456692913385 16.15748031496063 la
195.30708661417322 133.79527559055117 47.338582677165356 16.15748031496063 grande
228.4724409448819 133.79527559055117 47.338582677165356 16.15748031496063 plaine
261.6377952755906 133.79527559055117 66.33070866141732 16.15748031496063 hongroise,
313.79527559055117 133.79527559055117 28.346456692913385 16.15748031496063 se
327.9685039370079 133.79527559055117 37.98425196850393 16.15748031496063 sont
351.496062992126 133.79527559055117 52.15748031496063 16.15748031496063 tournés
389.4803149606299 133.79527559055117 37.98425196850393 16.15748031496063 vers
413.00787401574803 133.79527559055117 28.346456692913385 16.15748031496063 un
427.46456692913387 133.79527559055117 42.51968503937008 16.15748031496063 style
450.99212598425197 133.79527559055117 47.338582677165356 16.15748031496063 pictural

114.80314960629921 146.5511811023622 41.38582677165354 18.141732283464567 plus
140.5984251968504 146.5511811023622 62.36220472440945 18.141732283464567 dissous.
187.37007874015748 146.5511811023622 46.77165354330709 18.141732283464567 Leurs
218.5511811023622 146.5511811023622 51.874015748031496 18.141732283464567 œuvres
254.83464566929135 146.5511811023622 83.05511811023622 18.141732283464567 représentent
322.2992125984252 146.5511811023622 51.874015748031496 18.141732283464567 autant
358.5826771653543 146.5511811023622 31.181102362204726 18.141732283464567 de
374.1732283464567 146.5511811023622 51.874015748031496 18.141732283464567 bornes
410.45669291338584 146.5511811023622 41.38582677165354 18.141732283464567 dans
431.1496062992126 146.5511811023622 67.46456692913385 18.141732283464567 l’évolutior

113.66929133858268 160.44094488188978 33.44881889763779 18.4251968503937 du
130.39370078740157 160.44094488188978 66.89763779527559 18.4251968503937 réalisme
180.8503937007874 160.44094488188978 33.44881889763779 18.4251968503937 et
197.5748031496063 160.44094488188978 39.118110236220474 18.4251968503937 des
219.68503937007873 160.44094488188978 55.84251968503937 18.4251968503937 moyens
258.8031496062992 160.44094488188978 89.29133858267717 18.4251968503937 d’expression
331.37007874015745 160.44094488188978 61.511811023622045 18.4251968503937 moderne
376.15748031496065 160.44094488188978 33.44881889763779 18.4251968503937 en
392.88188976377955 160.44094488188978 66.89763779527559 18.4251968503937 Hongrie.
437.38582677165357 160.44094488188978 61.511811023622045 18.4251968503937 L’exemple

114.23622047244095 178.29921259842519 77.95275590551181 15.023622047244094 convaincant
176.5984251968504 178.29921259842519 36.28346456692913 15.023622047244094 des
197.29133858267716 178.29921259842519 93.54330708661418 15.023622047244094 prédécesseurs,
275.244094488189 178.29921259842519 31.181102362204726 15.023622047244094 le
290.8346456692913 178.29921259842519 88.44094488188976 15.023622047244094 développement
363.68503937007875 178.29921259842519 31.181102362204726 15.023622047244094 de
379.2755905511811 178.29921259842519 41.669291338582674 15.023622047244094 leur
405.3543307086614 178.29921259842519 72.85039370078741 15.023622047244094 conception
457.2283464566929 178.29921259842519 41.669291338582674 15.023622047244094 artis-

114.23622047244095 188.78740157480314 46.77165354330709 17.5748031496063 tique
145.41732283464566 188.78740157480314 77.95275590551181 17.5748031496063 constituent
207.7795275590551 188.78740157480314 31.181102362204726 17.5748031496063 la
223.37007874015748 188.78740157480314 41.669291338582674 17.5748031496063 base
249.4488188976378 188.78740157480314 36.28346456692913 17.5748031496063 des
270.1417322834646 188.78740157480314 67.46456692913385 17.5748031496063 nouvelles
322.01574803149606 188.78740157480314 67.46456692913385 17.5748031496063 tendances
374.1732283464567 188.78740157480314 77.95275590551181 17.5748031496063 artistiques
431.43307086614175 188.78740157480314 67.46456692913385 17.5748031496063 hongroises.

124.7244094488189 204.66141732283464 38.83464566929134 18.4251968503937 Tous
149.10236220472441 204.66141732283464 34.01574803149607 18.4251968503937 les
168.3779527559055 204.66141732283464 58.39370078740158 18.4251968503937 artistes
212.03149606299212 204.66141732283464 34.01574803149607 18.4251968503937 qui
231.59055118110237 204.66141732283464 29.19685039370079 18.4251968503937 se
246.04724409448818 204.66141732283464 68.03149606299213 18.4251968503937 présentent
299.62204724409446 204.66141732283464 24.37795275590551 18.4251968503937 à
309.25984251968504 204.66141732283464 43.653543307086615 18.4251968503937 cette
338.45669291338584 204.66141732283464 58.39370078740158 18.4251968503937 deuxième
382.3937007874016 204.66141732283464 58.39370078740158 18.4251968503937 Biennale
426.0472440944882 204.66141732283464 29.19685039370079 18.4251968503937 de
440.503937007874 204.66141732283464 29.19685039370079 18.4251968503937 la
450.4251968503937 204.66141732283464 48.47244094488189 18.4251968503937 Jeunesse

114.51968503937007 221.38582677165354 37.41732283464567 17.007874015748033 ont
136.06299212598427 221.38582677165354 53.29133858267716 17.007874015748033 quitté
173.1968503937008 221.38582677165354 42.803149606299215 17.007874015748033 tout
200.1259842519685 221.38582677165354 69.44881889763779 17.007874015748033 récemment
253.41732283464566 221.38582677165354 58.67716535433071 17.007874015748033 l’Ecole
296.2204724409449 221.38582677165354 74.83464566929133 17.007874015748033 Supérieure
354.8976377952756 221.38582677165354 37.41732283464567 17.007874015748033 des
376.4409448818898 221.38582677165354 74.83464566929133 17.007874015748033 Beaux-Arts
435.11811023622045 221.38582677165354 32.031496062992126 17.007874015748033 de
445.8897637795276 221.38582677165354 53.29133858267716 17.007874015748033 Budapest

115.08661417322834 236.69291338582678 43.08661417322835 14.173228346456693 école
144.0 236.69291338582678 33.732283464566926 14.173228346456693 qui
162.99212598425197 236.69291338582678 38.267716535433074 14.173228346456693 leur
187.08661417322836 236.69291338582678 47.90551181102362 14.173228346456693 aurait
220.8188976377953 236.69291338582678 33.732283464566926 14.173228346456693 été
239.81102362204723 236.69291338582678 76.81889763779527 14.173228346456693 inaccessible
302.45669291338584 236.69291338582678 43.08661417322835 14.173228346456693 avant
331.0866141732283 236.69291338582678 28.913385826771652 14.173228346456693 la
345.54330708661416 236.69291338582678 52.724409448818896 14.173228346456693 guerre.
384.09448818897636 236.69291338582678 52.724409448818896 14.173228346456693 Presque
422.3622047244094 236.69291338582678 38.267716535433074 14.173228346456693 sans
441.6377952755906 236.69291338582678 57.54330708661417 14.173228346456693 exception,

115.65354330708661 249.16535433070865 32.31496062992126 19.559055118110237 ces
134.07874015748033 249.16535433070865 55.55905511811024 19.559055118110237 artistes
175.748031496063 249.16535433070865 32.31496062992126 19.559055118110237 ont
194.17322834645668 249.16535433070865 46.20472440944882 19.559055118110237 connu,
226.77165354330708 249.16535433070865 32.31496062992126 19.559055118110237 dès
245.1968503937008 249.16535433070865 64.91338582677166 19.559055118110237 l’enfance,
296.2204724409449 249.16535433070865 27.77952755905512 19.559055118110237 le
310.1102362204724 249.16535433070865 32.31496062992126 19.559055118110237 dur
328.53543307086613 249.16535433070865 51.023622047244096 19.559055118110237 travail
365.38582677165357 249.16535433070865 51.023622047244096 19.559055118110237 manuel.
402.5196850393701 249.16535433070865 37.13385826771653 19.559055118110237 Leur
425.76377952755905 249.16535433070865 46.20472440944882 19.559055118110237 talent
458.0787401574803 249.16535433070865 32.31496062992126 19.559055118110237 une
471.9685039370079 249.16535433070865 27.77952755905512 19.559055118110237 fois

115.93700787401575 264.755905511811 53.29133858267716 18.708661417322833 révélé,
154.77165354330708 264.755905511811 34.01574803149607 18.708661417322833 ils
174.04724409448818 264.755905511811 34.01574803149607 18.708661417322833 ont
193.60629921259843 264.755905511811 48.47244094488189 18.708661417322833 quitté
227.6220472440945 264.755905511811 58.39370078740158 18.708661417322833 l’usine,
271.2755905511811 264.755905511811 29.19685039370079 18.708661417322833 la
285.73228346456693 264.755905511811 38.83464566929134 18.708661417322833 mine
310.1102362204724 264.755905511811 29.19685039370079 18.708661417322833 ou
324.56692913385825 264.755905511811 29.19685039370079 18.708661417322833 la
339.3070866141732 264.755905511811 34.01574803149607 18.708661417322833 vie
358.5826771653543 264.755905511811 63.21259842519685 18.708661417322833 paysanne,
407.33858267716533 264.755905511811 38.83464566929134 18.708661417322833 pour
431.43307086614175 264.755905511811 48.47244094488189 18.708661417322833 entrer
460.62992125984255 264.755905511811 38.83464566929134 18.708661417322833 d’aboï

115.37007874015748 280.06299212598424 23.52755905511811 16.440944881889763 à
125.00787401574803 280.06299212598424 56.125984251968504 16.440944881889763 l’école,
166.96062992125985 280.06299212598424 37.41732283464567 16.440944881889763 puis
190.48818897637796 280.06299212598424 23.52755905511811 16.440944881889763 à
199.84251968503938 280.06299212598424 51.59055118110236 16.440944881889763 l’Ecole
237.25984251968504 280.06299212598424 65.48031496062993 16.440944881889763 Supérieure
288.8503937007874 280.06299212598424 32.881889763779526 16.440944881889763 des
307.5590551181102 280.06299212598424 70.2992125984252 16.440944881889763 Beaux-Arts.
363.9685039370079 280.06299212598424 46.77165354330709 16.440944881889763 Ainsi,
396.56692913385825 280.06299212598424 37.41732283464567 16.440944881889763 leur
420.09448818897636 280.06299212598424 56.125984251968504 16.440944881889763 attitude
457.51181102362204 280.06299212598424 42.23622047244095 16.440944881889763 humaine

115.65354330708661 295.37007874015745 28.913385826771652 16.724409448818896 et
130.11023622047244 295.37007874015745 67.18110236220473 16.724409448818896 artistique
182.83464566929135 295.37007874015745 28.913385826771652 16.724409448818896 se
197.29133858267716 295.37007874015745 47.90551181102362 16.724409448818896 trouve
231.0236220472441 295.37007874015745 67.18110236220473 16.724409448818896 déterminée
283.748031496063 295.37007874015745 33.732283464566926 16.724409448818896 par
303.0236220472441 295.37007874015745 43.37007874015748 16.724409448818896 cette
331.93700787401576 295.37007874015745 72.0 16.724409448818896 possibilité
389.4803149606299 295.37007874015745 52.724409448818896 16.724409448818896 devenue
428.0314960629921 295.37007874015745 43.37007874015748 16.724409448818896 toute
452.12598425196853 295.37007874015745 47.90551181102362 16.724409448818896 naturele

115.65354330708661 309.54330708661416 42.803149606299215 16.15748031496063 pour
142.29921259842519 309.54330708661416 42.803149606299215 16.15748031496063 eux,
168.9448818897638 309.54330708661416 32.031496062992126 16.15748031496063 de
185.10236220472441 309.54330708661416 32.031496062992126 16.15748031496063 se
200.9763779527559 309.54330708661416 90.70866141732283 16.15748031496063 perfectionner
275.81102362204723 309.54330708661416 32.031496062992126 16.15748031496063 et
291.9685039370079 309.54330708661416 53.29133858267716 16.15748031496063 d’être
329.1023622047244 309.54330708661416 64.06299212598425 16.15748031496063 exempts,
377.29133858267716 309.54330708661416 42.803149606299215 16.15748031496063 même
403.93700787401576 309.54330708661416 47.90551181102362 16.15748031496063 après
435.9685039370079 309.54330708661416 47.90551181102362 16.15748031496063 avoir
462.61417322834643 309.54330708661416 37.41732283464567 16.15748031496063 quité

116.50393700787401 322.2992125984252 60.661417322834644 14.740157480314961 l’école,
162.14173228346456 322.2992125984252 35.43307086614173 14.740157480314961 des
182.26771653543307 322.2992125984252 50.45669291338583 14.740157480314961 soucis
217.70078740157481 322.2992125984252 30.330708661417322 14.740157480314961 du
232.7244094488189 322.2992125984252 40.53543307086614 14.740157480314961 pain
257.9527559055118 322.2992125984252 70.86614173228347 14.740157480314961 quotidien.
313.51181102362204 322.2992125984252 35.43307086614173 14.740157480314961 Une
333.9212598425197 322.2992125984252 50.45669291338583 14.740157480314961 grande
369.3543307086614 322.2992125984252 50.45669291338583 14.740157480314961 partie
404.503937007874 322.2992125984252 30.330708661417322 14.740157480314961 de
419.81102362204723 322.2992125984252 35.43307086614173 14.740157480314961 ces
439.93700787401576 322.2992125984252 60.661417322834644 14.740157480314961 artistes
480.4724409448819 322.2992125984252 20.125984251968504 14.740157480314961 oi

117.07086614173228 337.6062992125984 63.21259842519685 13.88976377952756 bénéficié
165.54330708661416 337.6062992125984 29.19685039370079 13.88976377952756 de
180.28346456692913 337.6062992125984 53.29133858267716 13.88976377952756 bourses
219.11811023622047 337.6062992125984 58.39370078740158 13.88976377952756 assurant
262.7716535433071 337.6062992125984 29.19685039370079 13.88976377952756 un
277.2283464566929 337.6062992125984 53.29133858267716 13.88976377952756 travail
316.06299212598424 337.6062992125984 72.85039370078741 13.88976377952756 tranquille,
374.45669291338584 337.6062992125984 29.19685039370079 13.88976377952756 ou
388.9133858267717 337.6062992125984 38.83464566929134 13.88976377952756 bien
413.29133858267716 337.6062992125984 34.01574803149607 13.88976377952756 ils
432.56692913385825 337.6062992125984 34.01574803149607 13.88976377952756 ont
447.3070866141732 337.6062992125984 53.29133858267716 13.88976377952756 participé

116.78740157480316 352.9133858267717 36.28346456692913 17.291338582677167 aux
137.48031496062993 352.9133858267717 51.874015748031496 17.291338582677167 tâches
173.76377952755905 352.9133858267717 77.95275590551181 17.291338582677167 artistiques
236.1259842519685 352.9133858267717 83.05511811023622 17.291338582677167 accompagnant
303.59055118110234 352.9133858267717 36.28346456692913 17.291338582677167 les
324.2834645669291 352.9133858267717 67.46456692913385 17.291338582677167 nouvelles
376.15748031496065 352.9133858267717 88.15748031496064 17.291338582677167 constructions
448.7244094488189 352.9133858267717 31.181102362204726 17.291338582677167 de
459.21259842519686 352.9133858267717 41.38582677165354 17.291338582677167 grande

111.68503937007874 368.2204724409449 65.19685039370079 16.440944881889763 envergure.

128.40944881889763 381.25984251968504 29.480314960629922 15.874015748031496 Le
143.1496062992126 381.25984251968504 53.85826771653543 15.874015748031496 contenu
182.26771653543307 381.25984251968504 49.039370078740156 15.874015748031496 social
216.56692913385828 381.25984251968504 29.480314960629922 15.874015748031496 de
231.30708661417322 381.25984251968504 39.118110236220474 15.874015748031496 leur
255.96850393700788 381.25984251968504 34.2992125984252 15.874015748031496 art
275.5275590551181 381.25984251968504 39.118110236220474 15.874015748031496 est,
299.90551181102364 381.25984251968504 29.480314960629922 15.874015748031496 au
314.6456692913386 381.25984251968504 44.22047244094488 15.874015748031496 fond,
344.12598425196853 381.25984251968504 68.5984251968504 15.874015748031496 identique,
398.26771653543307 381.25984251968504 39.118110236220474 15.874015748031496 mais
422.6456692913386 381.25984251968504 39.118110236220474 15.874015748031496 pour
442.20472440944883 381.25984251968504 58.960629921259844 15.874015748031496 s’exprimet

118.48818897637796 395.43307086614175 34.2992125984252 15.590551181102363 ils
138.04724409448818 395.43307086614175 63.77952755905512 15.590551181102363 cherchent
187.08661417322836 395.43307086614175 63.77952755905512 15.590551181102363 cependant
236.1259842519685 395.43307086614175 34.2992125984252 15.590551181102363 les
255.68503937007873 395.43307086614175 49.039370078740156 15.590551181102363 formes
290.26771653543307 395.43307086614175 29.480314960629922 15.590551181102363 et
305.00787401574803 395.43307086614175 34.2992125984252 15.590551181102363 les
324.56692913385825 395.43307086614175 63.77952755905512 15.590551181102363 solutions
373.6062992125984 395.43307086614175 34.2992125984252 15.590551181102363 qui
393.1653543307087 395.43307086614175 83.33858267716535 15.590551181102363 correspondent
462.0472440944882 395.43307086614175 29.480314960629922 15.590551181102363 le
471.68503937007875 395.43307086614175 29.480314960629922 15.590551181102363 mieu

119.33858267716535 410.1732283464567 23.811023622047244 14.456692913385826 à
128.9763779527559 410.1732283464567 38.267716535433074 14.456692913385826 leur
152.78740157480314 410.1732283464567 81.35433070866142 14.456692913385826 personnalité.
219.68503937007873 410.1732283464567 47.90551181102362 14.456692913385826 Ainsi,
253.13385826771653 410.1732283464567 33.44881889763779 14.456692913385826 les
272.40944881889766 410.1732283464567 47.90551181102362 14.456692913385826 œuvres
305.8582677165354 410.1732283464567 47.90551181102362 14.456692913385826 qu’ils
339.3070866141732 410.1732283464567 81.35433070866142 14.456692913385826 accomplissent
406.20472440944883 410.1732283464567 71.71653543307086 14.456692913385826 constituent
458.6456692913386 410.1732283464567 43.08661417322835 14.456692913385826 l’enfi-

119.33858267716535 424.06299212598424 67.74803149606299 15.307086614173228 chissement
172.62992125984252 424.06299212598424 33.732283464566926 15.307086614173228 des
191.90551181102362 424.06299212598424 38.83464566929134 15.307086614173228 arts
216.0 424.06299212598424 58.110236220472444 15.307086614173228 hongrois
259.65354330708664 424.06299212598424 28.913385826771652 15.307086614173228 et
274.1102362204724 424.06299212598424 72.56692913385827 15.307086614173228 universels.
332.2204724409449 424.06299212598424 58.110236220472444 15.307086614173228 Parfois,
375.59055118110234 424.06299212598424 72.56692913385827 15.307086614173228 l’influence
433.7007874015748 424.06299212598424 38.83464566929134 15.307086614173228 plus
457.79527559055117 424.06299212598424 28.913385826771652 15.307086614173228 ou
467.7165354330709 424.06299212598424 33.732283464566926 15.307086614173228 moins

120.18897637795276 438.8031496062992 54.70866141732284 20.69291338582677 directe
159.8740157480315 438.8031496062992 39.68503937007874 20.69291338582677 d’un
184.53543307086613 438.8031496062992 44.78740157480315 20.69291338582677 grand
214.29921259842519 438.8031496062992 54.70866141732284 20.69291338582677 artiste
253.98425196850394 438.8031496062992 29.763779527559056 20.69291338582677 se
269.00787401574803 438.8031496062992 39.68503937007874 20.69291338582677 fait
293.6692913385827 438.8031496062992 49.60629921259842 20.69291338582677 encore
328.53543307086613 438.8031496062992 49.60629921259842 20.69291338582677 sentir
363.11811023622045 438.8031496062992 34.86614173228347 20.69291338582677 sur
382.96062992125985 438.8031496062992 44.78740157480315 20.69291338582677 leurs
412.7244094488189 438.8031496062992 64.62992125984252 20.69291338582677 ouvrages,
462.3307086614173 438.8031496062992 39.68503937007874 20.69291338582677 mais
482.1732283464567 438.8031496062992 19.84251968503937 20.69291338582677 la

120.18897637795276 452.9763779527559 56.69291338582677 18.992125984251967 plupart
161.29133858267716 452.9763779527559 30.89763779527559 18.992125984251967 de
176.88188976377953 452.9763779527559 56.69291338582677 18.992125984251967 ceux-ci
217.98425196850394 452.9763779527559 56.69291338582677 18.992125984251967 parlent
259.37007874015745 452.9763779527559 41.38582677165354 18.992125984251967 déjà
285.1653543307087 452.9763779527559 30.89763779527559 18.992125984251967 la
300.755905511811 452.9763779527559 51.59055118110236 18.992125984251967 langue
336.755905511811 452.9763779527559 82.48818897637796 18.992125984251967 particulière
403.65354330708664 452.9763779527559 30.89763779527559 18.992125984251967 de
419.244094488189 452.9763779527559 46.488188976377955 18.992125984251967 leurs
445.03937007874015 452.9763779527559 56.69291338582677 18.992125984251967 créateurs

121.03937007874016 467.7165354330709 76.25196850393701 19.559055118110237 respectifs.
181.98425196850394 467.7165354330709 66.04724409448819 19.559055118110237 Pourtant,
232.7244094488189 467.7165354330709 30.614173228346456 19.559055118110237 la
248.03149606299212 467.7165354330709 55.84251968503937 19.559055118110237 volonté
288.56692913385825 467.7165354330709 45.63779527559055 19.559055118110237 ferme
319.18110236220474 467.7165354330709 30.614173228346456 19.559055118110237 de
334.48818897637796 467.7165354330709 71.14960629921259 19.559055118110237 s’exprimer
390.3307086614173 467.7165354330709 30.614173228346456 19.559055118110237 ne
405.6377952755906 467.7165354330709 60.94488188976378 19.559055118110237 coïncide
451.2755905511811 467.7165354330709 50.74015748031496 19.559055118110237 jamais
481.6062992125984 467.7165354330709 20.409448818897637 19.559055118110237 en

121.03937007874016 481.3228346456693 57.54330708661417 22.677165354330707 Hongrie
162.70866141732284 481.3228346456693 41.669291338582674 22.677165354330707 avec
188.78740157480314 481.3228346456693 31.46456692913386 22.677165354330707 ce
204.3779527559055 481.3228346456693 52.15748031496063 22.677165354330707 besoin
240.9448818897638 481.3228346456693 88.7244094488189 22.677165354330707 d’ostentation
314.3622047244094 481.3228346456693 31.46456692913386 22.677165354330707 si
329.9527559055118 481.3228346456693 99.21259842519684 22.677165354330707 caractéristique
413.5748031496063 481.3228346456693 36.56692913385827 22.677165354330707 des
434.26771653543307 481.3228346456693 68.03149606299213 22.677165354330707 tendances
481.3228346456693 481.3228346456693 20.976377952755904 22.677165354330707 no

115.93700787401575 495.21259842519686 67.46456692913385 18.141732283464567 figuratives.

132.66141732283464 511.37007874015745 34.58267716535433 17.858267716535433 Les
152.2204724409449 511.37007874015745 49.32283464566929 17.858267716535433 jeunes
186.8031496062992 511.37007874015745 59.24409448818898 17.858267716535433 artistes
231.30708661417322 511.37007874015745 39.40157480314961 17.858267716535433 sont
255.96850393700788 511.37007874015745 49.32283464566929 17.858267716535433 animés
290.5511811023622 511.37007874015745 29.480314960629922 17.858267716535433 de
305.29133858267716 511.37007874015745 29.480314960629922 17.858267716535433 la
320.0314960629921 511.37007874015745 54.14173228346457 17.858267716535433 volonté
359.43307086614175 511.37007874015745 29.480314960629922 17.858267716535433 de
374.1732283464567 511.37007874015745 44.503937007874015 17.858267716535433 créer
403.93700787401576 511.37007874015745 29.480314960629922 17.858267716535433 un
418.6771653543307 511.37007874015745 34.58267716535433 17.858267716535433 art
433.4173228346457 511.37007874015745 69.16535433070867 17.858267716535433 intelligible

121.88976377952756 526.3937007874016 71.14960629921259 16.15748031496063 accessible
177.73228346456693 526.3937007874016 25.511811023622048 16.15748031496063 à
187.93700787401573 526.3937007874016 45.63779527559055 16.15748031496063 tous,
218.5511811023622 526.3937007874016 30.614173228346456 16.15748031496063 et
233.5748031496063 526.3937007874016 30.614173228346456 16.15748031496063 de
248.88188976377953 526.3937007874016 76.25196850393701 16.15748031496063 représenter
309.8267716535433 526.3937007874016 30.614173228346456 16.15748031496063 la
325.13385826771656 526.3937007874016 60.94488188976378 16.15748031496063 réalité.
370.7716535433071 526.3937007874016 40.53543307086614 16.15748031496063 Leur
396.2834645669291 526.3937007874016 60.94488188976378 16.15748031496063 tendance
436.81889763779526 526.3937007874016 66.04724409448819 16.15748031496063 correspond,

122.1732283464567 539.4330708661417 45.07086614173228 14.173228346456693 d’une
152.2204724409449 539.4330708661417 54.99212598425197 14.173228346456693 manière
192.4724409448819 539.4330708661417 65.19685039370079 14.173228346456693 spontanée
242.64566929133858 539.4330708661417 30.04724409448819 14.173228346456693 et
257.6692913385827 539.4330708661417 80.22047244094489 14.173228346456693 harmonieuse,
322.86614173228344 539.4330708661417 35.1496062992126 14.173228346456693 aux
342.70866141732284 539.4330708661417 70.2992125984252 14.173228346456693 intentions
397.98425196850394 539.4330708661417 30.04724409448819 14.173228346456693 de
413.00787401574803 539.4330708661417 30.04724409448819 14.173228346456693 la
428.0314960629921 539.4330708661417 54.99212598425197 14.173228346456693 société
463.18110236220474 539.4330708661417 39.968503937007874 14.173228346456693 socia-

122.1732283464567 553.6062992125984 44.78740157480315 21.826771653543307 liste
152.2204724409449 553.6062992125984 49.889763779527556 21.826771653543307 envers
187.08661417322836 553.6062992125984 34.86614173228347 21.826771653543307 les
207.21259842519686 553.6062992125984 59.811023622047244 21.826771653543307 artistes
252.0 553.6062992125984 30.04724409448819 21.826771653543307 et
267.0236220472441 553.6062992125984 44.78740157480315 21.826771653543307 l’art
297.07086614173227 553.6062992125984 30.04724409448819 21.826771653543307 en
306.99212598425197 553.6062992125984 49.889763779527556 21.826771653543307 général.

135.21259842519686 597.2598425196851 27.212598425196852 17.858267716535433 52
