515.3385826771654 628.7244094488188
60.94488188976378 32.31496062992126 45.07086614173228 18.141732283464567 Nous
89.00787401574803 32.31496062992126 50.45669291338583 18.141732283464567 avons
122.74015748031496 32.31496062992126 73.13385826771653 18.141732283464567 notamment
179.1496062992126 32.31496062992126 50.45669291338583 18.141732283464567 donné
212.88188976377953 32.31496062992126 39.40157480314961 18.141732283464567 une
235.2755905511811 32.31496062992126 78.80314960629921 18.141732283464567 importance
297.07086614173227 32.31496062992126 45.07086614173228 18.141732283464567 plus
325.13385826771656 32.31496062992126 56.125984251968504 18.141732283464567 grande
364.53543307086613 32.31496062992126 28.062992125984252 18.141732283464567 à
375.87401574803147 32.31496062992126 33.732283464566926 18.141732283464567 la
392.59842519685037 32.31496062992126 61.79527559055118 18.141732283464567 gravure
437.6692913385827 32.31496062992126 33.732283464566926 18.141732283464567 et
449.00787401574803 32.31496062992126 16.724409448818896 18.141732283464567 à

60.94488188976378 49.32283464566929 36.28346456692913 18.708661417322833 son
81.63779527559055 49.32283464566929 77.95275590551181 18.708661417322833 application
144.0 49.32283464566929 31.181102362204726 18.708661417322833 au
159.59055118110237 49.32283464566929 46.77165354330709 18.708661417322833 livre
190.48818897637796 49.32283464566929 67.46456692913385 18.708661417322833 illustré.
242.64566929133858 49.32283464566929 41.38582677165354 18.708661417322833 Nous
268.4409448818898 49.32283464566929 46.77165354330709 18.708661417322833 avons
299.62204724409446 49.32283464566929 62.36220472440945 18.708661417322833 commencé
346.3937007874016 49.32283464566929 26.078740157480315 18.708661417322833 à
356.59842519685037 49.32283464566929 46.77165354330709 18.708661417322833 faire
387.7795275590551 49.32283464566929 46.77165354330709 18.708661417322833 place
418.96062992125985 49.32283464566929 31.181102362204726 18.708661417322833 au
429.4488188976378 49.32283464566929 36.28346456692913 18.708661417322833 livre

61.22834645669291 64.06299212598425 36.0 15.307086614173228 sur
81.63779527559055 64.06299212598425 51.30708661417323 15.307086614173228 l’art,
117.63779527559055 64.06299212598425 46.20472440944882 15.307086614173228 ainsi
148.251968503937 64.06299212598425 46.20472440944882 15.307086614173228 qu’au
179.1496062992126 64.06299212598425 41.10236220472441 15.307086614173228 film
204.66141732283464 64.06299212598425 36.0 15.307086614173228 sur
225.35433070866142 64.06299212598425 51.30708661417323 15.307086614173228 l’art.
261.07086614173227 64.06299212598425 41.10236220472441 15.307086614173228 Nous
286.86614173228344 64.06299212598425 46.20472440944882 15.307086614173228 avons
317.4803149606299 64.06299212598425 56.40944881889764 15.307086614173228 ébauché
358.5826771653543 64.06299212598425 36.0 15.307086614173228 une
378.99212598425197 64.06299212598425 56.40944881889764 15.307086614173228 section
420.09448818897636 64.06299212598425 30.89763779527559 15.307086614173228 de
430.2992125984252 64.06299212598425 36.0 15.307086614173228 déco-

61.22834645669291 78.80314960629921 53.29133858267716 16.440944881889763 ration
98.64566929133858 78.80314960629921 74.55118110236221 16.440944881889763 théâtrale,
157.3228346456693 78.80314960629921 32.031496062992126 16.440944881889763 en
173.1968503937008 78.80314960629921 58.67716535433071 16.440944881889763 liaison
215.71653543307087 78.80314960629921 32.031496062992126 16.440944881889763 et
231.8740157480315 78.80314960629921 32.031496062992126 16.440944881889763 en
247.748031496063 78.80314960629921 53.29133858267716 16.440944881889763 accord
285.1653543307087 78.80314960629921 42.51968503937008 16.440944881889763 avec
311.81102362204723 78.80314960629921 32.031496062992126 16.440944881889763 le
327.68503937007875 78.80314960629921 58.67716535433071 16.440944881889763 Théâtre
370.48818897637796 78.80314960629921 37.41732283464567 16.440944881889763 des
391.748031496063 78.80314960629921 64.06299212598425 16.440944881889763 Nations.
434.26771653543307 78.80314960629921 32.031496062992126 16.440944881889763 Nous

61.511811023622045 94.11023622047244 48.47244094488189 14.740157480314961 avons
93.8267716535433 94.11023622047244 64.62992125984252 14.740157480314961 surtout,
142.29921259842519 94.11023622047244 43.08661417322835 14.740157480314961 avec
169.51181102362204 94.11023622047244 32.31496062992126 14.740157480314961 le
185.66929133858267 94.11023622047244 64.62992125984252 14.740157480314961 concours
234.14173228346456 94.11023622047244 32.31496062992126 14.740157480314961 de
250.29921259842519 94.11023622047244 32.31496062992126 14.740157480314961 la
266.45669291338584 94.11023622047244 156.4724409448819 14.740157480314961 Radiodiffusion-Télévision
401.38582677165357 94.11023622047244 64.62992125984252 14.740157480314961 Française,

62.07874015748032 108.85039370078741 52.724409448818896 15.874015748031496 ouvert
99.21259842519684 108.85039370078741 31.748031496062993 15.874015748031496 la
115.08661417322834 108.85039370078741 63.496062992125985 15.874015748031496 Biennale
162.70866141732284 108.85039370078741 26.362204724409448 15.874015748031496 à
173.1968503937008 108.85039370078741 31.748031496062993 15.874015748031496 la
189.0708661417323 108.85039370078741 63.496062992125985 15.874015748031496 musique,
236.40944881889763 108.85039370078741 42.23622047244095 15.874015748031496 dans
263.0551181102362 108.85039370078741 36.8503937007874 15.874015748031496 ses
284.0314960629921 108.85039370078741 79.37007874015748 15.874015748031496 expressions
347.5275590551181 108.85039370078741 36.8503937007874 15.874015748031496 les
368.503937007874 108.85039370078741 42.23622047244095 15.874015748031496 plus
389.76377952755905 108.85039370078741 58.110236220472444 15.874015748031496 diverses.

70.01574803149606 125.5748031496063 58.110236220472444 15.590551181102363 Ainsi,
110.83464566929133 125.5748031496063 87.30708661417323 15.590551181102363 rapidement,
180.8503937007874 125.5748031496063 52.44094488188976 15.590551181102363 notre
215.71653543307087 125.5748031496063 75.68503937007874 15.590551181102363 programme
273.8267716535433 125.5748031496063 52.44094488188976 15.590551181102363 prend
308.6929133858268 125.5748031496063 40.818897637795274 15.590551181102363 des
332.2204724409449 125.5748031496063 81.63779527559055 15.590551181102363 dimensions
396.2834645669291 125.5748031496063 40.818897637795274 15.590551181102363 qui
413.5748031496063 125.5748031496063 52.44094488188976 15.590551181102363 corres-

61.79527559055118 138.61417322834646 60.09448818897638 16.724409448818896 pondent
105.44881889763779 138.61417322834646 38.267716535433074 16.724409448818896 aux
127.2755905511811 138.61417322834646 98.36220472440945 16.724409448818896 préoccupations
209.1968503937008 138.61417322834646 71.14960629921259 16.724409448818896 actuelles
263.90551181102364 138.61417322834646 32.881889763779526 16.724409448818896 et
280.34645669291336 138.61417322834646 54.70866141732284 16.724409448818896 répond
318.61417322834643 138.61417322834646 27.212598425196852 16.724409448818896 à
329.6692913385827 138.61417322834646 32.881889763779526 16.724409448818896 ce
346.1102362204724 138.61417322834646 54.70866141732284 16.724409448818896 besoin
384.37795275590554 138.61417322834646 81.92125984251969 16.724409448818896 d’échanges,
444.4724409448819 138.61417322834646 21.826771653543307 16.724409448818896 de

62.07874015748032 154.20472440944883 62.07874015748032 16.440944881889763 liaisons
108.56692913385827 154.20472440944883 31.181102362204726 16.440944881889763 de
124.15748031496064 154.20472440944883 41.38582677165354 16.440944881889763 plus
149.95275590551182 154.20472440944883 31.181102362204726 16.440944881889763 en
165.54330708661416 154.20472440944883 41.38582677165354 16.440944881889763 plus
191.33858267716536 154.20472440944883 62.07874015748032 16.440944881889763 étroites
238.11023622047244 154.20472440944883 46.488188976377955 16.440944881889763 entre
269.00787401574803 154.20472440944883 36.28346456692913 16.440944881889763 les
289.7007874015748 154.20472440944883 77.66929133858268 16.440944881889763 différentes
351.7795275590551 154.20472440944883 51.874015748031496 16.440944881889763 formes
388.06299212598424 154.20472440944883 31.181102362204726 16.440944881889763 de
403.65354330708664 154.20472440944883 31.181102362204726 16.440944881889763 la
413.8582677165354 154.20472440944883 51.874015748031496 16.440944881889763 création

57.54330708661417 167.81102362204723 62.36220472440945 17.007874015748033 artistique.

71.43307086614173 181.98425196850394 42.803149606299215 16.440944881889763 Pour
98.07874015748031 181.98425196850394 53.29133858267716 16.440944881889763 toutes
135.49606299212599 181.98425196850394 37.41732283464567 16.440944881889763 ces
157.03937007874015 181.98425196850394 85.60629921259843 16.440944881889763 innovations,
226.48818897637796 181.98425196850394 42.803149606299215 16.440944881889763 nous
253.13385826771653 181.98425196850394 48.188976377952756 16.440944881889763 avons
285.1653543307087 181.98425196850394 69.44881889763779 16.440944881889763 rencontré
338.74015748031496 181.98425196850394 69.44881889763779 16.440944881889763 l’accueil
392.0314960629921 181.98425196850394 32.031496062992126 16.440944881889763 et
408.18897637795277 181.98425196850394 37.41732283464567 16.440944881889763 les
424.06299212598424 181.98425196850394 42.803149606299215 16.440944881889763 appro-

62.92913385826772 194.74015748031496 56.976377952755904 17.291338582677167 bations
104.31496062992126 194.74015748031496 36.28346456692913 17.291338582677167 les
125.00787401574803 194.74015748031496 41.38582677165354 17.291338582677167 plus
150.8031496062992 194.74015748031496 93.25984251968504 17.291338582677167 encourageants.
228.4724409448819 194.74015748031496 31.181102362204726 17.291338582677167 La
244.06299212598427 194.74015748031496 51.874015748031496 17.291338582677167 limite
280.34645669291336 194.74015748031496 46.488188976377955 17.291338582677167 d’âge
311.244094488189 194.74015748031496 25.79527559055118 17.291338582677167 a
321.73228346456693 194.74015748031496 36.28346456692913 17.291338582677167 été
342.4251968503937 194.74015748031496 98.36220472440945 17.291338582677167 scrupuleusement
420.09448818897636 194.74015748031496 46.488188976377955 17.291338582677167 respec-

61.511811023622045 208.3464566929134 39.40157480314961 19.559055118110237 tée
83.90551181102362 208.3464566929134 39.40157480314961 19.559055118110237 par
106.58267716535433 208.3464566929134 45.07086614173228 19.559055118110237 tous
134.64566929133858 208.3464566929134 39.40157480314961 19.559055118110237 les
157.03937007874015 208.3464566929134 50.45669291338583 19.559055118110237 pays,
190.77165354330708 208.3464566929134 33.732283464566926 19.559055118110237 et
207.7795275590551 208.3464566929134 45.07086614173228 19.559055118110237 même
235.84251968503938 208.3464566929134 73.13385826771653 19.559055118110237 plusieurs
291.9685039370079 208.3464566929134 61.79527559055118 19.559055118110237 d’entre
337.03937007874015 208.3464566929134 39.40157480314961 19.559055118110237 eux
359.43307086614175 208.3464566929134 39.40157480314961 19.559055118110237 ont
382.1102362204724 208.3464566929134 67.46456692913385 19.559055118110237 accepté,
426.8976377952756 208.3464566929134 39.40157480314961 19.559055118110237 comme

62.645669291338585 224.78740157480314 37.13385826771653 16.724409448818896 ble
83.90551181102362 224.78740157480314 69.16535433070867 16.724409448818896 suggérait
137.1968503937008 224.78740157480314 31.748031496062993 16.724409448818896 la
153.0708661417323 224.78740157480314 90.14173228346456 16.724409448818896 participation
227.33858267716536 224.78740157480314 74.26771653543307 16.724409448818896 française,
285.73228346456693 224.78740157480314 31.748031496062993 16.724409448818896 de
301.6062992125984 224.78740157480314 58.39370078740158 16.724409448818896 laisser
344.12598425196853 224.78740157480314 69.16535433070867 16.724409448818896 également
397.13385826771656 224.78740157480314 37.13385826771653 16.724409448818896 aux
418.3937007874016 224.78740157480314 47.90551181102362 16.724409448818896 moins
445.03937007874015 224.78740157480314 21.25984251968504 16.724409448818896 de

62.36220472440945 236.69291338582678 77.66929133858268 19.84251968503937 trente-cinq
124.44094488188976 236.69291338582678 36.28346456692913 19.84251968503937 ans
145.13385826771653 236.69291338582678 30.89763779527559 19.84251968503937 la
160.44094488188978 236.69291338582678 41.38582677165354 19.84251968503937 plus
186.51968503937007 236.69291338582678 46.488188976377955 19.84251968503937 large
217.41732283464566 236.69291338582678 92.97637795275591 19.84251968503937 responsabilité
295.0866141732283 236.69291338582678 30.89763779527559 19.84251968503937 du
305.29133858267716 236.69291338582678 41.38582677165354 19.84251968503937 choix.

72.56692913385827 253.98425196850394 53.29133858267716 18.141732283464567 L’aide
109.98425196850394 253.98425196850394 32.031496062992126 18.141732283464567 la
125.85826771653544 253.98425196850394 42.51968503937008 18.141732283464567 plus
152.50393700787401 253.98425196850394 69.16535433070867 18.141732283464567 efficace,
205.51181102362204 253.98425196850394 32.031496062992126 18.141732283464567 la
221.38582677165354 253.98425196850394 90.4251968503937 18.141732283464567 collaboration
295.93700787401576 253.98425196850394 32.031496062992126 18.141732283464567 la
311.81102362204723 253.98425196850394 42.51968503937008 18.141732283464567 plus
338.45669291338584 253.98425196850394 53.29133858267716 18.141732283464567 active
375.59055118110234 253.98425196850394 42.51968503937008 18.141732283464567 nous
402.23622047244095 253.98425196850394 42.51968503937008 18.141732283464567 sont
423.496062992126 253.98425196850394 42.51968503937008 18.141732283464567 venues

62.92913385826772 268.15748031496065 33.16535433070866 16.724409448818896 de
79.37007874015748 268.15748031496065 44.22047244094488 16.724409448818896 tous
106.86614173228347 268.15748031496065 55.275590551181104 16.724409448818896 côtés,
145.70078740157481 268.15748031496065 38.55118110236221 16.724409448818896 non
167.81102362204723 268.15748031496065 71.71653543307086 16.724409448818896 seulement
223.08661417322836 268.15748031496065 38.55118110236221 16.724409448818896 des
245.1968503937008 268.15748031496065 55.275590551181104 16.724409448818896 hautes
283.748031496063 268.15748031496065 93.8267716535433 16.724409448818896 personnalités
361.13385826771656 268.15748031496065 38.55118110236221 16.724409448818896 qui
383.244094488189 268.15748031496065 38.55118110236221 16.724409448818896 ont
405.3543307086614 268.15748031496065 44.22047244094488 16.724409448818896 bien
427.46456692913387 268.15748031496065 38.55118110236221 16.724409448818896 voulu

63.77952755905512 283.748031496063 44.22047244094488 18.141732283464567 nous
91.2755905511811 283.748031496063 71.71653543307086 18.141732283464567 témoigner
146.5511811023622 283.748031496063 38.55118110236221 18.141732283464567 une
168.66141732283464 283.748031496063 44.22047244094488 18.141732283464567 fois
196.15748031496062 283.748031496063 55.275590551181104 18.141732283464567 encore
234.99212598425197 283.748031496063 44.22047244094488 18.141732283464567 leur
262.48818897637796 283.748031496063 77.38582677165354 18.141732283464567 confiance,
323.1496062992126 283.748031496063 38.55118110236221 18.141732283464567 non
345.25984251968504 283.748031496063 71.71653543307086 18.141732283464567 seulement
400.53543307086613 283.748031496063 33.16535433070866 18.141732283464567 de
411.59055118110234 283.748031496063 55.275590551181104 18.141732283464567 l’équipe

64.06299212598425 299.0551181102362 35.1496062992126 17.291338582677167 qui
84.18897637795276 299.0551181102362 25.228346456692915 17.291338582677167 a
94.39370078740157 299.0551181102362 50.45669291338583 17.291338582677167 assumé
129.54330708661416 299.0551181102362 30.330708661417322 17.291338582677167 la
144.56692913385828 299.0551181102362 45.354330708661415 17.291338582677167 tâche
174.89763779527559 299.0551181102362 65.48031496062993 17.291338582677167 difficile
225.35433070866142 299.0551181102362 30.330708661417322 17.291338582677167 de
240.3779527559055 299.0551181102362 50.45669291338583 17.291338582677167 donner
275.5275590551181 299.0551181102362 35.1496062992126 17.291338582677167 une
295.65354330708664 299.0551181102362 55.275590551181104 17.291338582677167 réalité
335.90551181102364 299.0551181102362 55.275590551181104 17.291338582677167 vivante
376.15748031496065 299.0551181102362 30.330708661417322 17.291338582677167 au
391.46456692913387 299.0551181102362 55.275590551181104 17.291338582677167 projet,
426.61417322834643 299.0551181102362 40.25196850393701 17.291338582677167 équipe

64.06299212598425 312.9448818897638 36.0 16.440944881889763 qui
84.75590551181102 312.9448818897638 25.79527559055118 16.440944881889763 a
94.96062992125984 312.9448818897638 51.59055118110236 16.440944881889763 montré
130.96062992125985 312.9448818897638 30.89763779527559 16.440944881889763 en
146.5511811023622 312.9448818897638 51.59055118110236 16.440944881889763 toutes
182.5511811023622 312.9448818897638 87.59055118110236 16.440944881889763 circonstances
254.5511811023622 312.9448818897638 30.89763779527559 16.440944881889763 un
270.1417322834646 312.9448818897638 51.59055118110236 16.440944881889763 esprit
306.1417322834646 312.9448818897638 82.48818897637796 16.440944881889763 d’initiative
373.03937007874015 312.9448818897638 30.89763779527559 16.440944881889763 et
388.34645669291336 312.9448818897638 30.89763779527559 16.440944881889763 de
398.8346456692913 312.9448818897638 66.89763779527559 16.440944881889763 coopération

63.77952755905512 325.7007874015748 44.22047244094488 17.007874015748033 dont
91.2755905511811 325.7007874015748 44.22047244094488 17.007874015748033 nous
118.77165354330708 325.7007874015748 33.16535433070866 17.007874015748033 ne
135.49606299212599 325.7007874015748 66.33070866141732 17.007874015748033 saurions
185.10236220472441 325.7007874015748 44.22047244094488 17.007874015748033 trop
212.5984251968504 325.7007874015748 71.71653543307086 17.007874015748033 féliciter
267.87401574803147 325.7007874015748 33.16535433070866 17.007874015748033 et
284.31496062992125 325.7007874015748 71.71653543307086 17.007874015748033 remercier
339.3070866141732 325.7007874015748 60.661417322834644 17.007874015748033 chacun,
383.5275590551181 325.7007874015748 44.22047244094488 17.007874015748033 mais
411.0236220472441 325.7007874015748 49.60629921259842 17.007874015748033 aussi
438.8031496062992 325.7007874015748 27.496062992125985 17.007874015748033 des

64.34645669291339 342.70866141732284 77.38582677165354 18.708661417322833 organismes
125.00787401574803 342.70866141732284 33.16535433070866 18.708661417322833 ou
141.4488188976378 342.70866141732284 82.77165354330708 18.708661417322833 entreprises
207.7795275590551 342.70866141732284 44.22047244094488 18.708661417322833 avec
235.2755905511811 342.70866141732284 38.55118110236221 18.708661417322833 qui
257.38582677165357 342.70866141732284 44.22047244094488 18.708661417322833 nous
284.88188976377955 342.70866141732284 49.60629921259842 18.708661417322833 avons
318.0472440944882 342.70866141732284 33.16535433070866 18.708661417322833 eu
334.7716535433071 342.70866141732284 27.496062992125985 18.708661417322833 à
345.8267716535433 342.70866141732284 77.38582677165354 18.708661417322833 travailler
406.48818897637796 342.70866141732284 33.16535433070866 18.708661417322833 et
422.92913385826773 342.70866141732284 38.55118110236221 18.708661417322833 qui
439.65354330708664 342.70866141732284 27.496062992125985 18.708661417322833 ont

64.62992125984252 356.0314960629921 54.425196850393704 21.543307086614174 montré
102.61417322834646 356.0314960629921 32.59842519685039 21.543307086614174 un
118.77165354330708 356.0314960629921 108.56692913385827 21.543307086614174 désintéressement
211.1811023622047 356.0314960629921 43.37007874015748 21.543307086614174 dans
238.39370078740157 356.0314960629921 54.425196850393704 21.543307086614174 lequel
276.37795275590554 356.0314960629921 43.37007874015748 21.543307086614174 nous
303.59055118110234 356.0314960629921 59.811023622047244 21.543307086614174 voulons
346.96062992125985 356.0314960629921 43.37007874015748 21.543307086614174 voir
374.1732283464567 356.0314960629921 70.58267716535433 21.543307086614174 l’intérêt
423.21259842519686 356.0314960629921 43.37007874015748 21.543307086614174 qu’ils

65.19685039370079 367.37007874015745 36.8503937007874 18.4251968503937 ont
86.45669291338582 367.37007874015745 62.92913385826772 18.4251968503937 témoigné
133.51181102362204 367.37007874015745 26.362204724409448 18.4251968503937 à
144.0 367.37007874015745 47.338582677165356 18.4251968503937 notre
170.36220472440945 367.37007874015745 83.90551181102362 18.4251968503937 manifestation.

73.98425196850394 380.9763779527559 31.748031496062993 23.52755905511811 La
89.85826771653544 380.9763779527559 68.88188976377953 23.52755905511811 direction
142.86614173228347 380.9763779527559 31.748031496062993 23.52755905511811 de
158.74015748031496 380.9763779527559 31.748031496062993 23.52755905511811 la
174.61417322834646 380.9763779527559 153.63779527559055 23.52755905511811 Radiodiffusion-Télévision
312.37795275590554 380.9763779527559 68.88188976377953 23.52755905511811 Française
365.38582677165357 380.9763779527559 26.362204724409448 23.52755905511811 a
375.87401574803147 380.9763779527559 42.23622047244095 23.52755905511811 mis,
402.5196850393701 380.9763779527559 31.748031496062993 23.52755905511811 de
418.3937007874016 380.9763779527559 31.748031496062993 23.52755905511811 la
428.88188976377955 380.9763779527559 37.13385826771653 23.52755905511811 façon

66.04724409448819 396.0 29.19685039370079 23.52755905511811 la
80.50393700787401 396.0 39.118110236220474 23.52755905511811 plus
105.16535433070867 396.0 48.75590551181102 23.52755905511811 large,
139.1811023622047 396.0 34.2992125984252 23.52755905511811 ses
158.74015748031496 396.0 58.67716535433071 23.52755905511811 services
202.6771653543307 396.0 24.37795275590551 23.52755905511811 à
212.5984251968504 396.0 43.93700787401575 23.52755905511811 notre
241.79527559055117 396.0 73.41732283464567 23.52755905511811 disposition
300.4724409448819 396.0 39.118110236220474 23.52755905511811 pour
324.8503937007874 396.0 58.67716535433071 23.52755905511811 réaliser
368.78740157480314 396.0 29.19685039370079 23.52755905511811 la
383.5275590551181 396.0 53.85826771653543 23.52755905511811 section
417.8267716535433 396.0 48.75590551181102 23.52755905511811 musicale

66.33070866141732 408.18897637795277 30.330708661417322 28.913385826771652 et
81.63779527559055 408.18897637795277 65.76377952755905 28.913385826771652 organiser
132.09448818897638 408.18897637795277 35.43307086614173 28.913385826771652 les
152.50393700787401 408.18897637795277 55.84251968503937 28.913385826771652 séances
193.03937007874015 408.18897637795277 35.43307086614173 28.913385826771652 qui
213.16535433070865 408.18897637795277 50.74015748031496 28.913385826771652 auront
248.88188976377953 408.18897637795277 40.53543307086614 28.913385826771652 lieu
274.1102362204724 408.18897637795277 40.53543307086614 28.913385826771652 tous
299.33858267716533 408.18897637795277 35.43307086614173 28.913385826771652 les
319.748031496063 408.18897637795277 45.63779527559055 28.913385826771652 jours
350.0787401574803 408.18897637795277 55.84251968503937 28.913385826771652 pendant
390.61417322834643 408.18897637795277 45.63779527559055 28.913385826771652 toute
420.9448818897638 408.18897637795277 30.330708661417322 28.913385826771652 la
431.1496062992126 408.18897637795277 35.43307086614173 28.913385826771652 durée

66.61417322834646 422.6456692913386 29.480314960629922 17.291338582677167 de
76.25196850393701 422.6456692913386 73.98425196850394 17.291338582677167 l’exposition.

75.11811023622047 434.5511811023622 75.11811023622047 24.944881889763778 L’Institut
134.07874015748033 434.5511811023622 91.2755905511811 24.944881889763778 Intemnational
209.1968503937008 434.5511811023622 32.31496062992126 24.944881889763778 du
225.35433070866142 434.5511811023622 64.34645669291339 24.944881889763778 Théâtre,
273.54330708661416 434.5511811023622 32.31496062992126 24.944881889763778 le
289.7007874015748 434.5511811023622 53.574803149606296 24.944881889763778 Centre
327.11811023622045 434.5511811023622 64.34645669291339 24.944881889763778 Français
375.3070866141732 434.5511811023622 32.31496062992126 24.944881889763778 du
391.46456692913387 434.5511811023622 58.960629921259844 24.944881889763778 Théâtre
434.5511811023622 434.5511811023622 32.31496062992126 24.944881889763778 et
445.03937007874015 434.5511811023622 21.543307086614174 24.944881889763778 le

66.61417322834646 452.40944881889766 58.67716535433071 24.094488188976378 Théâtre
109.41732283464567 452.40944881889766 37.41732283464567 24.094488188976378 des
130.6771653543307 452.40944881889766 58.67716535433071 24.094488188976378 Nations
173.48031496062993 452.40944881889766 42.803149606299215 24.094488188976378 nous
200.1259842519685 452.40944881889766 37.41732283464567 24.094488188976378 ont
221.38582677165354 452.40944881889766 58.67716535433071 24.094488188976378 apporté
264.18897637795277 452.40944881889766 32.031496062992126 24.094488188976378 un
280.06299212598424 452.40944881889766 64.06299212598425 24.094488188976378 concours
328.251968503937 452.40944881889766 42.803149606299215 24.094488188976378 sans
354.8976377952756 452.40944881889766 58.67716535433071 24.094488188976378 réserve
397.4173228346457 452.40944881889766 42.803149606299215 24.094488188976378 pour
418.96062992125985 452.40944881889766 47.90551181102362 24.094488188976378 l’orga-

67.74803149606299 465.4488188976378 62.92913385826772 22.393700787401574 bnisation
116.22047244094489 465.4488188976378 29.19685039370079 22.393700787401574 de
130.6771653543307 465.4488188976378 29.19685039370079 22.393700787401574 la
145.41732283464566 465.4488188976378 53.29133858267716 22.393700787401574 section
183.96850393700788 465.4488188976378 29.19685039370079 22.393700787401574 de
198.70866141732284 465.4488188976378 67.74803149606299 22.393700787401574 décoration
247.1811023622047 465.4488188976378 58.110236220472444 22.393700787401574 théâtrale.

76.53543307086615 477.9212598425197 43.37007874015748 23.244094488188978 Pour
103.46456692913385 477.9212598425197 32.59842519685039 23.244094488188978 la
119.90551181102362 477.9212598425197 59.52755905511811 23.244094488188978 section
163.2755905511811 477.9212598425197 32.59842519685039 23.244094488188978 de
179.43307086614172 477.9212598425197 64.91338582677166 23.244094488188978 gravure,
228.18897637795277 477.9212598425197 43.37007874015748 23.244094488188978 nous
255.4015748031496 477.9212598425197 48.75590551181102 23.244094488188978 avons
287.7165354330709 477.9212598425197 54.14173228346457 23.244094488188978 trouvé
325.7007874015748 477.9212598425197 54.14173228346457 23.244094488188978 auprès
363.68503937007875 477.9212598425197 32.59842519685039 23.244094488188978 de
379.84251968503935 477.9212598425197 32.59842519685039 23.244094488188978 M.
396.2834645669291 477.9212598425197 54.14173228346457 23.244094488188978 Julien
428.59842519685037 477.9212598425197 37.98425196850393 23.244094488188978 Cain,

68.03149606299213 492.37795275590554 72.0 22.677165354330707 Directeur
123.59055118110236 492.37795275590554 60.94488188976378 22.677165354330707 Général
167.81102362204723 492.37795275590554 38.83464566929134 22.677165354330707 des
189.92125984251967 492.37795275590554 94.11023622047244 22.677165354330707 Bibliothèques
267.59055118110234 492.37795275590554 33.16535433070866 22.677165354330707 de
284.0314960629921 492.37795275590554 55.275590551181104 22.677165354330707 France
322.86614173228344 492.37795275590554 33.16535433070866 22.677165354330707 et
339.59055118110234 492.37795275590554 99.77952755905511 22.677165354330707 Administrateur
416.9763779527559 492.37795275590554 49.889763779527556 22.677165354330707 Général

67.74803149606299 505.13385826771656 31.46456692913386 26.078740157480315 de
83.62204724409449 505.13385826771656 31.46456692913386 26.078740157480315 la
99.49606299212599 505.13385826771656 83.90551181102362 26.078740157480315 Bibliothèque
167.5275590551181 505.13385826771656 73.41732283464567 26.078740157480315 Nationale,
225.35433070866142 505.13385826771656 31.46456692913386 26.078740157480315 et
240.9448818897638 505.13385826771656 31.46456692913386 26.078740157480315 de
256.81889763779526 505.13385826771656 36.8503937007874 26.078740157480315 ses
277.79527559055117 505.13385826771656 99.77952755905511 26.078740157480315 collaborateurs,
361.7007874015748 505.13385826771656 47.338582677165356 26.078740157480315 ainsi
393.1653543307087 505.13385826771656 68.31496062992126 26.078740157480315 qu’auprès
440.2204724409449 505.13385826771656 26.362204724409448 26.078740157480315 des

69.16535433070867 519.5905511811023 53.29133858267716 22.11023622047244 Membres
108.0 519.5905511811023 29.19685039370079 22.11023622047244 du
122.45669291338582 519.5905511811023 48.47244094488189 22.11023622047244 Comité
156.4724409448819 519.5905511811023 58.110236220472444 22.11023622047244 National
200.1259842519685 519.5905511811023 29.19685039370079 22.11023622047244 du
214.58267716535434 519.5905511811023 43.653543307086615 22.11023622047244 Livre
243.49606299212599 519.5905511811023 58.110236220472444 22.11023622047244 illustré
287.1496062992126 519.5905511811023 62.92913385826772 22.11023622047244 français,
335.62204724409446 519.5905511811023 48.47244094488189 22.11023622047244 l’aide
369.6377952755906 519.5905511811023 29.19685039370079 22.11023622047244 et
384.09448818897636 519.5905511811023 29.19685039370079 22.11023622047244 la
394.01574803149606 519.5905511811023 72.56692913385827 22.11023622047244 bienveillance

68.88188976377953 536.0314960629921 52.44094488188976 23.811023622047244 qu’ils
105.44881889763779 536.0314960629921 68.03149606299213 23.811023622047244 accordent
157.60629921259843 536.0314960629921 26.078740157480315 23.811023622047244 à
168.09448818897638 536.0314960629921 41.95275590551181 23.811023622047244 tout
194.17322834645668 536.0314960629921 31.46456692913386 23.811023622047244 ce
210.04724409448818 536.0314960629921 36.56692913385827 23.811023622047244 qui
231.0236220472441 536.0314960629921 41.95275590551181 23.811023622047244 peut
257.1023622047244 536.0314960629921 52.44094488188976 23.811023622047244 servir
293.6692913385827 536.0314960629921 57.54330708661417 23.811023622047244 l’amour
335.62204724409446 536.0314960629921 31.46456692913386 23.811023622047244 du
351.21259842519686 536.0314960629921 41.95275590551181 23.811023622047244 beau
377.29133858267716 536.0314960629921 52.44094488188976 23.811023622047244 livre.
413.8582677165354 536.0314960629921 31.46456692913386 23.811023622047244 En
424.34645669291336 536.0314960629921 41.95275590551181 23.811023622047244 outre,

68.88188976377953 549.0708661417323 32.31496062992126 23.811023622047244 M.
85.03937007874016 549.0708661417323 59.24409448818898 23.811023622047244 Jacques
128.1259842519685 549.0708661417323 48.47244094488189 23.811023622047244 Rigal
160.44094488188978 549.0708661417323 26.929133858267715 23.811023622047244 a
171.21259842519686 549.0708661417323 37.7007874015748 23.811023622047244 mis
192.75590551181102 549.0708661417323 86.1732283464567 23.811023622047244 gratuitement
262.7716535433071 549.0708661417323 26.929133858267715 23.811023622047244 à
273.25984251968504 549.0708661417323 48.47244094488189 23.811023622047244 notre
305.5748031496063 549.0708661417323 80.78740157480316 23.811023622047244 disposition
370.20472440944883 549.0708661417323 32.31496062992126 23.811023622047244 un
386.3622047244094 549.0708661417323 59.24409448818898 23.811023622047244 ouvrier
429.4488188976378 549.0708661417323 32.31496062992126 23.811023622047244 et
440.2204724409449 549.0708661417323 26.929133858267715 23.811023622047244 une

85.88976377952756 593.8582677165355 30.330708661417322 15.874015748031496 VIII
