483.0236220472441 625.6062992125984
346.1102362204724 1.984251968503937 53.29133858267716 21.826771653543307 CORÉE
386.0787401574803 1.984251968503937 26.64566929133858 21.826771653543307 DU
395.1496062992126 1.984251968503937 39.968503937007874 21.826771653543307 SUD

29.19685039370079 32.031496062992126 52.44094488188976 26.929133858267715 manqué
65.76377952755905 32.031496062992126 99.49606299212599 26.929133858267715 l’effervescence
149.38582677165354 32.031496062992126 78.51968503937007 26.929133858267715 intérieure,
212.31496062992127 32.031496062992126 31.46456692913386 26.929133858267715 la
227.90551181102362 32.031496062992126 68.03149606299213 26.929133858267715 nécessité
280.34645669291336 32.031496062992126 57.54330708661417 26.929133858267715 vitale.
322.2992125984252 32.031496062992126 47.05511811023622 26.929133858267715 C’est
353.76377952755905 32.031496062992126 68.03149606299213 26.929133858267715 seulement
400.81889763779526 32.031496062992126 36.56692913385827 26.929133858267715 après

28.346456692913385 47.62204724409449 33.732283464566926 24.37795275590551 la
45.354330708661415 47.62204724409449 61.79527559055118 24.37795275590551 guerre,
90.14173228346456 47.62204724409449 39.40157480314961 24.37795275590551 qui
112.53543307086615 47.62204724409449 56.125984251968504 24.37795275590551 éclata
151.93700787401573 47.62204724409449 33.732283464566926 24.37795275590551 en
168.66141732283464 47.62204724409449 50.45669291338583 24.37795275590551 plein
202.39370078740157 47.62204724409449 56.125984251968504 24.37795275590551 centre
241.79527559055117 47.62204724409449 33.732283464566926 24.37795275590551 de
258.5196850393701 47.62204724409449 39.40157480314961 24.37795275590551 son
280.9133858267717 47.62204724409449 56.125984251968504 24.37795275590551 propre
320.31496062992125 47.62204724409449 50.45669291338583 24.37795275590551 pays,
354.0472440944882 47.62204724409449 33.732283464566926 24.37795275590551 au
370.7716535433071 47.62204724409449 56.125984251968504 24.37795275590551 moment
404.503937007874 47.62204724409449 33.732283464566926 24.37795275590551 même

29.19685039370079 61.79527559055118 31.46456692913386 24.944881889763778 où
45.07086614173228 61.79527559055118 47.338582677165356 24.944881889763778 cette
76.53543307086615 61.79527559055118 47.338582677165356 24.944881889763778 jeune
108.0 61.79527559055118 78.80314960629921 24.944881889763778 génération,
170.9291338582677 61.79527559055118 26.362204724409448 24.944881889763778 à
181.41732283464566 61.79527559055118 47.338582677165356 24.944881889763778 peine
212.88188976377953 61.79527559055118 41.95275590551181 24.944881889763778 dans
239.24409448818898 61.79527559055118 31.46456692913386 24.944881889763778 sa
254.83464566929135 61.79527559055118 68.31496062992126 24.944881889763778 vingtième
307.2755905511811 61.79527559055118 52.44094488188976 24.944881889763778 année,
344.12598425196853 61.79527559055118 52.44094488188976 24.944881889763778 allait
380.6929133858268 61.79527559055118 31.46456692913386 24.944881889763778 se
391.18110236220474 61.79527559055118 47.338582677165356 24.944881889763778 réjouir

29.763779527559056 75.4015748031496 32.59842519685039 26.362204724409448 de
45.92125984251968 75.4015748031496 32.59842519685039 26.362204724409448 la
62.36220472440945 75.4015748031496 38.267716535433074 26.362204724409448 vie
84.18897637795276 75.4015748031496 32.59842519685039 26.362204724409448 la
100.62992125984252 75.4015748031496 43.653543307086615 26.362204724409448 plus
127.84251968503936 75.4015748031496 87.30708661417323 26.362204724409448 passionnante
198.70866141732284 75.4015748031496 32.59842519685039 26.362204724409448 et
215.1496062992126 75.4015748031496 32.59842519685039 26.362204724409448 la
231.59055118110237 75.4015748031496 43.653543307086615 26.362204724409448 plus
258.8031496062992 75.4015748031496 81.92125984251969 26.362204724409448 idéalisante
324.2834645669291 75.4015748031496 38.267716535433074 26.362204724409448 ou,
346.1102362204724 75.4015748031496 43.653543307086615 26.362204724409448 plus
367.93700787401576 75.4015748031496 70.86614173228347 26.362204724409448 exactement,

29.763779527559056 90.99212598425197 51.30708661417323 23.52755905511811 après
63.77952755905512 90.99212598425197 68.31496062992126 23.52755905511811 quelques
115.08661417322834 90.99212598425197 56.976377952755904 23.52755905511811 années
154.77165354330708 90.99212598425197 34.01574803149607 23.52755905511811 de
171.7795275590551 90.99212598425197 90.99212598425197 23.52755905511811 tâtonnements
245.76377952755905 90.99212598425197 79.65354330708661 23.52755905511811 incessants
308.40944881889766 90.99212598425197 39.68503937007874 23.52755905511811 qui
331.0866141732283 90.99212598425197 39.68503937007874 23.52755905511811 lui
353.76377952755905 90.99212598425197 79.65354330708661 23.52755905511811 succèdent,
410.74015748031496 90.99212598425197 28.346456692913385 23.52755905511811 que

30.614173228346456 111.11811023622047 47.62204724409449 17.858267716535433 cette
62.645669291338585 111.11811023622047 74.26771653543307 17.858267716535433 génération
120.75590551181102 111.11811023622047 74.26771653543307 17.858267716535433 ambitieuse
179.1496062992126 111.11811023622047 37.13385826771653 17.858267716535433 est
200.40944881889763 111.11811023622047 47.62204724409449 17.858267716535433 enfin
232.15748031496062 111.11811023622047 63.77952755905512 17.858267716535433 parvenue
280.06299212598424 111.11811023622047 26.64566929133858 17.858267716535433 à
290.5511811023622 111.11811023622047 47.62204724409449 17.858267716535433 avoir
322.2992125984252 111.11811023622047 58.39370078740158 17.858267716535433 quelque
364.81889763779526 111.11811023622047 47.62204724409449 17.858267716535433 chose
396.56692913385825 111.11811023622047 26.64566929133858 17.858267716535433 à
401.9527559055118 111.11811023622047 37.13385826771653 17.858267716535433 dire.

40.25196850393701 118.20472440944881 71.14960629921259 24.094488188976378 Regardons
94.96062992125984 118.20472440944881 38.267716535433074 24.094488188976378 les
116.78740157480316 118.20472440944881 54.70866141732284 24.094488188976378 choses
155.0551181102362 118.20472440944881 32.881889763779526 24.094488188976378 de
171.49606299212599 118.20472440944881 43.93700787401575 24.094488188976378 plus
198.99212598425197 118.20472440944881 49.32283464566929 24.094488188976378 près;
231.8740157480315 118.20472440944881 43.93700787401575 24.094488188976378 vers
259.0866141732283 118.20472440944881 60.37795275590551 24.094488188976378 l’année
303.0236220472441 118.20472440944881 49.32283464566929 24.094488188976378 1956,
335.90551181102364 118.20472440944881 43.93700787401575 24.094488188976378 nous
363.40157480314963 118.20472440944881 49.32283464566929 24.094488188976378 avons
396.0 118.20472440944881 38.267716535433074 24.094488188976378 vu,
412.4409448818898 118.20472440944881 27.496062992125985 24.094488188976378 ici

31.181102362204726 133.51181102362204 32.031496062992126 22.96062992125984 et
47.338582677165356 133.51181102362204 37.13385826771653 22.96062992125984 là,
68.5984251968504 133.51181102362204 32.031496062992126 22.96062992125984 la
84.4724409448819 133.51181102362204 63.77952755905512 22.96062992125984 blessure
132.3779527559055 133.51181102362204 32.031496062992126 22.96062992125984 et
148.251968503937 133.51181102362204 32.031496062992126 22.96062992125984 le
164.1259842519685 133.51181102362204 37.13385826771653 22.96062992125984 cri
185.38582677165354 133.51181102362204 32.031496062992126 22.96062992125984 de
201.25984251968504 133.51181102362204 37.13385826771653 22.96062992125984 nos
222.51968503937007 133.51181102362204 63.77952755905512 22.96062992125984 révoltés
270.4251968503937 133.51181102362204 74.55118110236221 22.96062992125984 s’exprimer
328.81889763779526 133.51181102362204 32.031496062992126 22.96062992125984 en
344.9763779527559 133.51181102362204 47.90551181102362 22.96062992125984 vertu
376.7244094488189 133.51181102362204 32.031496062992126 22.96062992125984 du
392.59842519685037 133.51181102362204 47.90551181102362 22.96062992125984 moyen
419.244094488189 133.51181102362204 21.25984251968504 22.96062992125984 le

32.031496062992126 146.83464566929135 41.95275590551181 27.212598425196852 plus
58.110236220472444 146.83464566929135 57.54330708661417 27.212598425196852 direct:
100.06299212598425 146.83464566929135 26.078740157480315 27.212598425196852 «
110.55118110236221 146.83464566929135 99.49606299212599 27.212598425196852 action-painting
194.45669291338584 146.83464566929135 31.46456692913386 27.212598425196852 »;
210.04724409448818 146.83464566929135 47.05511811023622 27.212598425196852 après
241.51181102362204 146.83464566929135 41.95275590551181 27.212598425196852 deux
267.87401574803147 146.83464566929135 52.44094488188976 27.212598425196852 années
304.4409448818898 146.83464566929135 78.51968503937007 27.212598425196852 successives
367.37007874015745 146.83464566929135 31.46456692913386 27.212598425196852 de
377.8582677165354 146.83464566929135 62.92913385826772 27.212598425196852 recherches

32.31496062992126 162.4251968503937 32.31496062992126 25.228346456692915 un
48.47244094488189 162.4251968503937 37.7007874015748 25.228346456692915 peu
70.01574803149606 162.4251968503937 69.73228346456693 25.228346456692915 saccadées
123.59055118110236 162.4251968503937 32.31496062992126 25.228346456692915 et
139.748031496063 162.4251968503937 96.66141732283465 25.228346456692915 individuelles,
220.251968503937 162.4251968503937 85.88976377952756 25.228346456692915 c’est-à-dire
289.98425196850394 162.4251968503937 32.31496062992126 25.228346456692915 en
306.1417322834646 162.4251968503937 48.188976377952756 25.228346456692915 1958,
338.1732283464567 162.4251968503937 48.188976377952756 25.228346456692915 cette
370.48818897637796 162.4251968503937 69.73228346456693 25.228346456692915 activité,
418.6771653543307 162.4251968503937 21.543307086614174 25.228346456692915 en

32.881889763779526 176.03149606299212 71.71653543307086 23.52755905511811 s’imposant
89.00787401574803 176.03149606299212 35.71653543307087 23.52755905511811 une
109.7007874015748 176.03149606299212 71.71653543307086 23.52755905511811 discipline
165.82677165354332 176.03149606299212 76.81889763779527 23.52755905511811 rigoureuse,
227.0551181102362 176.03149606299212 45.92125984251968 23.52755905511811 s’est
257.9527559055118 176.03149606299212 51.023622047244096 23.52755905511811 avérée
293.6692913385827 176.03149606299212 30.614173228346456 23.52755905511811 la
308.9763779527559 176.03149606299212 40.818897637795274 23.52755905511811 plus
334.48818897637796 176.03149606299212 61.22834645669291 23.52755905511811 adéquate
380.6929133858268 176.03149606299212 25.511811023622048 23.52755905511811 à
385.79527559055117 176.03149606299212 56.125984251968504 23.52755905511811 l’expres-

32.59842519685039 190.48818897637796 43.08661417322835 24.094488188976378 sion
59.52755905511811 190.48818897637796 75.4015748031496 24.094488188976378 artistique
118.77165354330708 190.48818897637796 32.31496062992126 24.094488188976378 de
134.9291338582677 190.48818897637796 32.31496062992126 24.094488188976378 la
151.08661417322836 190.48818897637796 59.24409448818898 24.094488188976378 volonté
194.17322834645668 190.48818897637796 80.78740157480316 24.094488188976378 collective.
259.0866141732283 190.48818897637796 32.31496062992126 24.094488188976378 Et
275.244094488189 190.48818897637796 48.47244094488189 24.094488188976378 voici
307.5590551181102 190.48818897637796 37.7007874015748 24.094488188976378 les
329.1023622047244 190.48818897637796 64.62992125984252 24.094488188976378 porteurs
377.5748031496063 190.48818897637796 32.31496062992126 24.094488188976378 de
388.34645669291336 190.48818897637796 53.85826771653543 24.094488188976378 nouveaux

33.44881889763779 206.07874015748033 60.37795275590551 24.944881889763778 messages
78.80314960629921 206.07874015748033 35.43307086614173 24.944881889763778 qui
98.92913385826772 206.07874015748033 65.48031496062993 24.944881889763778 renvoient
149.38582677165354 206.07874015748033 40.25196850393701 24.944881889763778 très
174.61417322834646 206.07874015748033 70.58267716535433 24.944881889763778 volontiers
230.17322834645668 206.07874015748033 40.25196850393701 24.944881889763778 leur
255.4015748031496 206.07874015748033 65.48031496062993 24.944881889763778 tradition
305.8582677165354 206.07874015748033 40.25196850393701 24.944881889763778 dite
331.0866141732283 206.07874015748033 65.48031496062993 24.944881889763778 glorieuse
381.54330708661416 206.07874015748033 30.330708661417322 24.944881889763778 et
391.46456692913387 206.07874015748033 50.45669291338583 24.944881889763778 ancienne

32.59842519685039 225.63779527559055 27.77952755905512 17.291338582677167 à
43.93700787401575 225.63779527559055 49.889763779527556 17.291338582677167 leurs
71.71653543307086 225.63779527559055 88.7244094488189 17.291338582677167 prédécesseurs.

43.37007874015748 233.00787401574803 32.031496062992126 24.944881889763778 Il
59.52755905511811 233.00787401574803 53.29133858267716 24.944881889763778 serait
96.66141732283465 233.00787401574803 42.51968503937008 24.944881889763778 donc
123.30708661417323 233.00787401574803 101.19685039370079 24.944881889763778 irrévocablement
208.62992125984252 233.00787401574803 53.29133858267716 24.944881889763778 abusif
246.04724409448818 233.00787401574803 32.031496062992126 24.944881889763778 de
261.9212598425197 233.00787401574803 58.67716535433071 24.944881889763778 définir
304.7244094488189 233.00787401574803 32.031496062992126 24.944881889763778 en
320.59842519685037 233.00787401574803 58.67716535433071 24.944881889763778 passant
363.40157480314963 233.00787401574803 47.90551181102362 24.944881889763778 cette
390.0472440944882 233.00787401574803 53.29133858267716 24.944881889763778 nouvelle

33.44881889763779 247.46456692913387 61.511811023622045 26.078740157480315 tendance
79.65354330708661 247.46456692913387 36.0 26.078740157480315 par
100.06299212598425 247.46456692913387 30.89763779527559 26.078740157480315 le
115.65354330708661 247.46456692913387 36.0 26.078740157480315 mot
136.06299212598427 247.46456692913387 25.79527559055118 26.078740157480315 «
146.26771653543307 247.46456692913387 41.10236220472441 26.078740157480315 mode
172.06299212598427 247.46456692913387 30.89763779527559 26.078740157480315 ».
187.37007874015748 247.46456692913387 41.10236220472441 26.078740157480315 Elle
212.88188976377953 247.46456692913387 36.0 26.078740157480315 est
233.5748031496063 247.46456692913387 36.0 26.078740157480315 bel
253.98425196850394 247.46456692913387 30.89763779527559 26.078740157480315 et
269.5748031496063 247.46456692913387 41.10236220472441 26.078740157480315 bien
295.0866141732283 247.46456692913387 102.61417322834646 26.078740157480315 l’aboutissement,
377.29133858267716 247.46456692913387 66.61417322834646 26.078740157480315 l’épanouis-

34.58267716535433 261.9212598425197 51.874015748031496 23.244094488188978 sement
70.86614173228347 261.9212598425197 56.976377952755904 23.244094488188978 naturel
112.25196850393701 261.9212598425197 46.77165354330709 23.244094488188978 d’une
143.43307086614172 261.9212598425197 56.976377952755904 23.244094488188978 volonté
185.10236220472441 261.9212598425197 72.56692913385827 23.244094488188978 martyrisée
242.07874015748033 261.9212598425197 41.38582677165354 23.244094488188978 mais
268.15748031496065 261.9212598425197 77.95275590551181 23.244094488188978 inflexible.
330.23622047244095 261.9212598425197 41.38582677165354 23.244094488188978 Oui,
356.31496062992125 261.9212598425197 31.181102362204726 23.244094488188978 de
371.90551181102364 261.9212598425197 46.77165354330709 23.244094488188978 cette
397.7007874015748 261.9212598425197 46.77165354330709 23.244094488188978 volonté

34.58267716535433 278.0787401574803 38.83464566929134 22.393700787401574 qui
56.976377952755904 278.0787401574803 72.0 22.393700787401574 s’exprime
112.25196850393701 278.0787401574803 83.05511811023622 22.393700787401574 aujourd’hui
178.58267716535434 278.0787401574803 44.22047244094488 22.393700787401574 avec
206.36220472440945 278.0787401574803 55.275590551181104 22.393700787401574 autant
244.91338582677164 278.0787401574803 33.16535433070866 22.393700787401574 de
261.6377952755906 278.0787401574803 77.38582677165354 22.393700787401574 puissance,
322.5826771653543 278.0787401574803 55.275590551181104 22.393700787401574 malgré
361.13385826771656 278.0787401574803 33.16535433070866 22.393700787401574 et
377.8582677165354 278.0787401574803 72.0 22.393700787401574 peut-être
427.46456692913387 278.0787401574803 16.724409448818896 22.393700787401574 à

35.1496062992126 292.251968503937 47.90551181102362 20.69291338582677 cause
67.18110236220473 292.251968503937 32.031496062992126 20.69291338582677 de
83.05511811023622 292.251968503937 32.031496062992126 20.69291338582677 la
99.21259842519684 292.251968503937 53.29133858267716 20.69291338582677 guerre
136.3464566929134 292.251968503937 42.51968503937008 20.69291338582677 dont
162.99212598425197 292.251968503937 90.4251968503937 20.69291338582677 l’adolescence
237.54330708661416 292.251968503937 69.16535433070867 20.69291338582677 saignante
290.8346456692913 292.251968503937 32.031496062992126 20.69291338582677 et
306.70866141732284 292.251968503937 42.51968503937008 20.69291338582677 sans
333.3543307086614 292.251968503937 47.90551181102362 20.69291338582677 appel
365.38582677165357 292.251968503937 32.031496062992126 20.69291338582677 de
381.54330708661416 292.251968503937 47.90551181102362 20.69291338582677 notre
407.90551181102364 292.251968503937 37.41732283464567 20.69291338582677 géné-

35.43307086614173 305.00787401574803 54.70866141732284 24.094488188976378 ration
73.7007874015748 305.00787401574803 49.039370078740156 24.094488188976378 garde
106.2992125984252 305.00787401574803 38.267716535433074 24.094488188976378 des
128.1259842519685 305.00787401574803 71.14960629921259 24.094488188976378 stigmates
182.83464566929135 305.00787401574803 87.30708661417323 24.094488188976378 ineffaçables
253.98425196850394 305.00787401574803 43.653543307086615 24.094488188976378 dans
281.1968503937008 305.00787401574803 38.267716535433074 24.094488188976378 son
303.0236220472441 305.00787401574803 38.267716535433074 24.094488188976378 âme
324.8503937007874 305.00787401574803 32.881889763779526 24.094488188976378 et
341.29133858267716 305.00787401574803 38.267716535433074 24.094488188976378 qui
363.11811023622045 305.00787401574803 54.70866141732284 24.094488188976378 enfin,
401.38582677165357 305.00787401574803 43.653543307086615 24.094488188976378 dans
423.21259842519686 305.00787401574803 21.826771653543307 24.094488188976378 un

35.43307086614173 320.0314960629921 44.22047244094488 24.37795275590551 coin
63.21259842519685 320.0314960629921 49.889763779527556 24.37795275590551 isolé
96.37795275590551 320.0314960629921 33.16535433070866 24.37795275590551 du
113.10236220472441 320.0314960629921 49.889763779527556 24.37795275590551 monde
146.26771653543307 320.0314960629921 33.16535433070866 24.37795275590551 où
162.99212598425197 320.0314960629921 60.94488188976378 24.37795275590551 régnait
207.21259842519686 320.0314960629921 38.83464566929134 24.37795275590551 une
229.60629921259843 320.0314960629921 72.0 24.37795275590551 ignorance
284.88188976377955 320.0314960629921 33.16535433070866 24.37795275590551 et
301.6062992125984 320.0314960629921 38.83464566929134 24.37795275590551 une
323.7165354330709 320.0314960629921 105.16535433070867 24.37795275590551 incompréhension
406.7716535433071 320.0314960629921 38.83464566929134 24.37795275590551 acca-

36.8503937007874 338.45669291338584 58.67716535433071 20.409448818897637 blantes,
80.78740157480316 338.45669291338584 29.19685039370079 20.409448818897637 se
95.24409448818898 338.45669291338584 39.118110236220474 20.409448818897637 fait
119.62204724409449 338.45669291338584 39.118110236220474 20.409448818897637 jour
144.0 338.45669291338584 34.01574803149607 20.409448818897637 sur
163.55905511811022 338.45669291338584 29.19685039370079 20.409448818897637 la
178.29921259842519 338.45669291338584 39.118110236220474 20.409448818897637 voie
202.6771653543307 338.45669291338584 29.19685039370079 20.409448818897637 du
212.31496062992127 338.45669291338584 39.118110236220474 20.409448818897637 salut.

376.15748031496065 347.244094488189 51.874015748031496 16.15748031496063 VIl

303.87401574803147 360.0 61.22834645669291 19.84251968503937 Critique
349.79527559055117 360.0 45.92125984251968 19.84251968503937 d’art
380.40944881889766 360.0 25.511811023622048 19.84251968503937 à
385.51181102362204 360.0 40.818897637795274 19.84251968503937 Paris.

174.61417322834646 408.4724409448819 71.71653543307086 22.96062992125984 SECTION
226.77165354330708 408.4724409448819 52.15748031496063 22.96062992125984 ARTS
252.8503937007874 408.4724409448819 77.95275590551181 22.96062992125984 PLASTIQUES

195.59055118110237 428.0314960629921 72.85039370078741 20.125984251968504 PEINTURE
250.01574803149606 428.0314960629921 36.28346456692913 20.125984251968504 ET
262.20472440944883 428.0314960629921 48.47244094488189 20.125984251968504 DESSIN

60.09448818897638 445.03937007874015 62.36220472440945 20.976377952755904 Song
105.44881889763779 445.03937007874015 45.354330708661415 20.976377952755904 Soum
133.51181102362204 445.03937007874015 79.08661417322834 20.976377952755904 JEANG
195.8740157480315 445.03937007874015 34.01574803149607 20.976377952755904 né
212.88188976377953 445.03937007874015 28.346456692913385 20.976377952755904 à
224.2204724409449 445.03937007874015 67.74803149606299 20.976377952755904 Hamheung
274.96062992125985 445.03937007874015 34.01574803149607 20.976377952755904 en
286.2992125984252 445.03937007874015 39.68503937007874 20.976377952755904 1928.

45.07086614173228 461.76377952755905 55.275590551181104 19.559055118110237 1
86.45669291338582 461.76377952755905 45.92125984251968 19.559055118110237 Œuvre,
118.48818897637796 461.76377952755905 36.8503937007874 19.559055118110237 1961
141.4488188976378 461.76377952755905 50.45669291338583 19.559055118110237 (huile,
173.76377952755905 461.76377952755905 50.45669291338583 19.559055118110237 120x100).

60.661417322834644 476.78740157480314 65.48031496062993 26.078740157480315 Tsang
109.7007874015748 476.78740157480314 38.267716535433074 26.078740157480315 Sup
131.5275590551181 476.78740157480314 76.25196850393701 26.078740157480315 JEONG
191.6220472440945 476.78740157480314 32.59842519685039 26.078740157480315 né
207.7795275590551 476.78740157480314 27.212598425196852 26.078740157480315 à
218.83464566929135 476.78740157480314 60.09448818897638 26.078740157480315 Chungyu
262.48818897637796 476.78740157480314 32.59842519685039 26.078740157480315 en
273.25984251968504 476.78740157480314 38.267716535433074 26.078740157480315 1927.

45.92125984251968 493.79527559055117 55.275590551181104 21.25984251968504 2
87.30708661417323 493.79527559055117 45.92125984251968 21.25984251968504 Œuvre,
119.33858267716535 493.79527559055117 36.8503937007874 21.25984251968504 1961
142.29921259842519 493.79527559055117 50.45669291338583 21.25984251968504 (huile,
174.61417322834646 493.79527559055117 50.45669291338583 21.25984251968504 160x120).

62.36220472440945 506.8346456692913 72.56692913385827 20.69291338582677 Vong-Ik
119.33858267716535 506.8346456692913 62.07874015748032 20.69291338582677 JOH
165.82677165354332 506.8346456692913 31.181102362204726 20.69291338582677 né
181.41732283464566 506.8346456692913 25.79527559055118 20.69291338582677 à
191.90551181102362 506.8346456692913 67.46456692913385 20.69291338582677 Bookchung
243.49606299212599 506.8346456692913 31.181102362204726 20.69291338582677 en
253.98425196850394 506.8346456692913 36.28346456692913 20.69291338582677 1934.

47.05511811023622 526.1102362204724 55.275590551181104 21.25984251968504 3
88.44094488188976 526.1102362204724 45.92125984251968 21.25984251968504 Œuvre,
120.4724409448819 526.1102362204724 36.8503937007874 21.25984251968504 1961
143.71653543307087 526.1102362204724 50.74015748031496 21.25984251968504 (huile,
175.748031496063 526.1102362204724 55.275590551181104 21.25984251968504 100x130)*.

62.36220472440945 539.7165354330708 74.55118110236221 17.291338582677167 Tschang
121.03937007874016 539.7165354330708 42.803149606299215 17.291338582677167 Vaul
147.68503937007873 539.7165354330708 64.06299212598425 17.291338582677167 KIM
195.8740157480315 539.7165354330708 32.031496062992126 17.291338582677167 né
211.748031496063 539.7165354330708 26.64566929133858 17.291338582677167 à
222.51968503937007 539.7165354330708 74.55118110236221 17.291338582677167 Phyungyang
281.1968503937008 539.7165354330708 32.031496062992126 17.291338582677167 en
291.68503937007875 539.7165354330708 37.41732283464567 17.291338582677167 1929.

47.62204724409449 554.4566929133858 55.275590551181104 21.543307086614174 4
89.00787401574803 554.4566929133858 45.92125984251968 21.543307086614174 Œuvre,
121.03937007874016 554.4566929133858 36.8503937007874 21.543307086614174 1961
144.0 554.4566929133858 50.45669291338583 21.543307086614174 (huile,
176.31496062992127 554.4566929133858 50.45669291338583 21.543307086614174 150x120).

403.93700787401576 591.0236220472441 26.078740157480315 17.858267716535433 31
