515.3385826771654 622.7716535433071
74.83464566929133 -1.4173228346456692 109.13385826771653 20.125984251968504 PORTUGAL

177.4488188976378 118.77165354330708 68.5984251968504 16.724409448818896 Commissaire
232.15748031496062 118.77165354330708 50.173228346456696 16.724409448818896 Général
268.7244094488189 118.77165354330708 22.96062992125984 16.724409448818896 :
278.0787401574803 118.77165354330708 54.99212598425197 16.724409448818896 César
319.18110236220474 118.77165354330708 27.496062992125985 16.724409448818896 H.
332.78740157480314 118.77165354330708 50.173228346456696 16.724409448818896 Moreira
364.81889763779526 118.77165354330708 64.06299212598425 16.724409448818896 Baptista

177.73228346456693 133.79527559055117 64.91338582677166 19.84251968503937 Secrétaire
228.4724409448819 133.79527559055117 55.55905511811024 19.84251968503937 National
270.1417322834646 133.79527559055117 27.77952755905512 19.84251968503937 de
279.496062992126 133.79527559055117 73.98425196850394 19.84251968503937 l’Information.

132.9448818897638 204.9448818897638 31.46456692913386 26.362204724409448 La
148.53543307086613 204.9448818897638 73.41732283464567 26.362204724409448 limitation
206.07874015748033 204.9448818897638 36.56692913385827 26.362204724409448 des
227.0551181102362 204.9448818897638 57.54330708661417 26.362204724409448 espaces
269.00787401574803 204.9448818897638 26.078740157480315 26.362204724409448 à
279.496062992126 204.9448818897638 57.54330708661417 26.362204724409448 occuper
321.1653543307087 204.9448818897638 36.56692913385827 26.362204724409448 par
342.1417322834646 204.9448818897638 36.56692913385827 26.362204724409448 une
363.11811023622045 204.9448818897638 94.11023622047244 26.362204724409448 représentation
441.6377952755906 204.9448818897638 36.56692913385827 26.362204724409448 que
462.61417322834643 204.9448818897638 41.95275590551181 26.362204724409448 l’on
483.59055118110234 204.9448818897638 26.078740157480315 26.362204724409448 veu

122.1732283464567 229.60629921259843 90.70866141732283 15.874015748031496 significative,
197.85826771653544 229.60629921259843 50.45669291338583 15.874015748031496 claire
233.00787401574803 229.60629921259843 30.330708661417322 15.874015748031496 et
248.31496062992127 229.60629921259843 40.25196850393701 15.874015748031496 sans
273.54330708661416 229.60629921259843 50.45669291338583 15.874015748031496 lacune
308.6929133858268 229.60629921259843 25.228346456692915 15.874015748031496 a
318.8976377952756 229.60629921259843 35.1496062992126 15.874015748031496 ses
339.0236220472441 229.60629921259843 85.60629921259843 15.874015748031496 inconvénients
409.3228346456693 229.60629921259843 30.330708661417322 15.874015748031496 et
424.62992125984255 229.60629921259843 50.45669291338583 15.874015748031496 induit
454.6771653543307 229.60629921259843 55.55905511811024 15.874015748031496 forcément

122.1732283464567 243.7795275590551 30.330708661417322 14.740157480314961 en
137.48031496062993 243.7795275590551 50.45669291338583 14.740157480314961 erreur
172.62992125984252 243.7795275590551 65.48031496062993 14.740157480314961 quiconque
223.08661417322836 243.7795275590551 40.25196850393701 14.740157480314961 voit
248.03149606299212 243.7795275590551 35.1496062992126 14.740157480314961 les
268.15748031496065 243.7795275590551 55.275590551181104 14.740157480314961 travaux
308.40944881889766 243.7795275590551 40.25196850393701 14.740157480314961 sans
333.6377952755906 243.7795275590551 65.48031496062993 14.740157480314961 connaître
384.09448818897636 243.7795275590551 35.1496062992126 14.740157480314961 les
404.2204724409449 243.7795275590551 70.58267716535433 14.740157480314961 conditions
454.6771653543307 243.7795275590551 55.275590551181104 14.740157480314961 imposées.

122.45669291338582 255.68503937007873 43.653543307086615 19.275590551181104 Quant
151.6535433070866 255.68503937007873 24.37795275590551 19.275590551181104 à
161.29133858267716 255.68503937007873 43.653543307086615 19.275590551181104 nous,
190.20472440944883 255.68503937007873 38.83464566929134 19.275590551181104 nous
214.58267716535434 255.68503937007873 29.19685039370079 19.275590551181104 ne
229.03937007874015 255.68503937007873 58.110236220472444 19.275590551181104 voulions
272.6929133858268 255.68503937007873 34.01574803149607 19.275590551181104 pas
291.9685039370079 255.68503937007873 62.92913385826772 19.275590551181104 seulement
340.4409448818898 255.68503937007873 43.653543307086615 19.275590551181104 faire
369.6377952755906 255.68503937007873 38.83464566929134 19.275590551181104 acte
394.01574803149606 255.68503937007873 29.19685039370079 19.275590551181104 de
408.4724409448819 255.68503937007873 58.110236220472444 19.275590551181104 présence
452.12598425196853 255.68503937007873 29.19685039370079 19.275590551181104 et
461.76377952755905 255.68503937007873 48.47244094488189 19.275590551181104 apporter

122.45669291338582 272.40944881889766 31.181102362204726 13.88976377952756 un
138.04724409448818 272.40944881889766 46.488188976377955 13.88976377952756 signe
168.9448818897638 272.40944881889766 31.181102362204726 13.88976377952756 de
184.53543307086613 272.40944881889766 77.66929133858268 13.88976377952756 l’existence
246.61417322834646 272.40944881889766 31.181102362204726 13.88976377952756 de
262.20472440944883 272.40944881889766 36.28346456692913 13.88976377952756 nos
282.8976377952756 272.40944881889766 41.38582677165354 13.88976377952756 plus
308.6929133858268 272.40944881889766 51.874015748031496 13.88976377952756 jeunes
344.9763779527559 272.40944881889766 62.07874015748032 13.88976377952756 artistes
391.46456692913387 272.40944881889766 25.79527559055118 13.88976377952756 à
401.9527559055118 272.40944881889766 31.181102362204726 13.88976377952756 ce
417.25984251968504 272.40944881889766 62.07874015748032 13.88976377952756 colloque
464.0314960629921 272.40944881889766 31.181102362204726 13.88976377952756 et
474.23622047244095 272.40944881889766 36.28346456692913 13.88976377952756 bilan

122.1732283464567 285.4488188976378 84.75590551181102 15.307086614173228 international
192.18897637795277 285.4488188976378 39.968503937007874 15.307086614173228 qu’a
217.13385826771653 285.4488188976378 39.968503937007874 15.307086614173228 été,
241.79527559055117 285.4488188976378 39.968503937007874 15.307086614173228 avec
266.74015748031496 285.4488188976378 44.78740157480315 15.307086614173228 plein
296.78740157480314 285.4488188976378 54.70866141732284 15.307086614173228 succès,
336.755905511811 285.4488188976378 30.04724409448819 15.307086614173228 la
351.496062992126 285.4488188976378 59.811023622047244 15.307086614173228 Biennale
396.56692913385825 285.4488188976378 30.04724409448819 15.307086614173228 de
411.3070866141732 285.4488188976378 49.889763779527556 15.307086614173228 Paris.
446.1732283464567 285.4488188976378 39.968503937007874 15.307086614173228 Nous
466.2992125984252 285.4488188976378 44.78740157480315 15.307086614173228 aurions

121.60629921259843 299.62204724409446 46.20472440944882 16.440944881889763 voulu
152.2204724409449 299.62204724409446 66.61417322834646 16.440944881889763 permettre
203.5275590551181 299.62204724409446 36.0 16.440944881889763 aux
224.2204724409449 299.62204724409446 66.61417322834646 16.440944881889763 visiteurs
275.244094488189 299.62204724409446 56.40944881889764 16.440944881889763 l’étude
316.34645669291336 299.62204724409446 36.0 16.440944881889763 des
336.755905511811 299.62204724409446 61.511811023622045 16.440944881889763 éléments
382.96062992125985 299.62204724409446 30.614173228346456 16.440944881889763 et
398.26771653543307 299.62204724409446 66.61417322834646 16.440944881889763 présenter
449.5748031496063 299.62204724409446 30.614173228346456 16.440944881889763 un
459.7795275590551 299.62204724409446 51.30708661417323 16.440944881889763 panorama

121.88976377952756 315.21259842519686 56.40944881889764 15.590551181102363 général
162.99212598425197 315.21259842519686 30.614173228346456 15.590551181102363 de
178.29921259842519 315.21259842519686 30.614173228346456 15.590551181102363 la
193.60629921259843 315.21259842519686 71.71653543307086 15.590551181102363 sculpture,
250.01574803149606 315.21259842519686 30.614173228346456 15.590551181102363 de
265.3228346456693 315.21259842519686 30.614173228346456 15.590551181102363 la
280.62992125984255 315.21259842519686 66.61417322834646 15.590551181102363 peinture,
331.93700787401576 315.21259842519686 30.614173228346456 15.590551181102363 du
347.244094488189 315.21259842519686 51.30708661417323 15.590551181102363 dessin
383.244094488189 315.21259842519686 30.614173228346456 15.590551181102363 et
398.5511811023622 315.21259842519686 30.614173228346456 15.590551181102363 de
413.8582677165354 315.21259842519686 30.614173228346456 15.590551181102363 la
429.4488188976378 315.21259842519686 61.511811023622045 15.590551181102363 gravure,
470.26771653543307 315.21259842519686 41.10236220472441 15.590551181102363 chacun

121.88976377952756 331.37007874015745 31.181102362204726 12.472440944881889 de
137.48031496062993 331.37007874015745 36.28346456692913 12.472440944881889 ces
158.17322834645668 331.37007874015745 41.669291338582674 12.472440944881889 arts
184.251968503937 331.37007874015745 46.77165354330709 12.472440944881889 étant
215.43307086614172 331.37007874015745 31.181102362204726 12.472440944881889 un
230.74015748031496 331.37007874015745 46.77165354330709 12.472440944881889 moyen
261.9212598425197 331.37007874015745 83.05511811023622 12.472440944881889 d’expression
329.6692913385827 331.37007874015745 77.95275590551181 12.472440944881889 intensément
392.0314960629921 331.37007874015745 51.874015748031496 12.472440944881889 senti,
428.31496062992125 331.37007874015745 46.77165354330709 12.472440944881889 vécu,
459.496062992126 331.37007874015745 41.669291338582674 12.472440944881889 avec
480.18897637795277 331.37007874015745 31.181102362204726 12.472440944881889 amou

121.60629921259843 346.3937007874016 30.330708661417322 17.5748031496063 et
136.91338582677164 346.3937007874016 65.76377952755905 17.5748031496063 maestria,
187.37007874015748 346.3937007874016 35.43307086614173 17.5748031496063 par
207.7795275590551 346.3937007874016 35.43307086614173 17.5748031496063 les
227.90551181102362 346.3937007874016 60.661417322834644 17.5748031496063 artistes
273.54330708661416 346.3937007874016 35.43307086614173 17.5748031496063 qui
293.9527559055118 346.3937007874016 40.53543307086614 17.5748031496063 font
319.18110236220474 346.3937007874016 70.86614173228347 17.5748031496063 maintenant
375.0236220472441 346.3937007874016 45.63779527559055 17.5748031496063 leurs
405.3543307086614 346.3937007874016 60.661417322834644 17.5748031496063 premiers
450.99212598425197 346.3937007874016 35.43307086614173 17.5748031496063 pas
471.11811023622045 346.3937007874016 35.43307086614173 17.5748031496063 sur
486.4251968503937 346.3937007874016 25.228346456692915 17.5748031496063 les

121.03937007874016 358.86614173228344 62.92913385826772 19.275590551181104 chemins
166.6771653543307 358.86614173228344 68.5984251968504 19.275590551181104 pénibles
218.26771653543307 358.86614173228344 34.2992125984252 19.275590551181104 et
235.55905511811022 358.86614173228344 68.5984251968504 19.275590551181104 glorieux
287.1496062992126 358.86614173228344 39.968503937007874 19.275590551181104 des
310.1102362204724 358.86614173228344 45.92125984251968 19.275590551181104 arts
332.78740157480314 358.86614173228344 74.55118110236221 19.275590551181104 plastiques.

132.09448818897638 373.8897637795276 31.748031496062993 13.88976377952756 En
147.96850393700788 373.8897637795276 42.23622047244095 13.88976377952756 face
174.33070866141733 373.8897637795276 31.748031496062993 13.88976377952756 de
190.20472440944883 373.8897637795276 36.8503937007874 13.88976377952756 ces
211.46456692913387 373.8897637795276 94.96062992125984 13.88976377952756 insurmontables
290.5511811023622 373.8897637795276 79.08661417322834 13.88976377952756 limitations
353.76377952755905 373.8897637795276 63.21259842519685 13.88976377952756 d’espace
401.38582677165357 373.8897637795276 31.748031496062993 13.88976377952756 et
417.25984251968504 373.8897637795276 47.62204724409449 13.88976377952756 ainsi
443.62204724409446 373.8897637795276 68.5984251968504 13.88976377952756 contrainis,

122.45669291338582 387.7795275590551 40.53543307086614 14.456692913385826 nous
147.96850393700788 387.7795275590551 45.63779527559055 14.456692913385826 avons
178.29921259842519 387.7795275590551 50.74015748031496 14.456692913385826 pleine
213.73228346456693 387.7795275590551 70.86614173228347 14.456692913385826 conscience
269.5748031496063 387.7795275590551 35.43307086614173 14.456692913385826 que
289.7007874015748 387.7795275590551 35.43307086614173 14.456692913385826 les
310.1102362204724 387.7795275590551 65.76377952755905 14.456692913385826 amateurs,
360.8503937007874 387.7795275590551 70.86614173228347 14.456692913385826 étudiants,
416.40944881889766 387.7795275590551 65.76377952755905 14.456692913385826 critiques
467.1496062992126 387.7795275590551 30.330708661417322 14.456692913385826 et
477.3543307086614 387.7795275590551 35.43307086614173 14.456692913385826 juges

121.60629921259843 403.65354330708664 23.52755905511811 19.559055118110237 —
131.24409448818898 403.65354330708664 37.7007874015748 19.559055118110237 avec
154.77165354330708 403.65354330708664 56.40944881889764 19.559055118110237 pouvoirs
197.00787401574803 403.65354330708664 28.346456692913385 19.559055118110237 de
211.1811023622047 403.65354330708664 37.7007874015748 19.559055118110237 jury
234.70866141732284 403.65354330708664 23.52755905511811 19.559055118110237 —
244.3464566929134 403.65354330708664 70.58267716535433 19.559055118110237 apercevront
300.755905511811 403.65354330708664 80.22047244094489 19.559055118110237 difficilement
366.8031496062992 403.65354330708664 56.40944881889764 19.559055118110237 l’unité,
409.03937007874015 403.65354330708664 28.346456692913385 19.559055118110237 la
423.21259842519686 403.65354330708664 56.40944881889764 19.559055118110237 vitalité
465.73228346456693 403.65354330708664 28.346456692913385 19.559055118110237 et
475.0866141732283 403.65354330708664 37.7007874015748 19.559055118110237 l’uni-

121.60629921259843 418.1102362204724 67.74803149606299 15.307086614173228 versalité
173.76377952755905 418.1102362204724 31.46456692913386 15.307086614173228 de
189.35433070866142 418.1102362204724 57.54330708661417 15.307086614173228 langage
231.0236220472441 418.1102362204724 47.05511811023622 15.307086614173228 d’une
262.48818897637796 418.1102362204724 78.23622047244095 15.307086614173228 génération,
325.13385826771656 418.1102362204724 47.05511811023622 15.307086614173228 toute
356.31496062992125 418.1102362204724 47.05511811023622 15.307086614173228 jeune
387.7795275590551 418.1102362204724 36.56692913385827 15.307086614173228 par
408.755905511811 418.1102362204724 36.56692913385827 15.307086614173228 les
429.4488188976378 418.1102362204724 57.54330708661417 15.307086614173228 années,
471.40157480314963 418.1102362204724 36.56692913385827 15.307086614173228 par
486.99212598425197 418.1102362204724 26.078740157480315 15.307086614173228 les

122.45669291338582 431.43307086614175 72.85039370078741 14.740157480314961 recherches
179.71653543307087 431.43307086614175 31.181102362204726 14.740157480314961 et
195.30708661417322 431.43307086614175 36.56692913385827 14.740157480314961 par
216.28346456692913 431.43307086614175 88.7244094488189 14.740157480314961 l’expérience,
289.13385826771656 431.43307086614175 41.669291338582674 14.740157480314961 mais
315.21259842519686 431.43307086614175 36.56692913385827 14.740157480314961 qui
336.18897637795277 431.43307086614175 31.181102362204726 14.740157480314961 de
351.7795275590551 431.43307086614175 41.669291338582674 14.740157480314961 jour
377.8582677165354 431.43307086614175 31.181102362204726 14.740157480314961 en
393.4488188976378 431.43307086614175 41.669291338582674 14.740157480314961 jour
419.5275590551181 431.43307086614175 57.25984251968504 14.740157480314961 affirme
456.09448818897636 431.43307086614175 57.25984251968504 14.740157480314961 davantage

122.1732283464567 445.3228346456693 31.748031496062993 17.007874015748033 sa
132.9448818897638 445.3228346456693 79.37007874015748 17.007874015748033 personnalité.

132.9448818897638 458.3622047244094 31.46456692913386 17.858267716535433 Le
148.53543307086613 458.3622047244094 67.74803149606299 17.858267716535433 Portugal,
200.69291338582678 458.3622047244094 36.56692913385827 17.858267716535433 pas
221.66929133858267 458.3622047244094 41.669291338582674 17.858267716535433 plus
247.748031496063 458.3622047244094 36.56692913385827 17.858267716535433 que
268.4409448818898 458.3622047244094 36.56692913385827 17.858267716535433 les
289.4173228346457 458.3622047244094 62.645669291338585 17.858267716535433 artistes
336.4724409448819 458.3622047244094 36.56692913385827 17.858267716535433 qui
357.4488188976378 458.3622047244094 31.46456692913386 17.858267716535433 le
373.03937007874015 458.3622047244094 88.7244094488189 17.858267716535433 représentent,
446.1732283464567 458.3622047244094 47.05511811023622 17.858267716535433 comme
472.251968503937 458.3622047244094 41.669291338582674 17.858267716535433 ethnie

122.45669291338582 472.53543307086613 32.59842519685039 15.874015748031496 et
138.61417322834646 472.53543307086613 49.039370078740156 15.874015748031496 comme
171.21259842519686 472.53543307086613 65.19685039370079 15.874015748031496 culture,
220.251968503937 472.53543307086613 49.039370078740156 15.874015748031496 n’ont
252.8503937007874 472.53543307086613 37.98425196850393 15.874015748031496 pas
274.6771653543307 472.53543307086613 54.425196850393704 15.874015748031496 voulu,
312.66141732283467 472.53543307086613 43.37007874015748 15.874015748031496 dans
339.87401574803147 472.53543307086613 49.039370078740156 15.874015748031496 cette
372.4724409448819 472.53543307086613 49.039370078740156 15.874015748031496 phase
405.07086614173227 472.53543307086613 92.40944881889764 15.874015748031496 expérimentale
481.3228346456693 472.53543307086613 32.59842519685039 15.874015748031496 de
492.09448818897636 472.53543307086613 21.826771653543307 15.874015748031496 la

122.74015748031496 488.6929133858268 68.5984251968504 13.606299212598426 Biennale,
175.748031496063 488.6929133858268 58.110236220472444 13.606299212598426 refuser
217.98425196850394 488.6929133858268 42.23622047244095 13.606299212598426 leur
244.3464566929134 488.6929133858268 68.5984251968504 13.606299212598426 concours.
297.3543307086614 488.6929133858268 73.98425196850394 13.606299212598426 Cependant,
355.46456692913387 488.6929133858268 42.23622047244095 13.606299212598426 dans
381.8267716535433 488.6929133858268 37.13385826771653 13.606299212598426 ces
402.8031496062992 488.6929133858268 58.110236220472444 13.606299212598426 simples
439.93700787401576 488.6929133858268 73.98425196850394 13.606299212598426 échantillons

123.02362204724409 502.5826771653543 30.04724409448819 15.590551181102363 de
138.04724409448818 502.5826771653543 35.1496062992126 15.590551181102363 nos
158.17322834645668 502.5826771653543 40.25196850393701 15.590551181102363 arts
183.4015748031496 502.5826771653543 75.4015748031496 15.590551181102363 plastiques,
243.49606299212599 502.5826771653543 60.09448818897638 15.590551181102363 quelques
288.56692913385825 502.5826771653543 60.09448818897638 15.590551181102363 éléments
333.9212598425197 502.5826771653543 70.2992125984252 15.590551181102363 importants
388.9133858267717 502.5826771653543 30.04724409448819 15.590551181102363 se
404.2204724409449 502.5826771653543 70.2992125984252 15.590551181102363 détachent,
459.21259842519686 502.5826771653543 35.1496062992126 15.590551181102363 qui
474.23622047244095 502.5826771653543 40.25196850393701 15.590551181102363 carac.

122.74015748031496 517.8897637795276 60.37795275590551 16.724409448818896 térisent
168.09448818897638 517.8897637795276 45.07086614173228 16.724409448818896 l’art
198.14173228346456 517.8897637795276 65.19685039370079 16.724409448818896 portugais
248.31496062992127 517.8897637795276 30.04724409448819 16.724409448818896 de
263.33858267716533 517.8897637795276 45.07086614173228 16.724409448818896 cette
293.6692913385827 517.8897637795276 50.173228346456696 16.724409448818896 époque
328.81889763779526 517.8897637795276 35.1496062992126 16.724409448818896 et,
348.66141732283467 517.8897637795276 30.04724409448819 16.724409448818896 en
363.9685039370079 517.8897637795276 45.07086614173228 16.724409448818896 cette
394.01574803149606 517.8897637795276 55.275590551181104 16.724409448818896 époque,
434.26771653543307 517.8897637795276 30.04724409448819 16.724409448818896 la
444.18897637795277 517.8897637795276 70.2992125984252 16.724409448818896 prédilection

124.44094488188976 530.3622047244095 39.118110236220474 17.5748031496063 pour
148.8188976377953 530.3622047244095 34.2992125984252 17.5748031496063 les
168.3779527559055 530.3622047244095 53.85826771653543 17.5748031496063 petites
207.49606299212599 530.3622047244095 63.496062992125985 17.5748031496063 surfaces,
256.251968503937 530.3622047244095 39.118110236220474 17.5748031496063 mais
280.62992125984255 530.3622047244095 58.67716535433071 17.5748031496063 traitées
324.56692913385825 530.3622047244095 39.118110236220474 17.5748031496063 avec
348.9448818897638 530.3622047244095 48.75590551181102 17.5748031496063 amour;
383.244094488189 530.3622047244095 29.19685039370079 17.5748031496063 la
397.98425196850394 530.3622047244095 58.67716535433071 17.5748031496063 sobriété
441.9212598425197 530.3622047244095 24.37795275590551 17.5748031496063 —
451.5590551181102 530.3622047244095 39.118110236220474 17.5748031496063 nous
471.11811023622045 530.3622047244095 43.93700787401575 17.5748031496063 dirions

123.8740157480315 545.6692913385826 58.110236220472444 15.874015748031496 presque
166.39370078740157 545.6692913385826 31.748031496062993 15.874015748031496 la
181.98425196850394 545.6692913385826 73.98425196850394 15.874015748031496 sécheresse
240.3779527559055 545.6692913385826 26.362204724409448 15.874015748031496 —
250.86614173228347 545.6692913385826 31.748031496062993 15.874015748031496 et
266.74015748031496 545.6692913385826 73.98425196850394 15.874015748031496 l’économie
324.8503937007874 545.6692913385826 37.13385826771653 15.874015748031496 des
345.8267716535433 545.6692913385826 52.724409448818896 15.874015748031496 moyens
382.96062992125985 545.6692913385826 63.496062992125985 15.874015748031496 employés
430.5826771653543 545.6692913385826 68.5984251968504 15.874015748031496 confèrent
477.9212598425197 545.6692913385826 37.13385826771653 15.874015748031496 ainsi

135.7795275590551 587.9055118110236 29.480314960629922 20.409448818897637 98
