483.0236220472441 628.7244094488188
379.84251968503935 3.1181102362204722 105.73228346456693 20.976377952755904 PRÉFACE

45.354330708661415 174.33070866141733 47.90551181102362 25.228346456692915 Pour
75.11811023622047 174.33070866141733 36.0 25.228346456692915 la
93.25984251968504 174.33070866141733 71.71653543307086 25.228346456692915 deuxième
147.11811023622047 174.33070866141733 53.85826771653543 25.228346456692915 fois,
182.83464566929135 174.33070866141733 47.90551181102362 25.228346456692915 nous
212.88188976377953 174.33070866141733 71.71653543307086 25.228346456692915 invitons
266.74015748031496 174.33070866141733 41.95275590551181 25.228346456692915 les
290.5511811023622 174.33070866141733 47.90551181102362 25.228346456692915 pays
320.59842519685037 174.33070866141733 77.66929133858268 25.228346456692915 étrangers
380.40944881889766 174.33070866141733 30.04724409448819 25.228346456692915 à
392.31496062992125 174.33070866141733 36.0 25.228346456692915 se
404.2204724409449 174.33070866141733 41.95275590551181 25.228346456692915 faire

36.28346456692913 195.8740157480315 84.4724409448819 19.559055118110237 représenter
103.74803149606299 195.8740157480315 39.40157480314961 19.559055118110237 par
126.4251968503937 195.8740157480315 50.74015748031496 19.559055118110237 leurs
160.15748031496062 195.8740157480315 56.40944881889764 19.559055118110237 jeunes
199.55905511811022 195.8740157480315 67.46456692913385 19.559055118110237 artistes
250.29921259842519 195.8740157480315 45.07086614173228 19.559055118110237 pour
278.3622047244094 195.8740157480315 73.13385826771653 19.559055118110237 permettre
334.7716535433071 195.8740157480315 33.732283464566926 19.559055118110237 de
351.496062992126 195.8740157480315 78.80314960629921 19.559055118110237 confronter
407.90551181102364 195.8740157480315 39.40157480314961 19.559055118110237 leurs

36.8503937007874 209.76377952755905 81.92125984251969 21.25984251968504 recherches.
102.33070866141732 209.76377952755905 43.653543307086615 21.25984251968504 Pour
129.82677165354332 209.76377952755905 32.881889763779526 21.25984251968504 la
146.26771653543307 209.76377952755905 65.76377952755905 21.25984251968504 deuxième
195.30708661417322 209.76377952755905 49.32283464566929 21.25984251968504 fois,
228.18897637795277 209.76377952755905 43.653543307086615 21.25984251968504 nous
255.68503937007873 209.76377952755905 65.76377952755905 21.25984251968504 invitons
304.7244094488189 209.76377952755905 32.881889763779526 21.25984251968504 le
321.1653543307087 209.76377952755905 54.70866141732284 21.25984251968504 public
359.43307086614175 209.76377952755905 27.212598425196852 21.25984251968504 à
370.48818897637796 209.76377952755905 76.53543307086615 21.25984251968504 s’informer
425.1968503937008 209.76377952755905 21.826771653543307 21.25984251968504 de

36.0 225.35433070866142 34.2992125984252 16.724409448818896 ce
53.00787401574803 225.35433070866142 39.968503937007874 16.724409448818896 que
75.96850393700787 225.35433070866142 45.63779527559055 16.724409448818896 sont
104.5984251968504 225.35433070866142 39.968503937007874 16.724409448818896 ces
127.55905511811024 225.35433070866142 85.88976377952756 16.724409448818896 recherches.
196.15748031496062 225.35433070866142 57.25984251968504 16.724409448818896 Quand,
236.1259842519685 225.35433070866142 34.2992125984252 16.724409448818896 il
253.13385826771653 225.35433070866142 28.62992125984252 16.724409448818896 y
264.755905511811 225.35433070866142 28.62992125984252 16.724409448818896 a
276.09448818897636 225.35433070866142 45.63779527559055 16.724409448818896 deux
304.7244094488189 225.35433070866142 45.63779527559055 16.724409448818896 ans,
333.3543307086614 225.35433070866142 45.63779527559055 16.724409448818896 nous
361.7007874015748 225.35433070866142 51.59055118110236 16.724409448818896 avons
390.3307086614173 225.35433070866142 57.25984251968504 16.724409448818896 commencé

36.28346456692913 239.81102362204723 32.031496062992126 21.826771653543307 le
52.44094488188976 239.81102362204723 47.90551181102362 21.826771653543307 large
84.4724409448819 239.81102362204723 74.55118110236221 21.826771653543307 inventaire
142.86614173228347 239.81102362204723 37.41732283464567 21.826771653543307 des
164.40944881889763 239.81102362204723 69.44881889763779 21.826771653543307 promesses
217.70078740157481 239.81102362204723 32.031496062992126 21.826771653543307 et
233.5748031496063 239.81102362204723 37.41732283464567 21.826771653543307 des
255.11811023622047 239.81102362204723 58.67716535433071 21.826771653543307 espoirs
297.6377952755906 239.81102362204723 42.803149606299215 21.826771653543307 dont
324.2834645669291 239.81102362204723 74.55118110236221 21.826771653543307 s’exaltent
382.96062992125985 239.81102362204723 37.41732283464567 21.826771653543307 les
399.11811023622045 239.81102362204723 47.90551181102362 21.826771653543307 jeunes,

37.41732283464567 257.38582677165357 43.93700787401575 14.740157480314961 nous
64.62992125984252 257.38582677165357 54.70866141732284 14.740157480314961 avions
103.18110236220473 257.38582677165357 32.881889763779526 14.740157480314961 le
119.62204724409449 257.38582677165357 71.14960629921259 14.740157480314961 sentiment
174.33070866141733 257.38582677165357 32.881889763779526 14.740157480314961 de
190.77165354330708 257.38582677165357 43.93700787401575 14.740157480314961 nous
217.98425196850394 257.38582677165357 60.37795275590551 14.740157480314961 engager
261.9212598425197 257.38582677165357 43.93700787401575 14.740157480314961 dans
289.4173228346457 257.38582677165357 38.267716535433074 14.740157480314961 une
311.244094488189 257.38582677165357 76.81889763779527 14.740157480314961 entreprise
371.33858267716533 257.38582677165357 32.881889763779526 14.740157480314961 un
387.7795275590551 257.38582677165357 38.267716535433074 14.740157480314961 peu
404.2204724409449 257.38582677165357 43.93700787401575 14.740157480314961 hasar-

36.56692913385827 268.15748031496065 59.52755905511811 19.559055118110237 deuse.
78.23622047244095 268.15748031496065 77.66929133858268 19.559055118110237 L’accueil
138.04724409448818 268.15748031496065 71.71653543307086 19.559055118110237 empressé
191.6220472440945 268.15748031496065 35.71653543307087 19.559055118110237 et
209.48031496062993 268.15748031496065 35.71653543307087 19.559055118110237 la
227.33858267716536 268.15748031496065 101.48031496062993 19.559055118110237 compréhension
310.96062992125985 268.15748031496065 53.574803149606296 19.559055118110237 alors
346.6771653543307 268.15748031496065 89.5748031496063 19.559055118110237 rencontrés,
412.4409448818898 268.15748031496065 35.71653543307087 19.559055118110237 tant

36.8503937007874 282.3307086614173 56.976377952755904 19.84251968503937 auprès
76.81889763779527 282.3307086614173 39.968503937007874 19.84251968503937 des
99.49606299212599 282.3307086614173 74.26771653543307 19.84251968503937 exposants
156.75590551181102 282.3307086614173 74.26771653543307 19.84251968503937 qu’auprès
213.73228346456693 282.3307086614173 34.2992125984252 19.84251968503937 du
230.74015748031496 282.3307086614173 62.645669291338585 19.84251968503937 public,
276.37795275590554 282.3307086614173 45.63779527559055 19.84251968503937 nous
305.00787401574803 282.3307086614173 39.968503937007874 19.84251968503937 ont
327.68503937007875 282.3307086614173 56.976377952755904 19.84251968503937 imposé
367.65354330708664 282.3307086614173 34.2992125984252 19.84251968503937 de
378.99212598425197 282.3307086614173 68.5984251968504 19.84251968503937 continuer.

37.7007874015748 295.65354330708664 45.63779527559055 21.25984251968504 Nous
66.33070866141732 295.65354330708664 74.26771653543307 21.25984251968504 repartons
123.30708661417323 295.65354330708664 45.63779527559055 21.25984251968504 donc
151.93700787401573 295.65354330708664 39.968503937007874 21.25984251968504 sur
174.61417322834646 295.65354330708664 39.968503937007874 21.25984251968504 les
197.5748031496063 295.65354330708664 51.30708661417323 21.25984251968504 mêmes
231.8740157480315 295.65354330708664 56.976377952755904 21.25984251968504 bases,
271.84251968503935 295.65354330708664 91.2755905511811 21.25984251968504 c’est-à-dire
345.8267716535433 295.65354330708664 45.63779527559055 21.25984251968504 dans
374.45669291338584 295.65354330708664 68.5984251968504 21.25984251968504 l’esprit
420.09448818897636 295.65354330708664 28.62992125984252 21.25984251968504 que

37.98425196850393 310.3937007874016 43.653543307086615 18.992125984251967 nous
65.19685039370079 310.3937007874016 76.53543307086615 18.992125984251967 souhaitons
125.29133858267717 310.3937007874016 32.881889763779526 18.992125984251967 le
141.73228346456693 310.3937007874016 43.653543307086615 18.992125984251967 plus
169.22834645669292 310.3937007874016 54.70866141732284 18.992125984251967 large,
207.49606299212599 310.3937007874016 38.267716535433074 18.992125984251967 car
229.3228346456693 310.3937007874016 49.32283464566929 18.992125984251967 notre
262.20472440944883 310.3937007874016 38.267716535433074 18.992125984251967 but
284.0314960629921 310.3937007874016 49.32283464566929 18.992125984251967 n’est
316.9133858267717 310.3937007874016 38.267716535433074 18.992125984251967 pas
338.74015748031496 310.3937007874016 71.14960629921259 18.992125984251967 d’imposer
393.4488188976378 310.3937007874016 32.881889763779526 18.992125984251967 un
404.503937007874 310.3937007874016 43.653543307086615 18.992125984251967 style,

38.55118110236221 324.2834645669291 40.53543307086614 20.125984251968504 mais
64.06299212598425 324.2834645669291 30.330708661417322 20.125984251968504 au
79.08661417322834 324.2834645669291 65.76377952755905 20.125984251968504 contraire
129.82677165354332 324.2834645669291 30.330708661417322 20.125984251968504 de
145.13385826771653 324.2834645669291 65.76377952755905 20.125984251968504 découvrir
195.59055118110237 324.2834645669291 45.63779527559055 20.125984251968504 celui
226.20472440944883 324.2834645669291 35.43307086614173 20.125984251968504 qui
246.33070866141733 324.2834645669291 65.76377952755905 20.125984251968504 s’élabore
297.07086614173227 324.2834645669291 30.330708661417322 20.125984251968504 et
312.09448818897636 324.2834645669291 30.330708661417322 20.125984251968504 de
327.40157480314963 324.2834645669291 65.76377952755905 20.125984251968504 faciliter
378.1417322834646 324.2834645669291 35.43307086614173 20.125984251968504 son
393.1653543307087 324.2834645669291 55.84251968503937 20.125984251968504 éclosion.

47.62204724409449 340.7244094488189 37.98425196850393 21.25984251968504 Les
69.16535433070867 340.7244094488189 54.425196850393704 21.25984251968504 seules
107.43307086614173 340.7244094488189 81.35433070866142 21.25984251968504 contraintes
172.3464566929134 340.7244094488189 37.98425196850393 21.25984251968504 que
194.17322834645668 340.7244094488189 43.37007874015748 21.25984251968504 nous
221.38582677165354 340.7244094488189 48.75590551181102 21.25984251968504 ayons
253.98425196850394 340.7244094488189 32.59842519685039 21.25984251968504 dû
270.1417322834646 340.7244094488189 70.58267716535433 21.25984251968504 maintenir
324.56692913385825 340.7244094488189 43.37007874015748 21.25984251968504 sont
351.496062992126 340.7244094488189 37.98425196850393 21.25984251968504 les
373.3228346456693 340.7244094488189 59.811023622047244 21.25984251968504 limites
411.3070866141732 340.7244094488189 37.98425196850393 21.25984251968504 d’âge

38.267716535433074 355.748031496063 53.29133858267716 21.25984251968504 (entre
75.68503937007874 355.748031496063 32.031496062992126 21.25984251968504 20
91.84251968503936 355.748031496063 32.031496062992126 21.25984251968504 et
107.71653543307086 355.748031496063 32.031496062992126 21.25984251968504 35
123.8740157480315 355.748031496063 42.803149606299215 21.25984251968504 ans)
150.51968503937007 355.748031496063 42.803149606299215 21.25984251968504 afin
177.16535433070865 355.748031496063 32.031496062992126 21.25984251968504 de
193.3228346456693 355.748031496063 69.44881889763779 21.25984251968504 souligner
246.61417322834646 355.748031496063 48.188976377952756 21.25984251968504 notre
278.6456692913386 355.748031496063 48.188976377952756 21.25984251968504 désir
310.6771653543307 355.748031496063 58.67716535433071 21.25984251968504 d’aider
353.4803149606299 355.748031496063 32.031496062992126 21.25984251968504 la
369.3543307086614 355.748031496063 74.83464566929133 21.25984251968504 génération
422.92913385826773 355.748031496063 26.64566929133858 21.25984251968504 qui

37.98425196850393 370.7716535433071 60.37795275590551 20.409448818897637 cherche
81.92125984251969 370.7716535433071 27.496062992125985 20.409448818897637 à
92.69291338582677 370.7716535433071 49.32283464566929 20.409448818897637 créer
125.85826771653544 370.7716535433071 60.37795275590551 20.409448818897637 l’image
169.79527559055117 370.7716535433071 32.881889763779526 20.409448818897637 de
186.23622047244095 370.7716535433071 38.55118110236221 20.409448818897637 son
208.06299212598427 370.7716535433071 54.99212598425197 20.409448818897637 temps.
246.61417322834646 370.7716535433071 43.93700787401575 20.409448818897637 Nous
274.1102362204724 370.7716535433071 49.32283464566929 20.409448818897637 avons
306.99212598425197 370.7716535433071 32.881889763779526 20.409448818897637 dû
323.43307086614175 370.7716535433071 49.32283464566929 20.409448818897637 aussi
356.59842519685037 370.7716535433071 49.32283464566929 20.409448818897637 tenir
389.4803149606299 370.7716535433071 54.99212598425197 20.409448818897637 compte
422.3622047244094 370.7716535433071 27.496062992125985 20.409448818897637 des

38.267716535433074 384.37795275590554 59.52755905511811 21.25984251968504 limites
81.63779527559055 384.37795275590554 70.2992125984252 21.25984251968504 d’espace,
135.7795275590551 384.37795275590554 48.75590551181102 21.25984251968504 parce
168.09448818897638 384.37795275590554 37.98425196850393 21.25984251968504 que
189.92125984251967 384.37795275590554 32.59842519685039 21.25984251968504 le
206.07874015748033 384.37795275590554 48.75590551181102 21.25984251968504 local
238.39370078740157 384.37795275590554 43.37007874015748 21.25984251968504 dont
265.6062992125984 384.37795275590554 43.37007874015748 21.25984251968504 nous
292.53543307086613 384.37795275590554 75.68503937007874 21.25984251968504 disposons,
352.06299212598424 384.37795275590554 32.59842519685039 21.25984251968504 si
368.503937007874 384.37795275590554 48.75590551181102 21.25984251968504 vaste
395.43307086614175 384.37795275590554 54.14173228346457 21.25984251968504 soit

38.83464566929134 399.68503937007875 25.511811023622048 20.125984251968504 a
49.039370078740156 399.68503937007875 66.04724409448819 20.125984251968504 cependant
99.77952755905511 399.68503937007875 35.43307086614173 20.125984251968504 une
120.18897637795276 399.68503937007875 60.94488188976378 20.125984251968504 capacité
165.82677165354332 399.68503937007875 35.43307086614173 20.125984251968504 qui
185.95275590551182 399.68503937007875 30.330708661417322 20.125984251968504 ne
201.25984251968504 399.68503937007875 40.53543307086614 20.125984251968504 peut
226.48818897637796 399.68503937007875 40.53543307086614 20.125984251968504 être
252.0 399.68503937007875 66.04724409448819 20.125984251968504 dépassée.
302.74015748031496 399.68503937007875 71.14960629921259 20.125984251968504 D’ailleurs
358.5826771653543 399.68503937007875 45.63779527559055 20.125984251968504 cette
383.81102362204723 399.68503937007875 66.04724409448819 20.125984251968504 contrainte,

38.267716535433074 413.5748031496063 33.44881889763779 20.125984251968504 si
54.99212598425197 413.5748031496063 44.503937007874015 20.125984251968504 elle
83.05511811023622 413.5748031496063 66.89763779527559 20.125984251968504 comporte
133.22834645669292 413.5748031496063 39.118110236220474 20.125984251968504 des
155.33858267716536 413.5748031496063 94.67716535433071 20.125984251968504 inconvénients
233.5748031496063 413.5748031496063 83.62204724409449 20.125984251968504 individuels
300.4724409448819 413.5748031496063 27.77952755905512 20.125984251968504 —
311.5275590551181 413.5748031496063 39.118110236220474 20.125984251968504 car
333.9212598425197 413.5748031496063 55.84251968503937 20.125984251968504 chaque
373.03937007874015 413.5748031496063 44.503937007874015 20.125984251968504 pays
395.1496062992126 413.5748031496063 55.84251968503937 20.125984251968504 voudrait

39.40157480314961 428.31496062992125 57.25984251968504 23.52755905511811 pouvoir
81.07086614173228 428.31496062992125 41.669291338582674 23.52755905511811 être
106.86614173228347 428.31496062992125 41.669291338582674 23.52755905511811 plus
132.9448818897638 428.31496062992125 67.74803149606299 23.52755905511811 largement
185.10236220472441 428.31496062992125 72.85039370078741 23.52755905511811 représenté
242.36220472440945 428.31496062992125 26.078740157480315 23.52755905511811 —
252.56692913385828 428.31496062992125 26.078740157480315 23.52755905511811 a
263.0551181102362 428.31496062992125 46.77165354330709 23.52755905511811 aussi
294.23622047244095 428.31496062992125 72.85039370078741 23.52755905511811 l’avantage
351.496062992126 428.31496062992125 62.36220472440945 23.52755905511811 d’offrir
398.26771653543307 428.31496062992125 31.181102362204726 23.52755905511811 au
408.755905511811 428.31496062992125 41.669291338582674 23.52755905511811 public

39.40157480314961 443.33858267716533 31.748031496062993 22.393700787401574 un
55.275590551181104 443.33858267716533 47.338582677165356 22.393700787401574 choix
87.02362204724409 443.33858267716533 42.23622047244095 22.393700787401574 plus
113.38582677165354 443.33858267716533 52.724409448818896 22.393700787401574 sévère
150.23622047244095 443.33858267716533 31.748031496062993 22.393700787401574 et
166.11023622047244 443.33858267716533 63.21259842519685 22.393700787401574 d’éviter
213.4488188976378 443.33858267716533 31.748031496062993 22.393700787401574 la
229.3228346456693 443.33858267716533 63.21259842519685 22.393700787401574 fatigue,
276.66141732283467 443.33858267716533 31.748031496062993 22.393700787401574 la
292.53543307086613 443.33858267716533 79.08661417322834 22.393700787401574 saturation,
355.748031496063 443.33858267716533 36.8503937007874 22.393700787401574 qui
377.00787401574803 443.33858267716533 42.23622047244095 22.393700787401574 sont
397.98425196850394 443.33858267716533 52.724409448818896 22.393700787401574 toujours

38.83464566929134 458.6456692913386 33.44881889763779 25.511811023622048 la
55.55905511811024 458.6456692913386 55.55905511811024 25.511811023622048 rançon
94.67716535433071 458.6456692913386 38.83464566929134 25.511811023622048 des
116.78740157480316 458.6456692913386 83.33858267716535 25.511811023622048 expositions
183.4015748031496 458.6456692913386 44.503937007874015 25.511811023622048 trop
205.79527559055117 458.6456692913386 72.28346456692914 25.511811023622048 abondantes.

49.039370078740156 478.20472440944883 44.78740157480315 21.25984251968504 Plus
77.10236220472441 478.20472440944883 33.44881889763779 21.25984251968504 de
93.8267716535433 478.20472440944883 72.56692913385827 21.25984251968504 cinquante
149.66929133858267 478.20472440944883 44.78740157480315 21.25984251968504 pays
177.73228346456693 478.20472440944883 39.118110236220474 21.25984251968504 ont
200.1259842519685 478.20472440944883 61.511811023622045 21.25984251968504 répondu
244.62992125984252 478.20472440944883 94.96062992125984 21.25984251968504 favorablement
322.86614173228344 478.20472440944883 28.062992125984252 21.25984251968504 à
334.20472440944883 478.20472440944883 50.173228346456696 21.25984251968504 notre
367.65354330708664 478.20472440944883 55.84251968503937 21.25984251968504 appel.
406.7716535433071 478.20472440944883 44.78740157480315 21.25984251968504 Nous
429.1653543307087 478.20472440944883 22.393700787401574 21.25984251968504 ne

39.68503937007874 493.51181102362204 65.76377952755905 17.5748031496063 saurions
89.00787401574803 493.51181102362204 43.93700787401575 17.5748031496063 trop
116.50393700787401 493.51181102362204 38.55118110236221 17.5748031496063 les
138.33070866141733 493.51181102362204 32.881889763779526 17.5748031496063 en
154.77165354330708 493.51181102362204 71.43307086614173 17.5748031496063 remercier
209.76377952755905 493.51181102362204 32.881889763779526 17.5748031496063 et
226.20472440944883 493.51181102362204 43.93700787401575 17.5748031496063 nous
253.70078740157481 493.51181102362204 32.881889763779526 17.5748031496063 en
270.1417322834646 493.51181102362204 65.76377952755905 17.5748031496063 réjouir,
319.46456692913387 493.51181102362204 38.55118110236221 17.5748031496063 car
341.5748031496063 493.51181102362204 49.32283464566929 17.5748031496063 c’est
374.45669291338584 493.51181102362204 71.43307086614173 17.5748031496063 seulement
423.7795275590551 493.51181102362204 27.496062992125985 17.5748031496063 par

40.53543307086614 506.8346456692913 97.51181102362204 21.25984251968504 l’universalité
121.60629921259843 506.8346456692913 32.59842519685039 21.25984251968504 de
138.04724409448818 506.8346456692913 48.75590551181102 21.25984251968504 cette
170.36220472440945 506.8346456692913 92.1259842519685 21.25984251968504 collaboration
246.04724409448818 506.8346456692913 37.98425196850393 21.25984251968504 que
267.87401574803147 506.8346456692913 32.59842519685039 21.25984251968504 la
284.0314960629921 506.8346456692913 64.91338582677166 21.25984251968504 Biennale
332.78740157480314 506.8346456692913 37.98425196850393 21.25984251968504 des
354.3307086614173 506.8346456692913 54.14173228346457 21.25984251968504 Jeunes
392.31496062992125 506.8346456692913 59.52755905511811 21.25984251968504 prendra
430.2992125984252 506.8346456692913 21.543307086614174 21.25984251968504 sa

40.53543307086614 522.7086614173228 64.91338582677166 17.007874015748033 véritable
90.70866141732283 522.7086614173228 85.03937007874016 17.007874015748033 signification
160.7244094488189 522.7086614173228 30.04724409448819 17.007874015748033 et
175.748031496063 522.7086614173228 49.889763779527556 17.007874015748033 jouera
210.61417322834646 522.7086614173228 30.04724409448819 17.007874015748033 le
225.63779527559055 522.7086614173228 39.968503937007874 17.007874015748033 rôle
245.76377952755905 522.7086614173228 54.99212598425197 17.007874015748033 souhaité.

50.173228346456696 541.1338582677165 34.01574803149607 18.141732283464567 Le
67.18110236220473 541.1338582677165 45.354330708661415 18.141732283464567 fait
95.5275590551181 541.1338582677165 62.36220472440945 18.141732283464567 d’avoir
140.88188976377953 541.1338582677165 45.354330708661415 18.141732283464567 reçu
168.9448818897638 541.1338582677165 45.354330708661415 18.141732283464567 tant
197.29133858267716 541.1338582677165 118.77165354330708 18.141732283464567 d’encouragements,
299.33858267716533 541.1338582677165 45.354330708661415 18.141732283464567 nous
327.68503937007875 541.1338582677165 28.346456692913385 18.141732283464567 a
339.0236220472441 541.1338582677165 62.36220472440945 18.141732283464567 permis,
384.09448818897636 541.1338582677165 45.354330708661415 18.141732283464567 nous
412.4409448818898 541.1338582677165 28.346456692913385 18.141732283464567 a
418.1102362204724 541.1338582677165 34.01574803149607 18.141732283464567 même

40.818897637795274 551.6220472440945 58.110236220472444 20.69291338582677 incités
83.05511811023622 551.6220472440945 26.362204724409448 20.69291338582677 à
93.54330708661418 551.6220472440945 63.21259842519685 20.69291338582677 prévoir,
141.16535433070865 551.6220472440945 36.8503937007874 20.69291338582677 dès
162.14173228346456 551.6220472440945 47.338582677165356 20.69291338582677 cette
193.88976377952756 551.6220472440945 58.110236220472444 20.69291338582677 seconde
236.1259842519685 551.6220472440945 94.96062992125984 20.69291338582677 manifestation,
314.92913385826773 551.6220472440945 31.748031496062993 20.69291338582677 un
330.8031496062992 551.6220472440945 68.5984251968504 20.69291338582677 programme
383.5275590551181 551.6220472440945 42.23622047244095 20.69291338582677 plus
404.78740157480314 551.6220472440945 47.338582677165356 20.69291338582677 étendu.

401.9527559055118 594.992125984252 28.346456692913385 18.141732283464567 VIl
