486.1417322834646 625.6062992125984
290.5511811023622 2.8346456692913384 112.25196850393701 21.543307086614174 GRANDE-
370.48818897637796 2.8346456692913384 112.25196850393701 21.543307086614174 BRETAGNE

91.2755905511811 124.44094488188976 67.46456692913385 22.677165354330707 Commissaire
145.41732283464566 124.44094488188976 54.14173228346457 22.677165354330707 Général:
185.95275590551182 124.44094488188976 54.14173228346457 22.677165354330707 Roger
221.95275590551182 124.44094488188976 49.60629921259842 22.677165354330707 Hinks

91.55905511811024 136.62992125984252 65.19685039370079 20.976377952755904 Directeur
141.73228346456693 136.62992125984252 30.04724409448819 20.976377952755904 du
156.75590551181102 136.62992125984252 55.275590551181104 20.976377952755904 British
197.00787401574803 136.62992125984252 55.275590551181104 20.976377952755904 Council
236.9763779527559 136.62992125984252 30.04724409448819 20.976377952755904 en
247.1811023622047 136.62992125984252 45.07086614173228 20.976377952755904 France.

46.488188976377955 220.251968503937 93.8267716535433 21.543307086614174 L’Angleterre
122.74015748031496 220.251968503937 64.34645669291339 21.543307086614174 partage
169.51181102362204 220.251968503937 46.77165354330709 21.543307086614174 avec
198.99212598425197 220.251968503937 35.1496062992126 21.543307086614174 le
216.56692913385828 220.251968503937 76.25196850393701 21.543307086614174 continent
275.244094488189 220.251968503937 76.25196850393701 21.543307086614174 américain
333.6377952755906 220.251968503937 35.1496062992126 21.543307086614174 un
351.21259842519686 220.251968503937 58.67716535433071 21.543307086614174 commun
386.3622047244094 220.251968503937 58.67716535433071 21.543307086614174 langage,

-9.070866141732283 229.60629921259843 36.0 32.031496062992126 ce
8.78740157480315 229.60629921259843 41.95275590551181 32.031496062992126 qui
32.881889763779526 229.60629921259843 30.04724409448819 32.031496062992126 a
44.78740157480315 229.60629921259843 77.66929133858268 32.031496062992126 contribué
104.5984251968504 229.60629921259843 30.04724409448819 32.031496062992126 à
116.50393700787401 229.60629921259843 59.811023622047244 32.031496062992126 rendre
158.45669291338584 229.60629921259843 83.62204724409449 32.031496062992126 facilement
224.2204724409449 229.60629921259843 89.85826771653544 32.031496062992126 accessibles
295.93700787401576 229.60629921259843 30.04724409448819 32.031496062992126 à
308.12598425196853 229.60629921259843 41.95275590551181 32.031496062992126 nos
331.93700787401576 229.60629921259843 59.811023622047244 32.031496062992126 jeunes
373.8897637795276 229.60629921259843 71.71653543307086 32.031496062992126 peintres
421.79527559055117 229.60629921259843 23.811023622047244 32.031496062992126 la

37.13385826771653 247.748031496063 59.811023622047244 22.393700787401574 critique
82.20472440944881 247.748031496063 29.763779527559056 22.393700787401574 et
96.94488188976378 247.748031496063 44.78740157480315 22.393700787401574 l’art
126.99212598425197 247.748031496063 74.83464566929133 22.393700787401574 américains.
186.51968503937007 247.748031496063 29.763779527559056 22.393700787401574 Il
201.54330708661416 247.748031496063 59.811023622047244 22.393700787401574 convient
246.33070866141733 247.748031496063 29.763779527559056 22.393700787401574 de
261.3543307086614 247.748031496063 54.70866141732284 22.393700787401574 définir
301.3228346456693 247.748031496063 39.968503937007874 22.393700787401574 avec
325.98425196850394 247.748031496063 39.968503937007874 22.393700787401574 soin
350.92913385826773 247.748031496063 29.763779527559056 22.393700787401574 la
365.9527559055118 247.748031496063 49.889763779527556 22.393700787401574 nature
400.81889763779526 247.748031496063 39.968503937007874 22.393700787401574 d’un
420.66141732283467 247.748031496063 24.944881889763778 22.393700787401574 tel

37.13385826771653 262.48818897637796 63.77952755905512 20.409448818897637 intérêt.
85.03937007874016 262.48818897637796 37.13385826771653 20.409448818897637 Les
106.2992125984252 262.48818897637796 53.29133858267716 20.409448818897637 jeunes
143.71653543307087 262.48818897637796 63.77952755905512 20.409448818897637 peintres
191.33858267716536 262.48818897637796 85.03937007874016 20.409448818897637 britanniques
260.503937007874 262.48818897637796 79.65354330708661 20.409448818897637 considèrent
324.2834645669291 262.48818897637796 32.031496062992126 20.409448818897637 la
340.4409448818898 262.48818897637796 63.77952755905512 20.409448818897637 peinture
382.96062992125985 262.48818897637796 63.77952755905512 20.409448818897637 américaine

37.13385826771653 278.6456692913386 45.354330708661415 19.84251968503937 d’un
65.48031496062993 278.6456692913386 51.30708661417323 19.84251968503937 point
99.77952755905511 278.6456692913386 34.01574803149607 19.84251968503937 de
116.78740157480316 278.6456692913386 39.68503937007874 19.84251968503937 vue
139.46456692913387 278.6456692913386 102.33070866141732 19.84251968503937 professionnel,
224.78740157480314 278.6456692913386 51.30708661417323 19.84251968503937 comme
258.8031496062992 278.6456692913386 34.01574803149607 19.84251968503937 un
275.81102362204723 278.6456692913386 96.66141732283465 19.84251968503937 développement
355.46456692913387 278.6456692913386 34.01574803149607 19.84251968503937 de
372.4724409448819 278.6456692913386 34.01574803149607 19.84251968503937 la
383.81102362204723 278.6456692913386 62.645669291338585 19.84251968503937 tradition

37.41732283464567 291.68503937007875 31.748031496062993 21.25984251968504 de
53.29133858267716 291.68503937007875 31.748031496062993 21.25984251968504 la
69.44881889763779 291.68503937007875 63.77952755905512 21.25984251968504 peinture
117.07086614173228 291.68503937007875 63.77952755905512 21.25984251968504 moderne,
164.9763779527559 291.68503937007875 47.90551181102362 21.25984251968504 telle
196.7244094488189 291.68503937007875 58.39370078740158 21.25984251968504 qu’elle
239.24409448818898 291.68503937007875 42.51968503937008 21.25984251968504 prit
265.8897637795276 291.68503937007875 69.16535433070867 21.25984251968504 naissance
318.8976377952756 291.68503937007875 26.64566929133858 21.25984251968504 à
329.6692913385827 291.68503937007875 47.90551181102362 21.25984251968504 Paris
361.4173228346457 291.68503937007875 31.748031496062993 21.25984251968504 au
377.29133858267716 291.68503937007875 42.51968503937008 21.25984251968504 XIXe
398.5511811023622 291.68503937007875 47.90551181102362 21.25984251968504 siècle.

38.267716535433074 306.1417322834646 48.47244094488189 18.4251968503937 Parmi
70.58267716535433 306.1417322834646 37.7007874015748 18.4251968503937 les
92.1259842519685 306.1417322834646 64.62992125984252 18.4251968503937 peintres
140.5984251968504 306.1417322834646 32.31496062992126 18.4251968503937 de
156.75590551181102 306.1417322834646 32.31496062992126 18.4251968503937 ce
172.91338582677164 306.1417322834646 59.24409448818898 18.4251968503937 groupe,
216.0 306.1417322834646 37.7007874015748 18.4251968503937 par
237.54330708661416 306.1417322834646 64.62992125984252 18.4251968503937 exemple,
285.73228346456693 306.1417322834646 53.85826771653543 18.4251968503937 Harold
323.43307086614175 306.1417322834646 48.47244094488189 18.4251968503937 Cohen
355.748031496063 306.1417322834646 32.31496062992126 18.4251968503937 et
371.90551181102364 306.1417322834646 59.24409448818898 18.4251968503937 Richard
409.6062992125984 306.1417322834646 37.7007874015748 18.4251968503937 Smith

37.7007874015748 320.31496062992125 37.7007874015748 21.543307086614174 ont
59.24409448818898 320.31496062992125 70.2992125984252 21.543307086614174 récemment
113.38582677165354 320.31496062992125 70.2992125984252 21.543307086614174 travaillé
167.24409448818898 320.31496062992125 26.929133858267715 21.543307086614174 à
178.01574803149606 320.31496062992125 64.62992125984252 21.543307086614174 New-York
226.48818897637796 320.31496062992125 32.31496062992126 21.543307086614174 en
242.64566929133858 320.31496062992125 43.08661417322835 21.543307086614174 tant
269.8582677165354 320.31496062992125 37.7007874015748 21.543307086614174 que
291.40157480314963 320.31496062992125 26.929133858267715 21.543307086614174 «
302.1732283464567 320.31496062992125 64.62992125984252 21.543307086614174 Harkness
350.6456692913386 320.31496062992125 59.24409448818898 21.543307086614174 Fellows
394.01574803149606 320.31496062992125 26.929133858267715 21.543307086614174 »
399.40157480314963 320.31496062992125 48.47244094488189 21.543307086614174 pendant

37.41732283464567 341.00787401574803 49.60629921259842 15.307086614173228 deux
68.31496062992126 341.00787401574803 61.79527559055118 15.307086614173228 années
105.44881889763779 341.00787401574803 55.84251968503937 15.307086614173228 chacun.

50.173228346456696 348.09448818897636 47.05511811023622 20.125984251968504 Grâce
81.35433070866142 348.09448818897636 26.078740157480315 20.125984251968504 à
91.84251968503936 348.09448818897636 68.03149606299213 20.125984251968504 l’exemple
144.28346456692913 348.09448818897636 31.46456692913386 20.125984251968504 de
160.15748031496062 348.09448818897636 47.05511811023622 20.125984251968504 l’art
191.33858267716536 348.09448818897636 73.41732283464567 20.125984251968504 américain,
249.16535433070865 348.09448818897636 36.56692913385827 20.125984251968504 les
270.1417322834646 348.09448818897636 62.92913385826772 20.125984251968504 peintres
317.1968503937008 348.09448818897636 83.90551181102362 20.125984251968504 britanniques
385.2283464566929 348.09448818897636 31.46456692913386 20.125984251968504 de
401.1023622047244 348.09448818897636 47.05511811023622 20.125984251968504 moins
427.18110236220474 348.09448818897636 20.976377952755904 20.125984251968504 de

38.267716535433074 361.7007874015748 75.96850393700787 19.84251968503937 trente-cinq
99.21259842519684 361.7007874015748 35.43307086614173 19.84251968503937 ans
119.33858267716535 361.7007874015748 35.43307086614173 19.84251968503937 ont
139.748031496063 361.7007874015748 50.74015748031496 19.84251968503937 renoué
175.1811023622047 361.7007874015748 35.43307086614173 19.84251968503937 des
195.30708661417322 361.7007874015748 65.76377952755905 19.84251968503937 relations
246.04724409448818 361.7007874015748 70.86614173228347 19.84251968503937 confiantes
301.8897637795276 361.7007874015748 40.53543307086614 19.84251968503937 avec
327.11811023622045 361.7007874015748 35.43307086614173 19.84251968503937 les
347.5275590551181 361.7007874015748 70.86614173228347 19.84251968503937 traditions
403.0866141732283 361.7007874015748 30.330708661417322 19.84251968503937 de
413.29133858267716 361.7007874015748 35.43307086614173 19.84251968503937 l’art

39.118110236220474 377.8582677165354 64.62992125984252 18.708661417322833 moderne,
87.59055118110236 377.8582677165354 53.85826771653543 18.708661417322833 qu’ils
125.29133858267717 377.8582677165354 80.78740157480316 18.708661417322833 n’acceptent
190.20472440944883 377.8582677165354 48.47244094488189 18.708661417322833 point
222.51968503937007 377.8582677165354 80.78740157480316 18.708661417322833 passivement
287.1496062992126 377.8582677165354 32.31496062992126 18.708661417322833 ni
303.3070866141732 377.8582677165354 32.31496062992126 18.708661417322833 ne
319.46456692913387 377.8582677165354 75.4015748031496 18.708661417322833 repoussent
378.99212598425197 377.8582677165354 43.08661417322835 18.708661417322833 avec
400.53543307086613 377.8582677165354 48.47244094488189 18.708661417322833 chauvi-

38.83464566929134 391.46456692913387 59.52755905511811 20.125984251968504 nisme.
80.50393700787401 391.46456692913387 71.43307086614173 20.125984251968504 Beaucoup
134.07874015748033 391.46456692913387 35.71653543307087 20.125984251968504 de
151.93700787401573 391.46456692913387 59.52755905511811 20.125984251968504 jeunes
193.60629921259843 391.46456692913387 71.43307086614173 20.125984251968504 peintres
247.1811023622047 391.46456692913387 65.48031496062993 20.125984251968504 anglais
294.8031496062992 391.46456692913387 77.38582677165354 20.125984251968504 admettent
354.3307086614173 391.46456692913387 35.71653543307087 20.125984251968504 la
372.18897637795277 391.46456692913387 77.38582677165354 20.125984251968504 dimension
425.76377952755905 391.46456692913387 23.811023622047244 20.125984251968504 de

39.68503937007874 405.6377952755906 71.71653543307086 20.409448818897637 l’illusion
96.09448818897638 405.6377952755906 30.614173228346456 20.409448818897637 et
111.4015748031496 405.6377952755906 41.10236220472441 20.409448818897637 tout
136.91338582677164 405.6377952755906 30.614173228346456 20.409448818897637 ce
152.50393700787401 405.6377952755906 56.40944881889764 20.409448818897637 qu’elle
193.3228346456693 405.6377952755906 61.511811023622045 20.409448818897637 implique
239.5275590551181 405.6377952755906 30.614173228346456 20.409448818897637 en
254.83464566929135 405.6377952755906 30.614173228346456 20.409448818897637 ce
270.1417322834646 405.6377952755906 36.0 20.409448818897637 qui
290.8346456692913 405.6377952755906 61.511811023622045 20.409448818897637 concerne
336.755905511811 405.6377952755906 36.0 20.409448818897637 les
357.4488188976378 405.6377952755906 51.30708661417323 20.409448818897637 images
393.1653543307087 405.6377952755906 30.614173228346456 20.409448818897637 de
403.37007874015745 405.6377952755906 46.20472440944882 20.409448818897637 lumière

39.40157480314961 420.09448818897636 33.16535433070866 21.543307086614174 et
56.125984251968504 420.09448818897636 72.0 21.543307086614174 d’espace,
111.68503937007874 420.09448818897636 44.22047244094488 21.543307086614174 mais
139.46456692913387 420.09448818897636 44.22047244094488 21.543307086614174 sans
166.96062992125985 420.09448818897636 55.55905511811024 21.543307086614174 donner
205.79527559055117 420.09448818897636 27.77952755905512 21.543307086614174 à
216.8503937007874 420.09448818897636 49.889763779527556 21.543307086614174 cette
250.29921259842519 420.09448818897636 66.61417322834646 21.543307086614174 illusion
300.18897637795277 420.09448818897636 94.39370078740157 21.543307086614174 d’harmoniques
372.18897637795277 420.09448818897636 77.66929133858268 21.543307086614174 fantastiques

40.818897637795274 435.68503937007875 30.330708661417322 19.275590551181104 ou
56.125984251968504 435.68503937007875 80.78740157480316 19.275590551181104 paysagistes.
121.60629921259843 435.68503937007875 80.78740157480316 19.275590551181104 C’est-à-dire
187.37007874015748 435.68503937007875 50.45669291338583 19.275590551181104 qu’ils
222.51968503937007 435.68503937007875 35.43307086614173 19.275590551181104 ont
242.9291338582677 435.68503937007875 50.45669291338583 19.275590551181104 rejeté
278.0787401574803 435.68503937007875 30.330708661417322 19.275590551181104 le
293.38582677165357 435.68503937007875 45.354330708661415 19.275590551181104 dogme
323.7165354330709 435.68503937007875 30.330708661417322 19.275590551181104 de
338.74015748031496 435.68503937007875 30.330708661417322 19.275590551181104 la
354.0472440944882 435.68503937007875 55.55905511811024 19.275590551181104 théorie
389.1968503937008 435.68503937007875 60.661417322834644 19.275590551181104 originelle

40.53543307086614 449.5748031496063 31.181102362204726 17.5748031496063 de
56.125984251968504 449.5748031496063 46.77165354330709 17.5748031496063 l’art
87.02362204724409 449.5748031496063 62.36220472440945 17.5748031496063 abstrait
133.79527559055117 449.5748031496063 72.56692913385827 17.5748031496063 concernant
190.77165354330708 449.5748031496063 31.181102362204726 17.5748031496063 le
206.36220472440945 449.5748031496063 67.46456692913385 17.5748031496063 caractère
258.23622047244095 449.5748031496063 56.976377952755904 17.5748031496063 concret
299.62204724409446 449.5748031496063 31.181102362204726 17.5748031496063 de
315.21259842519686 449.5748031496063 51.874015748031496 17.5748031496063 l’art,
351.496062992126 449.5748031496063 41.38582677165354 17.5748031496063 mais
377.5748031496063 449.5748031496063 41.38582677165354 17.5748031496063 sans
398.26771653543307 449.5748031496063 51.874015748031496 17.5748031496063 préférer

41.10236220472441 462.61417322834643 39.968503937007874 22.677165354330707 pour
66.33070866141732 462.61417322834643 49.889763779527556 22.677165354330707 autant
101.19685039370079 462.61417322834643 45.07086614173228 22.677165354330707 l’art
131.24409448818898 462.61417322834643 70.01574803149606 22.677165354330707 figuratif.
186.23622047244095 462.61417322834643 30.04724409448819 22.677165354330707 Ce
201.25984251968504 462.61417322834643 34.86614173228347 22.677165354330707 qui
221.10236220472441 462.61417322834643 34.86614173228347 22.677165354330707 les
241.22834645669292 462.61417322834643 70.01574803149606 22.677165354330707 intéresse,
295.93700787401576 462.61417322834643 45.07086614173228 22.677165354330707 c’est
325.98425196850394 462.61417322834643 30.04724409448819 22.677165354330707 un
341.00787401574803 462.61417322834643 49.889763779527556 22.677165354330707 espace
371.0551181102362 462.61417322834643 79.93700787401575 22.677165354330707 spécifiquement

40.818897637795274 477.6377952755906 71.14960629921259 23.811023622047244 pictural.
95.24409448818898 477.6377952755906 60.09448818897638 23.811023622047244 Bernard
139.1811023622047 477.6377952755906 49.039370078740156 23.811023622047244 Cohen
171.7795275590551 477.6377952755906 65.48031496062993 23.811023622047244 réprouve
221.10236220472441 477.6377952755906 38.267716535433074 23.811023622047244 les
242.9291338582677 477.6377952755906 87.30708661417323 23.811023622047244 compositions
313.79527559055117 477.6377952755906 92.97637795275591 23.811023622047244 asymétriques,
384.9448818897638 477.6377952755906 65.48031496062993 23.811023622047244 lesquelles

41.38582677165354 493.2283464566929 41.95275590551181 18.708661417322833 sont
67.74803149606299 493.2283464566929 62.92913385826772 18.708661417322833 devenues
115.08661417322834 493.2283464566929 36.8503937007874 18.708661417322833 une
136.06299212598427 493.2283464566929 68.31496062992126 18.708661417322833 condition
188.50393700787401 493.2283464566929 57.826771653543304 18.708661417322833 absolue
230.74015748031496 493.2283464566929 41.95275590551181 18.708661417322833 pour
256.81889763779526 493.2283464566929 41.95275590551181 18.708661417322833 tant
283.18110236220474 493.2283464566929 62.92913385826772 18.708661417322833 d’œuvres
330.5196850393701 493.2283464566929 47.338582677165356 18.708661417322833 d’art
361.98425196850394 493.2283464566929 62.92913385826772 18.708661417322833 abstrait
403.93700787401576 493.2283464566929 47.338582677165356 18.708661417322833 conven-

41.10236220472441 508.251968503937 64.62992125984252 18.708661417322833 tionnel.
89.5748031496063 508.251968503937 48.47244094488189 18.708661417322833 Quand
121.88976377952756 508.251968503937 37.7007874015748 18.708661417322833 une
143.43307086614172 508.251968503937 48.47244094488189 18.708661417322833 forme
176.03149606299212 508.251968503937 80.78740157480316 18.708661417322833 asymétrique
240.66141732283464 508.251968503937 32.31496062992126 18.708661417322833 se
256.81889763779526 508.251968503937 53.85826771653543 18.708661417322833 trouve
294.5196850393701 508.251968503937 75.4015748031496 18.708661417322833 introduite
354.0472440944882 508.251968503937 43.08661417322835 18.708661417322833 dans
380.9763779527559 508.251968503937 32.31496062992126 18.708661417322833 sa
391.748031496063 508.251968503937 59.24409448818898 18.708661417322833 peinture,

41.669291338582674 521.007874015748 41.95275590551181 17.5748031496063 elle
68.03149606299213 521.007874015748 36.8503937007874 17.5748031496063 est
89.00787401574803 521.007874015748 62.92913385826772 17.5748031496063 contenue
136.3464566929134 521.007874015748 26.362204724409448 17.5748031496063 à
146.83464566929135 521.007874015748 78.80314960629921 17.5748031496063 l’intérieur
209.76377952755905 521.007874015748 47.338582677165356 17.5748031496063 d’une
241.22834645669292 521.007874015748 78.80314960629921 17.5748031496063 disposition
304.15748031496065 521.007874015748 73.41732283464567 17.5748031496063 symétrique
361.98425196850394 521.007874015748 68.31496062992126 17.5748031496063 dominante
414.4251968503937 521.007874015748 26.362204724409448 17.5748031496063 à
419.81102362204723 521.007874015748 31.46456692913386 17.5748031496063 quoi

40.818897637795274 534.8976377952756 48.47244094488189 20.976377952755904 elle
70.86614173228347 534.8976377952756 66.61417322834646 20.976377952755904 demeure
119.33858267716535 534.8976377952756 96.66141732283465 20.976377952755904 subordonnée.
198.14173228346456 534.8976377952756 66.61417322834646 20.976377952755904 Bernard
246.33070866141733 534.8976377952756 54.425196850393704 20.976377952755904 Cohen
282.61417322834643 534.8976377952756 48.47244094488189 20.976377952755904 crée
312.9448818897638 534.8976377952756 42.23622047244095 20.976377952755904 son
337.03937007874015 534.8976377952756 60.37795275590551 20.976377952755904 schéma
379.5590551181102 534.8976377952756 78.51968503937007 20.976377952755904 rigoureux
433.98425196850394 534.8976377952756 18.141732283464567 20.976377952755904 à

41.669291338582674 549.3543307086615 55.275590551181104 21.826771653543307 l’aide
80.50393700787401 549.3543307086615 33.16535433070866 21.826771653543307 de
97.22834645669292 549.3543307086615 66.61417322834646 21.826771653543307 couleurs
147.11811023622047 549.3543307086615 49.889763779527556 21.826771653543307 d’une
180.28346456692913 549.3543307086615 66.61417322834646 21.826771653543307 vibrante
230.17322834645668 549.3543307086615 72.0 21.826771653543307 ambiguité
285.73228346456693 549.3543307086615 38.83464566929134 21.826771653543307 qui
307.84251968503935 549.3543307086615 66.61417322834646 21.826771653543307 animent,
357.73228346456693 549.3543307086615 33.16535433070866 21.826771653543307 en
374.1732283464567 549.3543307086615 33.16535433070866 21.826771653543307 un
390.8976377952756 549.3543307086615 38.83464566929134 21.826771653543307 jeu
407.62204724409446 549.3543307086615 44.22047244094488 21.826771653543307 visuel

400.81889763779526 596.1259842519685 30.614173228346456 17.858267716535433 43
