515.3385826771654 622.7716535433071
66.61417322834646 5.102362204724409 68.88188976377953 19.559055118110237 FRANCE

131.81102362204723 30.89763779527559 56.69291338582677 20.409448818897637 Dora
172.91338582677164 30.89763779527559 82.48818897637796 20.409448818897637 TUYNMAN
240.09448818897638 30.89763779527559 36.0 20.409448818897637 née
260.78740157480314 30.89763779527559 25.79527559055118 20.409448818897637 à
271.2755905511811 30.89763779527559 77.38582677165354 20.409448818897637 Montpellier
333.07086614173227 30.89763779527559 30.89763779527559 20.409448818897637 en
343.5590551181102 30.89763779527559 36.0 20.409448818897637 1926.

116.22047244094489 44.78740157480315 59.24409448818898 22.393700787401574 11
161.85826771653544 44.78740157480315 59.24409448818898 22.393700787401574 Peinture,
207.21259842519686 44.78740157480315 36.56692913385827 22.393700787401574 1961
230.17322834645668 44.78740157480315 50.173228346456696 22.393700787401574 (huile,
261.9212598425197 44.78740157480315 50.173228346456696 22.393700787401574 195x163).

131.24409448818898 62.92913385826772 91.84251968503936 20.976377952755904 Jean-Pierre
207.7795275590551 62.92913385826772 91.84251968503936 20.976377952755904 VIELFAURE
284.59842519685037 62.92913385826772 30.614173228346456 20.976377952755904 né
299.90551181102364 62.92913385826772 25.511811023622048 20.976377952755904 à
310.1102362204724 62.92913385826772 45.92125984251968 20.976377952755904 Alger
340.7244094488189 62.92913385826772 30.614173228346456 20.976377952755904 en
350.92913385826773 62.92913385826772 35.71653543307087 20.976377952755904 1930.

116.50393700787401 82.20472440944881 60.94488188976378 14.740157480314961 12
163.55905511811022 82.20472440944881 51.59055118110236 14.740157480314961 Boutons
200.9763779527559 82.20472440944881 46.77165354330709 14.740157480314961 tombés
233.85826771653544 82.20472440944881 28.062992125984252 14.740157480314961 du
248.03149606299212 82.20472440944881 51.59055118110236 14.740157480314961 zénith,
285.4488188976378 82.20472440944881 42.23622047244095 14.740157480314961 quand
313.79527559055117 82.20472440944881 98.64566929133858 14.740157480314961 refleurirez-vous?
397.98425196850394 82.20472440944881 37.41732283464567 14.740157480314961 1961
421.51181102362204 82.20472440944881 51.59055118110236 14.740157480314961 (huile,
454.3937007874016 82.20472440944881 51.59055118110236 14.740157480314961 195x130).

131.5275590551181 96.37795275590551 50.45669291338583 19.275590551181104 Guy
166.96062992125985 96.37795275590551 30.330708661417322 19.275590551181104 DE
181.98425196850394 96.37795275590551 70.58267716535433 19.275590551181104 VOGUE
237.54330708661416 96.37795275590551 30.330708661417322 19.275590551181104 né
252.56692913385828 96.37795275590551 25.228346456692915 19.275590551181104 à
262.48818897637796 96.37795275590551 45.354330708661415 19.275590551181104 Paris
292.81889763779526 96.37795275590551 30.330708661417322 19.275590551181104 en
303.0236220472441 96.37795275590551 35.1496062992126 19.275590551181104 1929.

116.50393700787401 107.43307086614173 63.496062992125985 30.330708661417322 13
165.25984251968504 107.43307086614173 63.496062992125985 30.330708661417322 Triptyque
214.01574803149606 107.43307086614173 34.01574803149607 30.330708661417322 sur
233.5748031496063 107.43307086614173 34.01574803149607 30.330708661417322 une
253.13385826771653 107.43307086614173 48.75590551181102 30.330708661417322 maison
287.1496062992126 107.43307086614173 63.496062992125985 30.330708661417322 détruite,
335.90551181102364 107.43307086614173 39.118110236220474 30.330708661417322 1961
360.2834645669291 107.43307086614173 53.574803149606296 30.330708661417322 (huile,
394.5826771653543 107.43307086614173 48.75590551181102 30.330708661417322 73x184).

265.03937007874015 142.29921259842519 76.53543307086615 18.4251968503937 SCULPTURE

131.81102362204723 167.5275590551181 83.62204724409449 16.440944881889763 Fernandez
199.55905511811022 167.5275590551181 52.15748031496063 16.440944881889763 Pierre
236.40944881889763 167.5275590551181 73.13385826771653 16.440944881889763 ARMAN
293.6692913385827 167.5275590551181 31.46456692913386 16.440944881889763 né
309.54330708661416 167.5275590551181 26.078740157480315 16.440944881889763 à
320.0314960629921 167.5275590551181 41.95275590551181 16.440944881889763 Nice
346.1102362204724 167.5275590551181 31.46456692913386 16.440944881889763 en
356.59842519685037 167.5275590551181 36.56692913385827 16.440944881889763 1928.

116.50393700787401 183.11811023622047 59.24409448818898 16.440944881889763 14
162.14173228346456 183.11811023622047 27.212598425196852 16.440944881889763 Et
175.748031496063 183.11811023622047 36.56692913385827 16.440944881889763 s’il
198.4251968503937 183.11811023622047 36.56692913385827 16.440944881889763 n’en
221.38582677165354 183.11811023622047 41.10236220472441 16.440944881889763 reste
248.5984251968504 183.11811023622047 45.63779527559055 16.440944881889763 qu’un,
280.62992125984255 183.11811023622047 27.212598425196852 16.440944881889763 je
294.23622047244095 183.11811023622047 41.10236220472441 16.440944881889763 serai
321.4488188976378 183.11811023622047 59.24409448818898 16.440944881889763 celui-là,
367.0866141732283 183.11811023622047 36.56692913385827 16.440944881889763 1961
389.76377952755905 183.11811023622047 68.31496062992126 16.440944881889763 (assemblage
439.93700787401576 183.11811023622047 63.77952755905512 16.440944881889763 80x150x40)*.

131.24409448818898 196.7244094488189 56.125984251968504 23.244094488188978 Mark
172.06299212598427 196.7244094488189 76.53543307086615 23.244094488188978 BRUSSE
233.29133858267716 196.7244094488189 30.614173228346456 23.244094488188978 né
248.88188976377953 196.7244094488189 25.511811023622048 23.244094488188978 à
259.0866141732283 196.7244094488189 56.125984251968504 23.244094488188978 Alkmaar
299.90551181102364 196.7244094488189 30.614173228346456 23.244094488188978 en
310.1102362204724 196.7244094488189 35.71653543307087 23.244094488188978 1937.

115.65354330708661 213.16535433070865 62.92913385826772 17.5748031496063 15
164.1259842519685 213.16535433070865 58.110236220472444 17.5748031496063 Clôture,
207.7795275590551 213.16535433070865 38.83464566929134 17.5748031496063 1961
231.8740157480315 213.16535433070865 53.29133858267716 17.5748031496063 (relief
270.70866141732284 213.16535433070865 29.19685039370079 17.5748031496063 en
285.1653543307087 213.16535433070865 43.653543307086615 17.5748031496063 bois,
309.54330708661416 213.16535433070865 67.74803149606299 17.5748031496063 150x200x30).

130.6771653543307 237.82677165354332 92.97637795275591 16.15748031496063 Jean-Pierre
208.06299212598427 237.82677165354332 77.38582677165354 16.15748031496063 DUPREY
270.1417322834646 237.82677165354332 30.89763779527559 16.15748031496063 né
285.4488188976378 237.82677165354332 25.79527559055118 16.15748031496063 à
295.93700787401576 237.82677165354332 46.488188976377955 16.15748031496063 Rouen
326.8346456692913 237.82677165354332 30.89763779527559 16.15748031496063 en
337.03937007874015 237.82677165354332 36.28346456692913 16.15748031496063 1931.

140.5984251968504 257.1023622047244 75.11811023622047 20.125984251968504 Jean-Pierre
200.9763779527559 257.1023622047244 50.173228346456696 20.125984251968504 Duprey
236.1259842519685 257.1023622047244 24.944881889763778 20.125984251968504 a
246.04724409448818 257.1023622047244 35.1496062992126 20.125984251968504 mis
266.1732283464567 257.1023622047244 35.1496062992126 20.125984251968504 fin
286.01574803149606 257.1023622047244 24.944881889763778 20.125984251968504 à
296.2204724409449 257.1023622047244 35.1496062992126 20.125984251968504 ses
316.34645669291336 257.1023622047244 45.07086614173228 20.125984251968504 jours
346.3937007874016 257.1023622047244 30.04724409448819 20.125984251968504 le
361.4173228346457 257.1023622047244 24.944881889763778 20.125984251968504 2
371.33858267716533 257.1023622047244 55.275590551181104 20.125984251968504 octobre
411.59055118110234 257.1023622047244 40.25196850393701 20.125984251968504 1959
436.53543307086613 257.1023622047244 30.04724409448819 20.125984251968504 en
451.5590551181102 257.1023622047244 30.04724409448819 20.125984251968504 se
461.76377952755905 257.1023622047244 45.07086614173228 20.125984251968504 pendant

130.6771653543307 273.54330708661416 26.078740157480315 18.4251968503937 à
140.88188976377953 273.54330708661416 36.56692913385827 18.4251968503937 une
161.85826771653544 273.54330708661416 68.03149606299213 18.4251968503937 maîtresse
214.29921259842519 273.54330708661416 52.15748031496063 18.4251968503937 poutre
250.86614173228347 273.54330708661416 31.46456692913386 18.4251968503937 de
266.45669291338584 273.54330708661416 36.56692913385827 18.4251968503937 son
287.43307086614175 273.54330708661416 62.645669291338585 18.4251968503937 atelier,
334.48818897637796 273.54330708661416 52.15748031496063 18.4251968503937 avenue
371.0551181102362 273.54330708661416 31.46456692913386 18.4251968503937 du
386.6456692913386 273.54330708661416 52.15748031496063 18.4251968503937 Maine.
423.21259842519686 273.54330708661416 31.46456692913386 18.4251968503937 Il
438.8031496062992 273.54330708661416 47.05511811023622 18.4251968503937 avait
465.1653543307087 273.54330708661416 41.669291338582674 18.4251968503937 vingt-

130.6771653543307 285.1653543307087 42.803149606299215 18.141732283464567 neuf
157.60629921259843 285.1653543307087 42.803149606299215 18.141732283464567 ans.
184.251968503937 285.1653543307087 53.574803149606296 18.141732283464567 Encore
221.95275590551182 285.1653543307087 42.803149606299215 18.141732283464567 très
248.5984251968504 285.1653543307087 37.41732283464567 18.141732283464567 mal
270.1417322834646 285.1653543307087 53.574803149606296 18.141732283464567 connu,
307.84251968503935 285.1653543307087 48.188976377952756 18.141732283464567 sinon
339.87401574803147 285.1653543307087 32.31496062992126 18.141732283464567 de
356.0314960629921 285.1653543307087 64.34645669291339 18.141732283464567 quelques
404.2204724409449 285.1653543307087 64.34645669291339 18.141732283464567 intimes,
452.6929133858268 285.1653543307087 37.41732283464567 18.141732283464567 son
468.8503937007874 285.1653543307087 37.41732283464567 18.141732283464567 œuvre

130.96062992125985 301.8897637795276 52.15748031496063 15.307086614173228 paraît
167.24409448818898 301.8897637795276 41.669291338582674 15.307086614173228 issu
193.3228346456693 301.8897637795276 41.669291338582674 15.307086614173228 tout
219.68503937007873 301.8897637795276 52.15748031496063 15.307086614173228 entier
255.96850393700788 301.8897637795276 41.669291338582674 15.307086614173228 d’un
282.0472440944882 301.8897637795276 47.05511811023622 15.307086614173228 monde
313.51181102362204 301.8897637795276 62.645669291338585 15.307086614173228 lointain
360.56692913385825 301.8897637795276 31.181102362204726 15.307086614173228 et
376.15748031496065 301.8897637795276 78.23622047244095 15.307086614173228 vertigineux
438.8031496062992 301.8897637795276 31.181102362204726 15.307086614173228 où
454.3937007874016 301.8897637795276 47.05511811023622 15.307086614173228 seuls
480.4724409448819 301.8897637795276 26.078740157480315 15.307086614173228 ont

130.11023622047244 314.0787401574803 47.62204724409449 14.740157480314961 accès
161.85826771653544 314.0787401574803 42.51968503937008 14.740157480314961 ceux
188.50393700787401 314.0787401574803 42.51968503937008 14.740157480314961 qui,
215.1496062992126 314.0787401574803 26.64566929133858 14.740157480314961 à
225.63779527559055 314.0787401574803 63.496062992125985 14.740157480314961 l’instar
273.25984251968504 314.0787401574803 31.748031496062993 14.740157480314961 de
289.13385826771656 314.0787401574803 63.496062992125985 14.740157480314961 Rimbaud,
337.03937007874015 314.0787401574803 53.00787401574803 14.740157480314961 savent
374.1732283464567 314.0787401574803 26.64566929133858 14.740157480314961 «
384.66141732283467 314.0787401574803 31.748031496062993 14.740157480314961 se
400.53543307086613 314.0787401574803 47.62204724409449 14.740157480314961 faire
432.2834645669291 314.0787401574803 58.39370078740158 14.740157480314961 voyants
474.8031496062992 314.0787401574803 31.748031496062993 14.740157480314961 ».
485.29133858267716 314.0787401574803 21.25984251968504 14.740157480314961 Ce

130.11023622047244 327.11811023622045 55.55905511811024 15.590551181102363 monde,
168.9448818897638 327.11811023622045 83.05511811023622 15.590551181102363 Jean-Pierre
235.55905511811022 327.11811023622045 55.55905511811024 15.590551181102363 Duprey
274.3937007874016 327.11811023622045 33.16535433070866 15.590551181102363 le
290.8346456692913 327.11811023622045 66.61417322834646 15.590551181102363 décrivit
340.7244094488189 327.11811023622045 60.94488188976378 15.590551181102363 d’abord
385.2283464566929 327.11811023622045 44.22047244094488 15.590551181102363 dans
413.00787401574803 327.11811023622045 38.83464566929134 15.590551181102363 des
435.11811023622045 327.11811023622045 60.94488188976378 15.590551181102363 poèmes,
473.9527559055118 327.11811023622045 33.16535433070866 15.590551181102363 dont

130.39370078740157 340.15748031496065 45.07086614173228 14.740157480314961 André
160.44094488188978 340.15748031496065 50.173228346456696 14.740157480314961 Breton
195.59055118110237 340.15748031496065 35.1496062992126 14.740157480314961 fut
215.71653543307087 340.15748031496065 30.04724409448819 14.740157480314961 le
230.74015748031496 340.15748031496065 55.275590551181104 14.740157480314961 premier
270.99212598425197 340.15748031496065 24.944881889763778 14.740157480314961 à
280.9133858267717 340.15748031496065 55.275590551181104 14.740157480314961 déceler
320.88188976377955 340.15748031496065 24.944881889763778 14.740157480314961 «
331.0866141732283 340.15748031496065 75.11811023622047 14.740157480314961 l’éclairage
391.18110236220474 340.15748031496065 90.14173228346456 14.740157480314961 extraordinaire
466.2992125984252 340.15748031496065 30.04724409448819 14.740157480314961 ».
476.503937007874 340.15748031496065 30.04724409448819 14.740157480314961 Puis

130.39370078740157 354.8976377952756 31.46456692913386 15.307086614173228 il
145.98425196850394 354.8976377952756 31.46456692913386 15.307086614173228 en
161.5748031496063 354.8976377952756 78.51968503937007 15.307086614173228 matérialisa
224.2204724409449 354.8976377952756 36.56692913385827 15.307086614173228 les
245.1968503937008 354.8976377952756 57.54330708661417 15.307086614173228 visions
287.1496062992126 354.8976377952756 41.669291338582674 15.307086614173228 dans
313.2283464566929 354.8976377952756 31.46456692913386 15.307086614173228 le
328.81889763779526 354.8976377952756 41.669291338582674 15.307086614173228 fer,
354.8976377952756 354.8976377952756 57.54330708661417 15.307086614173228 formant
396.8503937007874 354.8976377952756 31.46456692913386 15.307086614173228 un
412.4409448818898 354.8976377952756 26.078740157480315 15.307086614173228 à
422.92913385826773 354.8976377952756 31.46456692913386 15.307086614173228 un
438.5196850393701 354.8976377952756 36.56692913385827 15.307086614173228 les
454.3937007874016 354.8976377952756 52.15748031496063 15.307086614173228 éléments

129.54330708661416 368.2204724409449 47.05511811023622 15.874015748031496 d’un
159.0236220472441 368.2204724409449 53.00787401574803 15.874015748031496 drame
194.45669291338584 368.2204724409449 106.01574803149606 15.874015748031496 métamorphique:
282.61417322834643 368.2204724409449 100.06299212598425 15.874015748031496 êtres-pièges,
365.1023622047244 368.2204724409449 106.01574803149606 15.874015748031496 oiseaux-cages,
447.59055118110234 368.2204724409449 58.960629921259844 15.874015748031496 flammes-

129.82677165354332 380.12598425196853 53.85826771653543 14.740157480314961 fleurs,
168.9448818897638 380.12598425196853 88.15748031496064 14.740157480314961 gorges-cris...
242.36220472440945 380.12598425196853 24.37795275590551 14.740157480314961 «
252.0 380.12598425196853 29.480314960629922 14.740157480314961 Ce
266.74015748031496 380.12598425196853 34.2992125984252 14.740157480314961 qui
286.2992125984252 380.12598425196853 29.480314960629922 14.740157480314961 me
301.03937007874015 380.12598425196853 43.93700787401575 14.740157480314961 reste
330.23622047244095 380.12598425196853 29.480314960629922 14.740157480314961 du
344.9763779527559 380.12598425196853 39.118110236220474 14.740157480314961 réel
369.3543307086614 380.12598425196853 24.37795275590551 14.740157480314961 ?
379.2755905511811 380.12598425196853 34.2992125984252 14.740157480314961 Une
398.8346456692913 380.12598425196853 68.5984251968504 14.740157480314961 cathédrale
447.59055118110234 380.12598425196853 58.67716535433071 14.740157480314961 invisible,

130.11023622047244 392.88188976377955 42.51968503937008 15.874015748031496 dont
156.75590551181102 392.88188976377955 53.00787401574803 15.874015748031496 seules
193.88976377952756 392.88188976377955 37.13385826771653 15.874015748031496 les
215.1496062992126 392.88188976377955 74.26771653543307 15.874015748031496 sculptures
273.25984251968504 392.88188976377955 74.26771653543307 15.874015748031496 apparentes
331.65354330708664 392.88188976377955 68.88188976377953 15.874015748031496 ponctuent
384.66141732283467 392.88188976377955 95.5275590551181 15.874015748031496 l’architecture
458.92913385826773 392.88188976377955 47.62204724409449 15.874015748031496 cachée»

130.11023622047244 408.4724409448819 67.18110236220473 15.874015748031496 disait-il
181.70078740157481 408.4724409448819 36.0 15.874015748031496 dès
202.39370078740157 408.4724409448819 46.488188976377955 15.874015748031496 1958.
233.29133858267716 408.4724409448819 51.59055118110236 15.874015748031496 Faites
269.29133858267716 408.4724409448819 30.89763779527559 15.874015748031496 de
284.88188976377955 408.4724409448819 56.69291338582677 15.874015748031496 ciment,
326.26771653543307 408.4724409448819 36.0 15.874015748031496 ces
346.96062992125985 408.4724409448819 67.18110236220473 15.874015748031496 dernières
398.5511811023622 408.4724409448819 72.28346456692914 15.874015748031496 sculptures
450.1417322834646 408.4724409448819 56.69291338582677 15.874015748031496 composent

130.11023622047244 420.66141732283467 49.039370078740156 13.32283464566929 comme
162.70866141732284 420.66141732283467 38.267716535433074 13.32283464566929 une
184.53543307086613 420.66141732283467 76.53543307086615 13.32283464566929 héraldique
244.62992125984252 420.66141732283467 114.51968503937007 13.32283464566929 noire-ocre-grise,
342.99212598425197 420.66141732283467 43.653543307086615 13.32283464566929 dont
370.20472440944883 420.66141732283467 43.653543307086615 13.32283464566929 nous
397.4173228346457 420.66141732283467 81.92125984251969 13.32283464566929 pressentons
457.51181102362204 420.66141732283467 49.039370078740156 13.32283464566929 qu’elle

130.39370078740157 433.13385826771656 69.73228346456693 13.32283464566929 manifeste
184.251968503937 433.13385826771656 37.7007874015748 13.32283464566929 des
205.51181102362204 433.13385826771656 69.73228346456693 13.32283464566929 promesses
259.37007874015745 433.13385826771656 75.11811023622047 13.32283464566929 multiples.
318.61417322834643 433.13385826771656 64.34645669291339 13.32283464566929 Masaccio
366.8031496062992 433.13385826771656 32.31496062992126 13.32283464566929 ou
382.96062992125985 433.13385826771656 59.24409448818898 13.32283464566929 Kleist,
426.0472440944882 433.13385826771656 32.31496062992126 13.32283464566929 on
442.20472440944883 433.13385826771656 48.47244094488189 13.32283464566929 pense
474.23622047244095 433.13385826771656 26.929133858267715 13.32283464566929 à
479.62204724409446 433.13385826771656 26.929133858267715 13.32283464566929 ces

128.9763779527559 447.0236220472441 52.44094488188976 13.88976377952756 jeunes
165.82677165354332 447.0236220472441 52.44094488188976 13.88976377952756 hommes
202.6771653543307 447.0236220472441 62.92913385826772 13.88976377952756 icariens
250.01574803149606 447.0236220472441 41.95275590551181 13.88976377952756 dont
276.09448818897636 447.0236220472441 31.46456692913386 13.88976377952756 le
291.9685039370079 447.0236220472441 73.41732283464567 13.88976377952756 témoignage
349.79527559055117 447.0236220472441 73.41732283464567 13.88976377952756 interrompu
407.62204724409446 447.0236220472441 52.44094488188976 13.88976377952756 devait
439.0866141732283 447.0236220472441 68.31496062992126 13.88976377952756 bouleverser

130.39370078740157 460.9133858267717 35.71653543307087 13.88976377952756 les
150.8031496062992 460.9133858267717 45.92125984251968 13.88976377952756 rêves
181.41732283464566 460.9133858267717 30.614173228346456 13.88976377952756 et
196.7244094488189 460.9133858267717 35.71653543307087 13.88976377952756 les
216.8503937007874 460.9133858267717 71.14960629921259 13.88976377952756 certitudes
272.9763779527559 460.9133858267717 30.614173228346456 13.88976377952756 de
288.2834645669291 460.9133858267717 40.818897637795274 13.88976377952756 leur
313.79527559055117 460.9133858267717 56.125984251968504 13.88976377952756 époque.
354.3307086614173 460.9133858267717 76.25196850393701 13.88976377952756 Jean-Pierre
415.5590551181102 460.9133858267717 51.023622047244096 13.88976377952756 Duprey
445.8897637795276 460.9133858267717 61.22834645669291 13.88976377952756 appartient

128.9763779527559 474.23622047244095 30.614173228346456 17.858267716535433 à
141.4488188976378 474.23622047244095 36.8503937007874 17.858267716535433 la
159.8740157480315 474.23622047244095 49.039370078740156 17.858267716535433 même
184.251968503937 474.23622047244095 55.275590551181104 17.858267716535433 lignée.

379.2755905511811 479.90551181102364 94.11023622047244 28.913385826771652 Jean-Clarence
451.5590551181102 479.90551181102364 55.275590551181104 28.913385826771652 Lambert.

115.37007874015748 508.81889763779526 62.645669291338585 15.874015748031496 16
163.55905511811022 508.81889763779526 28.913385826771652 15.874015748031496 Le
178.01574803149606 508.81889763779526 48.188976377952756 15.874015748031496 piège,
212.03149606299212 508.81889763779526 38.55118110236221 15.874015748031496 1956
236.1259842519685 508.81889763779526 43.37007874015748 15.874015748031496 (fer,
265.03937007874015 508.81889763779526 67.74803149606299 15.874015748031496 67x73x22).
318.3307086614173 508.81889763779526 67.74803149606299 15.874015748031496 Collection
371.33858267716533 508.81889763779526 53.00787401574803 15.874015748031496 Galerie
409.8897637795276 508.81889763779526 77.38582677165354 15.874015748031496 Furstenberg,
468.0 508.81889763779526 38.55118110236221 15.874015748031496 Paris.

130.6771653543307 526.3937007874016 69.16535433070867 21.25984251968504 Martial
184.8188976377953 526.3937007874016 73.98425196850394 21.25984251968504 RAYSSE
244.06299212598427 526.3937007874016 29.763779527559056 21.25984251968504 né
259.0866141732283 526.3937007874016 24.661417322834644 21.25984251968504 à
268.7244094488189 526.3937007874016 69.16535433070867 21.25984251968504 Golfe-Juan
323.1496062992126 526.3937007874016 29.763779527559056 21.25984251968504 en
333.07086614173227 526.3937007874016 34.58267716535433 21.25984251968504 1936.

115.37007874015748 542.8346456692914 59.811023622047244 17.007874015748033 17
161.29133858267716 542.8346456692914 50.74015748031496 17.007874015748033 Hygiène
198.14173228346456 542.8346456692914 27.77952755905512 17.007874015748033 de
212.03149606299212 542.8346456692914 27.77952755905512 17.007874015748033 la
225.92125984251967 542.8346456692914 46.20472440944882 17.007874015748033 vision
258.23622047244095 542.8346456692914 27.77952755905512 17.007874015748033 n°
271.84251968503935 542.8346456692914 27.77952755905512 17.007874015748033 7,
285.73228346456693 542.8346456692914 36.8503937007874 17.007874015748033 1961
308.6929133858268 542.8346456692914 69.16535433070867 17.007874015748033 (assemblage
363.9685039370079 542.8346456692914 55.275590551181104 17.007874015748033 d’objets
405.6377952755906 542.8346456692914 27.77952755905512 17.007874015748033 en
419.244094488189 542.8346456692914 50.74015748031496 17.007874015748033 matière
451.5590551181102 542.8346456692914 55.275590551181104 17.007874015748033 plastique,

123.30708661417323 556.7244094488188 85.88976377952756 19.84251968503937 250x150x150).

124.15748031496064 598.9606299212599 29.19685039370079 16.15748031496063 124
