483.0236220472441 625.6062992125984
377.29133858267716 3.1181102362204722 99.77952755905511 27.496062992125985 ESPAGNE

83.90551181102362 131.5275590551181 70.86614173228347 26.362204724409448 Commissaire
140.5984251968504 131.5275590551181 56.69291338582677 26.362204724409448 Général:
183.11811023622047 131.5275590551181 61.22834645669291 26.362204724409448 Manuel
225.63779527559055 131.5275590551181 51.874015748031496 26.362204724409448 Condé

83.90551181102362 147.96850393700788 57.25984251968504 18.992125984251967 Critique
122.1732283464567 147.96850393700788 38.267716535433074 18.992125984251967 d’Art.

38.83464566929134 219.11811023622047 30.330708661417322 24.094488188976378 Le
54.14173228346457 219.11811023622047 50.45669291338583 24.094488188976378 groupe
89.29133858267717 219.11811023622047 70.58267716535433 24.094488188976378 d’artistes
144.8503937007874 219.11811023622047 80.78740157480316 24.094488188976378 sélectionnés
210.33070866141733 219.11811023622047 40.25196850393701 24.094488188976378 pour
235.55905511811022 219.11811023622047 75.68503937007874 24.094488188976378 représenter
295.93700787401576 219.11811023622047 35.1496062992126 24.094488188976378 les
316.06299212598424 219.11811023622047 40.25196850393701 24.094488188976378 arts
341.29133858267716 219.11811023622047 70.58267716535433 24.094488188976378 plastiques
391.748031496063 219.11811023622047 45.354330708661415 24.094488188976378 actuels

28.346456692913385 243.21259842519686 76.81889763779527 13.88976377952756 d’Espagne,
88.7244094488189 243.21259842519686 43.93700787401575 13.88976377952756 dans
116.22047244094489 243.21259842519686 49.32283464566929 13.88976377952756 cette
149.10236220472441 243.21259842519686 66.04724409448819 13.88976377952756 Biennale
198.4251968503937 243.21259842519686 32.881889763779526 13.88976377952756 de
214.86614173228347 243.21259842519686 54.99212598425197 13.88976377952756 Paris,
253.41732283464566 243.21259842519686 27.496062992125985 13.88976377952756 a
264.4724409448819 243.21259842519686 38.55118110236221 13.88976377952756 été
286.2992125984252 243.21259842519686 54.99212598425197 13.88976377952756 choisi
324.8503937007874 243.21259842519686 43.93700787401575 13.88976377952756 avec
346.6771653543307 243.21259842519686 38.55118110236221 13.88976377952756 soin.

39.40157480314961 247.46456692913387 42.51968503937008 26.078740157480315 Nous
66.04724409448819 247.46456692913387 47.90551181102362 26.078740157480315 avons
97.79527559055119 247.46456692913387 58.39370078740158 26.078740157480315 surtout
140.31496062992127 247.46456692913387 63.77952755905512 26.078740157480315 prétendu
188.2204724409449 247.46456692913387 53.00787401574803 26.078740157480315 offrir
225.35433070866142 247.46456692913387 31.748031496062993 26.078740157480315 un
241.22834645669292 247.46456692913387 63.77952755905512 26.078740157480315 ensemble
289.13385826771656 247.46456692913387 31.748031496062993 26.078740157480315 de
305.00787401574803 247.46456692913387 90.14173228346456 26.078740157480315 personnalités
373.8897637795276 247.46456692913387 63.77952755905512 26.078740157480315 nouvelles,

28.62992125984252 270.1417322834646 32.31496062992126 14.456692913385826 un
44.78740157480315 270.1417322834646 70.01574803149606 14.456692913385826 panorama,
98.64566929133858 270.1417322834646 32.31496062992126 14.456692913385826 le
114.80314960629921 270.1417322834646 43.08661417322835 14.456692913385826 plus
141.73228346456693 270.1417322834646 59.24409448818898 14.456692913385826 complet
184.8188976377953 270.1417322834646 70.01574803149606 14.456692913385826 possible,
238.39370078740157 270.1417322834646 37.7007874015748 14.456692913385826 des
259.93700787401576 270.1417322834646 80.78740157480316 14.456692913385826 différentes
324.56692913385825 270.1417322834646 70.01574803149606 14.456692913385826 tendances
373.03937007874015 270.1417322834646 64.62992125984252 14.456692913385826 plastiques

28.346456692913385 281.1968503937008 63.21259842519685 19.84251968503937 existant
75.68503937007874 281.1968503937008 78.80314960629921 19.84251968503937 aujourd’hui
138.89763779527559 281.1968503937008 41.95275590551181 19.84251968503937 dans
165.25984251968504 281.1968503937008 31.46456692913386 19.84251968503937 le
180.8503937007874 281.1968503937008 47.338582677165356 19.84251968503937 monde
212.5984251968504 281.1968503937008 31.46456692913386 19.84251968503937 et
228.18897637795277 281.1968503937008 36.8503937007874 19.84251968503937 qui
249.16535433070865 281.1968503937008 41.95275590551181 19.84251968503937 dans
275.5275590551181 281.1968503937008 47.338582677165356 19.84251968503937 notre
306.99212598425197 281.1968503937008 41.95275590551181 19.84251968503937 pays
333.3543307086614 281.1968503937008 36.8503937007874 19.84251968503937 ont
354.3307086614173 281.1968503937008 31.46456692913386 19.84251968503937 un
370.20472440944883 281.1968503937008 47.338582677165356 19.84251968503937 essor
396.56692913385825 281.1968503937008 41.95275590551181 19.84251968503937 consi

22.677165354330707 298.20472440944883 56.125984251968504 16.724409448818896 dérable.

39.968503937007874 311.5275590551181 95.81102362204724 15.023622047244094 Naturellement,
119.90551181102362 311.5275590551181 37.13385826771653 15.023622047244094 les
141.16535433070865 311.5275590551181 63.77952755905512 15.023622047244094 artistes
188.78740157480314 311.5275590551181 85.03937007874016 15.023622047244094 sélectionnés
257.9527559055118 311.5275590551181 37.13385826771653 15.023622047244094 ici
279.21259842519686 311.5275590551181 42.51968503937008 15.023622047244094 sont
305.8582677165354 311.5275590551181 53.29133858267716 15.023622047244094 jeunes
342.99212598425197 311.5275590551181 32.031496062992126 15.023622047244094 et
359.1496062992126 311.5275590551181 42.51968503937008 15.023622047244094 leur
385.51181102362204 311.5275590551181 47.90551181102362 15.023622047244094 œuvre
412.15748031496065 311.5275590551181 26.64566929133858 15.023622047244094 est

28.62992125984252 324.0 33.16535433070866 19.275590551181104 en
45.354330708661415 324.0 72.0 19.275590551181104 évolution
100.91338582677166 324.0 77.66929133858268 19.275590551181104 constante.
161.85826771653544 324.0 49.889763779527556 19.275590551181104 C’est
195.0236220472441 324.0 44.22047244094488 19.275590551181104 pour
222.8031496062992 324.0 44.22047244094488 19.275590551181104 cela
250.29921259842519 324.0 38.83464566929134 19.275590551181104 que
272.6929133858268 324.0 44.22047244094488 19.275590551181104 nous
300.18897637795277 324.0 49.889763779527556 19.275590551181104 avons
333.6377952755906 324.0 38.83464566929134 19.275590551181104 cru
355.748031496063 324.0 83.05511811023622 19.275590551181104 intéressant
416.6929133858268 324.0 22.11023622047244 19.275590551181104 de

28.346456692913385 339.0236220472441 73.13385826771653 18.708661417322833 souligner
84.75590551181102 339.0236220472441 33.732283464566926 18.708661417322833 ce
101.48031496062993 339.0236220472441 73.13385826771653 18.708661417322833 caractère
157.88976377952756 339.0236220472441 67.46456692913385 18.708661417322833 d’essai,
208.3464566929134 339.0236220472441 33.732283464566926 18.708661417322833 de
225.35433070866142 339.0236220472441 73.13385826771653 18.708661417322833 recherche
281.4803149606299 339.0236220472441 84.4724409448819 18.708661417322833 incessante,
348.9448818897638 339.0236220472441 39.40157480314961 18.708661417322833 que
371.62204724409446 339.0236220472441 56.125984251968504 18.708661417322833 révèle
405.3543307086614 339.0236220472441 33.732283464566926 18.708661417322833 tout

29.480314960629922 355.46456692913387 57.826771653543304 17.007874015748033 artiste
66.04724409448819 355.46456692913387 41.95275590551181 17.007874015748033 jeune.

39.68503937007874 367.37007874015745 32.031496062992126 18.141732283464567 Il
55.84251968503937 367.37007874015745 26.64566929133858 18.141732283464567 a
66.33070866141732 367.37007874015745 37.13385826771653 18.141732283464567 été
87.59055118110236 367.37007874015745 42.51968503937008 18.141732283464567 tenu
114.23622047244095 367.37007874015745 53.29133858267716 18.141732283464567 compte
151.37007874015748 367.37007874015745 32.031496062992126 18.141732283464567 de
167.5275590551181 367.37007874015745 42.51968503937008 18.141732283464567 deux
194.17322834645668 367.37007874015745 58.39370078740158 18.141732283464567 groupes
236.69291338582678 367.37007874015745 74.55118110236221 18.141732283464567 essentiels
295.0866141732283 367.37007874015745 42.51968503937008 18.141732283464567 pour
321.73228346456693 367.37007874015745 63.77952755905512 18.141732283464567 réaliser
369.6377952755906 367.37007874015745 32.031496062992126 18.141732283464567 la
380.40944881889766 367.37007874015745 58.39370078740158 18.141732283464567 sélection

29.763779527559056 382.3937007874016 32.031496062992126 18.4251968503937 de
45.92125984251968 382.3937007874016 69.16535433070867 18.4251968503937 peinture.
98.92913385826772 382.3937007874016 47.90551181102362 18.4251968503937 Celui
130.96062992125985 382.3937007874016 37.13385826771653 18.4251968503937 des
152.2204724409449 382.3937007874016 74.55118110236221 18.4251968503937 plastiques
210.61417322834646 382.3937007874016 79.65354330708661 18.4251968503937 figuratifs,
274.3937007874016 382.3937007874016 42.51968503937008 18.4251968503937 mais
301.03937007874015 382.3937007874016 42.51968503937008 18.4251968503937 avec
327.68503937007875 382.3937007874016 37.13385826771653 18.4251968503937 une
348.9448818897638 382.3937007874016 74.55118110236221 18.4251968503937 conception
407.33858267716533 382.3937007874016 32.031496062992126 18.4251968503937 de
418.1102362204724 382.3937007874016 21.25984251968504 18.4251968503937 la

29.19685039370079 397.4173228346457 75.4015748031496 16.440944881889763 figuration
88.44094488188976 397.4173228346457 43.08661417322835 16.440944881889763 très
115.37007874015748 397.4173228346457 70.01574803149606 16.440944881889763 distillée
169.22834645669292 397.4173228346457 32.31496062992126 16.440944881889763 et
185.38582677165354 397.4173228346457 70.01574803149606 16.440944881889763 profonde.
239.24409448818898 397.4173228346457 75.4015748031496 16.440944881889763 Figuration
298.48818897637796 397.4173228346457 26.929133858267715 16.440944881889763 à
309.25984251968504 397.4173228346457 86.1732283464567 16.440944881889763 l’espagnole,
373.8897637795276 397.4173228346457 64.62992125984252 16.440944881889763 agressive,

29.480314960629922 411.0236220472441 48.47244094488189 16.15748031496063 dure,
61.79527559055118 411.0236220472441 86.1732283464567 16.15748031496063 synthétique,
131.81102362204723 411.0236220472441 59.24409448818898 16.15748031496063 baroque
174.89763779527559 411.0236220472441 43.08661417322835 16.15748031496063 dans
201.82677165354332 411.0236220472441 80.78740157480316 16.15748031496063 l’intention
266.74015748031496 411.0236220472441 32.31496062992126 16.15748031496063 et
282.8976377952756 411.0236220472441 80.78740157480316 16.15748031496063 élémentaire
347.5275590551181 411.0236220472441 43.08661417322835 16.15748031496063 dans
374.45669291338584 411.0236220472441 32.31496062992126 16.15748031496063 le
385.2283464566929 411.0236220472441 53.85826771653543 16.15748031496063 langage,

29.19685039370079 427.18110236220474 109.7007874015748 14.740157480314961 expressionnisme
121.60629921259843 427.18110236220474 34.58267716535433 14.740157480314961 de
138.89763779527559 427.18110236220474 57.826771653543304 14.740157480314961 racine
179.43307086614172 427.18110236220474 86.74015748031496 14.740157480314961 hispanique,
242.9291338582677 427.18110236220474 63.496062992125985 14.740157480314961 ibérique.

40.53543307086614 443.33858267716533 56.125984251968504 15.590551181102363 L’autre
81.35433070866142 443.33858267716533 51.023622047244096 15.590551181102363 groupe
117.07086614173228 443.33858267716533 66.33070866141732 15.590551181102363 pictural,
168.3779527559055 443.33858267716533 40.818897637795274 15.590551181102363 plus
193.88976377952756 443.33858267716533 66.33070866141732 15.590551181102363 nombreux,
244.91338582677164 443.33858267716533 35.71653543307087 15.590551181102363 est
265.3228346456693 443.33858267716533 66.33070866141732 15.590551181102363 constitué
316.34645669291336 443.33858267716533 35.71653543307087 15.590551181102363 par
336.755905511811 443.33858267716533 35.71653543307087 15.590551181102363 les
352.34645669291336 443.33858267716533 86.74015748031496 15.590551181102363 non

30.04724409448819 454.3937007874016 43.653543307086615 19.84251968503937 dans
57.25984251968504 454.3937007874016 32.881889763779526 19.84251968503937 un
73.7007874015748 454.3937007874016 65.48031496062993 19.84251968503937 ensemble
122.74015748031496 454.3937007874016 43.653543307086615 19.84251968503937 qui,
150.23622047244095 454.3937007874016 27.212598425196852 19.84251968503937 à
161.00787401574803 454.3937007874016 49.039370078740156 19.84251968503937 notre
193.88976377952756 454.3937007874016 49.039370078740156 19.84251968503937 point
226.48818897637796 454.3937007874016 32.881889763779526 19.84251968503937 de
242.9291338582677 454.3937007874016 43.653543307086615 19.84251968503937 vue,
270.4251968503937 454.3937007874016 76.53543307086615 19.84251968503937 représente
330.5196850393701 454.3937007874016 43.653543307086615 19.84251968503937 bien
357.73228346456693 454.3937007874016 38.267716535433074 19.84251968503937 les
374.1732283464567 454.3937007874016 65.48031496062993 19.84251968503937 intentions

29.480314960629922 469.7007874015748 77.10236220472441 17.291338582677167 générales
88.7244094488189 469.7007874015748 41.38582677165354 17.291338582677167 des
112.53543307086615 469.7007874015748 59.24409448818898 17.291338582677167 jeunes
154.20472440944883 469.7007874015748 71.14960629921259 17.291338582677167 artistes
201.54330708661416 469.7007874015748 71.14960629921259 17.291338582677167 d’Espagne.

41.10236220472441 481.03937007874015 32.031496062992126 17.007874015748033 Un
57.25984251968504 481.03937007874015 47.90551181102362 17.007874015748033 grand
89.00787401574803 481.03937007874015 47.90551181102362 17.007874015748033 poète
121.03937007874016 481.03937007874015 69.16535433070867 17.007874015748033 espagnol,
174.04724409448818 481.03937007874015 42.51968503937008 17.007874015748033 Juan
200.69291338582678 481.03937007874015 47.90551181102362 17.007874015748033 Ramôn
232.7244094488189 481.03937007874015 63.77952755905512 17.007874015748033 Jimenez,
280.62992125984255 481.03937007874015 53.29133858267716 17.007874015748033 disait
317.76377952755905 481.03937007874015 37.13385826771653 17.007874015748033 que
339.0236220472441 481.03937007874015 32.031496062992126 17.007874015748033 la
355.18110236220474 481.03937007874015 26.64566929133858 17.007874015748033 «
360.2834645669291 481.03937007874015 79.93700787401575 17.007874015748033 personnalité»

30.614173228346456 500.88188976377955 41.95275590551181 12.755905511811024 dans
56.976377952755904 500.88188976377955 47.338582677165356 12.755905511811024 l’art
88.44094488188976 500.88188976377955 47.338582677165356 12.755905511811024 était
119.90551181102362 500.88188976377955 47.338582677165356 12.755905511811024 faite
151.37007874015748 500.88188976377955 36.8503937007874 12.755905511811024 par
172.3464566929134 500.88188976377955 31.46456692913386 12.755905511811024 la
188.2204724409449 500.88188976377955 73.41732283464567 12.755905511811024 trouvaille
245.76377952755905 500.88188976377955 31.46456692913386 12.755905511811024 et
261.6377952755906 500.88188976377955 68.31496062992126 12.755905511811024 l’accent.
314.0787401574803 500.88188976377955 41.95275590551181 12.755905511811024 Nous
340.15748031496065 500.88188976377955 57.826771653543304 12.755905511811024 croyons
382.1102362204724 500.88188976377955 47.338582677165356 12.755905511811024 donc,
408.4724409448819 500.88188976377955 31.46456692913386 12.755905511811024 nous

30.330708661417322 514.488188976378 72.0 13.606299212598426 espérons,
85.88976377952756 514.488188976378 38.83464566929134 13.606299212598426 que
108.0 514.488188976378 33.16535433070866 13.606299212598426 ce
124.44094488188976 514.488188976378 55.275590551181104 13.606299212598426 groupe
163.2755905511811 514.488188976378 33.16535433070866 13.606299212598426 de
179.71653543307087 514.488188976378 66.33070866141732 13.606299212598426 peintres
229.60629921259843 514.488188976378 72.0 13.606299212598426 espagnols
284.88188976377955 514.488188976378 55.275590551181104 13.606299212598426 jeunes
323.43307086614175 514.488188976378 49.889763779527556 13.606299212598426 aura,
356.59842519685037 514.488188976378 44.22047244094488 13.606299212598426 tout
384.37795275590554 514.488188976378 33.16535433070866 13.606299212598426 au
395.43307086614175 514.488188976378 44.22047244094488 13.606299212598426 moins,

30.89763779527559 527.8110236220473 31.181102362204726 14.740157480314961 un
46.488188976377955 527.8110236220473 56.976377952755904 14.740157480314961 accent,
87.8740157480315 527.8110236220473 83.05511811023622 14.740157480314961 c’est-à-dire
155.33858267716536 527.8110236220473 31.181102362204726 14.740157480314961 un
170.9291338582677 527.8110236220473 67.46456692913385 14.740157480314961 caractère
222.8031496062992 527.8110236220473 31.181102362204726 14.740157480314961 de
238.39370078740157 527.8110236220473 41.38582677165354 14.740157480314961 race
264.18897637795277 527.8110236220473 31.181102362204726 14.740157480314961 et
279.7795275590551 527.8110236220473 31.181102362204726 14.740157480314961 de
295.37007874015745 527.8110236220473 56.976377952755904 14.740157480314961 diction
331.65354330708664 527.8110236220473 77.95275590551181 14.740157480314961 individuelle.

350.92913385826773 551.9055118110236 63.77952755905512 20.125984251968504 Manuel
389.4803149606299 551.9055118110236 51.023622047244096 20.125984251968504 Condé.
