515.3385826771654 625.6062992125984
81.07086614173228 30.614173228346456 24.37795275590551 16.724409448818896 —
90.70866141732283 30.614173228346456 38.83464566929134 16.724409448818896 Prix
115.08661417322834 30.614173228346456 29.19685039370079 16.724409448818896 de
129.82677165354332 30.614173228346456 29.19685039370079 16.724409448818896 la
144.28346456692913 30.614173228346456 43.93700787401575 16.724409448818896 Ville
173.48031496062993 30.614173228346456 29.19685039370079 16.724409448818896 de
188.2204724409449 30.614173228346456 48.75590551181102 16.724409448818896 Paris:
222.23622047244095 30.614173228346456 58.39370078740158 16.724409448818896 médaille
265.8897637795276 30.614173228346456 29.19685039370079 16.724409448818896 de
280.62992125984255 30.614173228346456 53.574803149606296 16.724409448818896 Vermeil
319.46456692913387 30.614173228346456 29.19685039370079 16.724409448818896 et
334.20472440944883 30.614173228346456 68.03149606299213 16.724409448818896 exposition
387.7795275590551 30.614173228346456 29.19685039370079 16.724409448818896 en
402.23622047244095 30.614173228346456 63.21259842519685 16.724409448818896 1962-1963
446.1732283464567 30.614173228346456 29.19685039370079 16.724409448818896 dans

93.8267716535433 39.968503937007874 31.181102362204726 13.88976377952756 une
111.68503937007874 39.968503937007874 40.25196850393701 13.88976377952756 salle
138.61417322834646 39.968503937007874 71.43307086614173 13.88976377952756 d’exposition
196.7244094488189 39.968503937007874 26.929133858267715 13.88976377952756 de
210.04724409448818 39.968503937007874 26.929133858267715 13.88976377952756 la
223.37007874015748 39.968503937007874 40.25196850393701 13.88976377952756 Ville
250.29921259842519 39.968503937007874 26.929133858267715 13.88976377952756 de
259.0866141732283 39.968503937007874 35.71653543307087 13.88976377952756 Paris.

80.22047244094489 51.874015748031496 23.811023622047244 14.173228346456693 —
89.85826771653544 51.874015748031496 37.98425196850393 14.173228346456693 Prix
113.66929133858268 51.874015748031496 28.62992125984252 14.173228346456693 du
127.84251968503936 51.874015748031496 42.803149606299215 14.173228346456693 Musée
156.4724409448819 51.874015748031496 47.62204724409449 14.173228346456693 Rodin:
189.92125984251967 51.874015748031496 23.811023622047244 14.173228346456693 1
199.2755905511811 51.874015748031496 33.44881889763779 14.173228346456693 000
218.5511811023622 51.874015748031496 57.25984251968504 14.173228346456693 nouveaux
261.3543307086614 51.874015748031496 52.44094488188976 14.173228346456693 francs,
299.33858267716533 51.874015748031496 47.62204724409449 14.173228346456693 offert
332.78740157480314 51.874015748031496 23.811023622047244 14.173228346456693 à
342.1417322834646 51.874015748031496 28.62992125984252 14.173228346456693 un
356.59842519685037 51.874015748031496 42.803149606299215 14.173228346456693 jeune
385.2283464566929 51.874015748031496 61.79527559055118 14.173228346456693 sculpteur
428.0314960629921 51.874015748031496 47.62204724409449 14.173228346456693 français

93.54330708661418 60.94488188976378 30.330708661417322 14.456692913385826 ou
103.74803149606299 60.94488188976378 55.275590551181104 14.456692913385826 étranger.

80.50393700787401 70.01574803149606 24.37795275590551 17.858267716535433 —
90.14173228346456 70.01574803149606 39.118110236220474 17.858267716535433 Prix
114.51968503937007 70.01574803149606 43.93700787401575 17.858267716535433 André
143.71653543307087 70.01574803149606 43.93700787401575 17.858267716535433 Susse
173.1968503937008 70.01574803149606 24.37795275590551 17.858267716535433 :
182.83464566929135 70.01574803149606 24.37795275590551 17.858267716535433 1
192.4724409448819 70.01574803149606 34.01574803149607 17.858267716535433 000
212.03149606299212 70.01574803149606 58.39370078740158 17.858267716535433 nouveaux
255.96850393700788 70.01574803149606 53.574803149606296 17.858267716535433 francs,
295.0866141732283 70.01574803149606 48.75590551181102 17.858267716535433 offert
329.1023622047244 70.01574803149606 24.37795275590551 17.858267716535433 à
338.74015748031496 70.01574803149606 29.19685039370079 17.858267716535433 un
353.4803149606299 70.01574803149606 43.93700787401575 17.858267716535433 jeune
382.6771653543307 70.01574803149606 63.496062992125985 17.858267716535433 sculpteur
426.61417322834643 70.01574803149606 48.75590551181102 17.858267716535433 français

93.54330708661418 83.33858267716535 27.496062992125985 15.590551181102363 ou
107.14960629921259 83.33858267716535 55.275590551181104 15.590551181102363 étranger
148.8188976377953 83.33858267716535 55.275590551181104 15.590551181102363 résidant
190.20472440944883 83.33858267716535 45.92125984251968 15.590551181102363 depuis
222.23622047244095 83.33858267716535 36.8503937007874 15.590551181102363 plus
245.1968503937008 83.33858267716535 27.496062992125985 15.590551181102363 de
259.0866141732283 83.33858267716535 22.96062992125984 15.590551181102363 5
268.4409448818898 83.33858267716535 45.92125984251968 15.590551181102363 années
300.4724409448819 83.33858267716535 73.7007874015748 15.590551181102363 consécutives
360.2834645669291 83.33858267716535 27.496062992125985 15.590551181102363 en
374.1732283464567 83.33858267716535 50.74015748031496 15.590551181102363 France.
411.0236220472441 83.33858267716535 27.496062992125985 15.590551181102363 Le
424.62992125984255 83.33858267716535 36.8503937007874 15.590551181102363 Prix
443.0551181102362 83.33858267716535 32.31496062992126 15.590551181102363 devra

92.97637795275591 92.40944881889764 40.25196850393701 18.708661417322833 être
118.20472440944881 92.40944881889764 65.48031496062993 18.708661417322833 attribué,
168.3779527559055 92.40944881889764 35.1496062992126 18.708661417322833 non
188.50393700787401 92.40944881889764 40.25196850393701 18.708661417322833 pour
213.73228346456693 92.40944881889764 35.1496062992126 18.708661417322833 une
233.85826771653544 92.40944881889764 45.354330708661415 18.708661417322833 seule
263.90551181102364 92.40944881889764 50.173228346456696 18.708661417322833 œuvre,
299.0551181102362 92.40944881889764 40.25196850393701 18.708661417322833 mais
324.2834645669291 92.40944881889764 40.25196850393701 18.708661417322833 pour
349.51181102362204 92.40944881889764 70.2992125984252 18.708661417322833 l’ensemble
404.78740157480314 92.40944881889764 35.1496062992126 18.708661417322833 des
419.81102362204723 92.40944881889764 55.275590551181104 18.708661417322833 créations

93.25984251968504 102.04724409448819 28.62992125984252 13.606299212598426 de
107.71653543307086 102.04724409448819 28.62992125984252 13.606299212598426 ce
117.07086614173228 102.04724409448819 57.25984251968504 13.606299212598426 sculpteur.

226.48818897637796 132.9448818897638 68.31496062992126 17.5748031496063 Illustration
284.0314960629921 132.9448818897638 21.543307086614174 17.5748031496063 de
291.40157480314963 132.9448818897638 43.08661417322835 17.5748031496063 livres

72.28346456692914 153.63779527559055 54.14173228346457 15.590551181102363 Premier
111.4015748031496 153.63779527559055 54.14173228346457 15.590551181102363 groupe:
150.8031496062992 153.63779527559055 49.039370078740156 15.590551181102363 Projet
185.10236220472441 153.63779527559055 88.44094488188976 15.590551181102363 d’illustration
258.8031496062992 153.63779527559055 39.40157480314961 15.590551181102363 pour
283.46456692913387 153.63779527559055 24.661417322834644 15.590551181102363 «
293.38582677165357 153.63779527559055 29.480314960629922 15.590551181102363 Le
308.12598425196853 153.63779527559055 78.51968503937007 15.590551181102363 Chef-d’œuvre
371.90551181102364 153.63779527559055 54.14173228346457 15.590551181102363 inconnu
411.3070866141732 153.63779527559055 24.661417322834644 15.590551181102363 »
420.9448818897638 153.63779527559055 29.480314960629922 15.590551181102363 de
430.86614173228344 153.63779527559055 44.22047244094488 15.590551181102363 Balzac.

81.63779527559055 163.84251968503938 27.496062992125985 17.291338582677167 Le
95.24409448818898 163.84251968503938 36.56692913385827 17.291338582677167 Jury
118.20472440944881 163.84251968503938 77.66929133858268 17.291338582677167 international
182.26771653543307 163.84251968503938 59.52755905511811 17.291338582677167 décernera
227.90551181102362 163.84251968503938 27.496062992125985 17.291338582677167 un
241.51181102362204 163.84251968503938 36.56692913385827 17.291338582677167 prix
264.4724409448819 163.84251968503938 41.10236220472441 17.291338582677167 entre
291.9685039370079 163.84251968503938 32.031496062992126 17.291338582677167 les
310.1102362204724 163.84251968503938 59.52755905511811 17.291338582677167 candidats
356.0314960629921 163.84251968503938 59.52755905511811 17.291338582677167 étrangers
401.6692913385827 163.84251968503938 27.496062992125985 17.291338582677167 et
415.2755905511811 163.84251968503938 54.99212598425197 17.291338582677167 français
451.84251968503935 163.84251968503938 22.96062992125984 17.291338582677167 qui

72.28346456692914 173.1968503937008 61.22834645669291 15.590551181102363 consistera
120.4724409448819 173.1968503937008 26.362204724409448 15.590551181102363 en
133.51181102362204 173.1968503937008 56.976377952755904 15.590551181102363 l’édition
177.16535433070865 173.1968503937008 26.362204724409448 15.590551181102363 du
190.48818897637796 173.1968503937008 43.93700787401575 15.590551181102363 projet
221.10236220472441 173.1968503937008 52.44094488188976 15.590551181102363 présenté
260.503937007874 173.1968503937008 30.614173228346456 15.590551181102363 par
278.0787401574803 173.1968503937008 26.362204724409448 15.590551181102363 le
291.11811023622045 173.1968503937008 52.44094488188976 15.590551181102363 lauréat.
330.5196850393701 173.1968503937008 30.614173228346456 15.590551181102363 Les
348.09448818897636 173.1968503937008 61.22834645669291 15.590551181102363 conditions
396.2834645669291 173.1968503937008 56.976377952755904 15.590551181102363 d’édition
435.68503937007875 173.1968503937008 39.40157480314961 15.590551181102363 devront

71.43307086614173 183.68503937007873 39.968503937007874 20.409448818897637 faire
98.07874015748031 183.68503937007873 48.75590551181102 20.409448818897637 l’objet
133.51181102362204 183.68503937007873 35.43307086614173 20.409448818897637 d’un
155.90551181102362 183.68503937007873 48.75590551181102 20.409448818897637 contrat
191.33858267716536 183.68503937007873 39.968503937007874 20.409448818897637 entre
217.98425196850394 183.68503937007873 57.54330708661417 20.409448818897637 l’éditeur
262.20472440944883 183.68503937007873 26.64566929133858 20.409448818897637 et
275.5275590551181 183.68503937007873 62.07874015748032 20.409448818897637 l’artiste,
324.2834645669291 183.68503937007873 31.181102362204726 20.409448818897637 les
342.1417322834646 183.68503937007873 53.29133858267716 20.409448818897637 planches
381.8267716535433 183.68503937007873 48.75590551181102 20.409448818897637 restant
417.54330708661416 183.68503937007873 26.64566929133858 20.409448818897637 la
426.3307086614173 183.68503937007873 48.75590551181102 20.409448818897637 propriété

72.0 191.90551181102362 27.77952755905512 17.291338582677167 de
81.07086614173228 191.90551181102362 55.84251968503937 17.291338582677167 l’éditeur.

72.0 205.51181102362204 57.25984251968504 13.606299212598426 Deuxième
115.08661417322834 205.51181102362204 52.44094488188976 13.606299212598426 groupe:
153.0708661417323 205.51181102362204 76.25196850393701 13.606299212598426 Illustration
215.1496062992126 205.51181102362204 33.44881889763779 13.606299212598426 sur
234.14173228346456 205.51181102362204 28.62992125984252 13.606299212598426 un
248.31496062992127 205.51181102362204 42.803149606299215 13.606299212598426 thème
272.12598425196853 205.51181102362204 38.267716535433074 13.606299212598426 libre.

80.78740157480316 216.8503937007874 28.346456692913385 20.976377952755904 Le
94.96062992125984 216.8503937007874 37.98425196850393 20.976377952755904 Jury
118.77165354330708 216.8503937007874 80.78740157480316 20.976377952755904 international
185.38582677165354 216.8503937007874 61.79527559055118 20.976377952755904 décernera
232.7244094488189 216.8503937007874 37.98425196850393 20.976377952755904 deux
256.53543307086613 216.8503937007874 52.15748031496063 20.976377952755904 bourses
294.5196850393701 216.8503937007874 28.346456692913385 20.976377952755904 de
308.6929133858268 216.8503937007874 23.811023622047244 20.976377952755904 1
318.0472440944882 216.8503937007874 33.16535433070866 20.976377952755904 000
337.03937007874015 216.8503937007874 56.976377952755904 20.976377952755904 nouveaux
379.84251968503935 216.8503937007874 47.338582677165356 20.976377952755904 francs
413.00787401574803 216.8503937007874 52.15748031496063 20.976377952755904 chacune
446.45669291338584 216.8503937007874 28.346456692913385 20.976377952755904 pour

71.71653543307086 227.33858267716536 37.7007874015748 16.724409448818896 deux
95.24409448818898 227.33858267716536 56.40944881889764 16.724409448818896 lauréats
137.76377952755905 227.33858267716536 61.22834645669291 16.724409448818896 étrangers
184.53543307086613 227.33858267716536 28.346456692913385 16.724409448818896 ou
194.17322834645668 227.33858267716536 51.59055118110236 16.724409448818896 français.

215.1496062992126 255.68503937007873 67.18110236220473 22.393700787401574 Décoration
266.74015748031496 255.68503937007873 59.24409448818898 22.393700787401574 théâtrale

80.50393700787401 274.96062992125985 28.062992125984252 19.275590551181104 Le
94.67716535433071 274.96062992125985 37.41732283464567 19.275590551181104 Jury
118.20472440944881 274.96062992125985 79.65354330708661 19.275590551181104 international
179.1496062992126 274.96062992125985 56.125984251968504 19.275590551181104 désignera:

80.22047244094489 288.56692913385825 22.96062992125984 21.25984251968504 —
89.29133858267717 288.56692913385825 41.10236220472441 21.25984251968504 parmi
116.78740157480316 288.56692913385825 32.031496062992126 21.25984251968504 les
135.21259842519686 288.56692913385825 82.48818897637796 21.25984251968504 participations
203.81102362204723 288.56692913385825 68.5984251968504 21.25984251968504 étrangères,
258.8031496062992 288.56692913385825 27.496062992125985 21.25984251968504 un
272.40944881889766 288.56692913385825 50.45669291338583 21.25984251968504 lauréat
308.9763779527559 288.56692913385825 32.031496062992126 21.25984251968504 qui
327.40157480314963 288.56692913385825 50.45669291338583 21.25984251968504 recevra
363.9685039370079 288.56692913385825 32.031496062992126 21.25984251968504 une
382.3937007874016 288.56692913385825 45.92125984251968 21.25984251968504 bourse
414.4251968503937 288.56692913385825 27.496062992125985 21.25984251968504 de
428.0314960629921 288.56692913385825 45.92125984251968 21.25984251968504 séjour
455.5275590551181 288.56692913385825 18.4251968503937 21.25984251968504 de

71.14960629921259 297.6377952755906 33.44881889763779 19.275590551181104 800
90.4251968503937 297.6377952755906 57.54330708661417 19.275590551181104 nouveaux
133.51181102362204 297.6377952755906 47.90551181102362 19.275590551181104 francs
166.96062992125985 297.6377952755906 33.44881889763779 19.275590551181104 par
185.95275590551182 297.6377952755906 43.08661417322835 19.275590551181104 mois,
214.86614173228347 297.6377952755906 38.267716535433074 19.275590551181104 pour
238.6771653543307 297.6377952755906 28.62992125984252 19.275590551181104 un
253.13385826771653 297.6377952755906 47.90551181102362 19.275590551181104 séjour
286.5826771653543 297.6377952755906 57.54330708661417 19.275590551181104 effectif
329.6692913385827 297.6377952755906 28.62992125984252 19.275590551181104 de
344.12598425196853 297.6377952755906 43.08661417322835 19.275590551181104 trois
372.755905511811 297.6377952755906 38.267716535433074 19.275590551181104 mois
396.56692913385825 297.6377952755906 28.62992125984252 19.275590551181104 en
406.20472440944883 297.6377952755906 43.08661417322835 19.275590551181104 France.

80.22047244094489 312.37795275590554 22.677165354330707 22.96062992125984 —
89.29133858267717 312.37795275590554 36.28346456692913 22.96062992125984 dans
111.96850393700787 312.37795275590554 27.212598425196852 22.96062992125984 la
125.5748031496063 312.37795275590554 76.81889763779527 22.96062992125984 participation
188.78740157480314 312.37795275590554 63.496062992125985 22.96062992125984 française,
238.6771653543307 312.37795275590554 27.212598425196852 22.96062992125984 un
252.28346456692913 312.37795275590554 49.889763779527556 22.96062992125984 lauréat
288.2834645669291 312.37795275590554 31.748031496062993 22.96062992125984 qui
306.4251968503937 312.37795275590554 49.889763779527556 22.96062992125984 recevra
342.70866141732284 312.37795275590554 31.748031496062993 22.96062992125984 une
360.8503937007874 312.37795275590554 45.354330708661415 22.96062992125984 bourse
392.59842519685037 312.37795275590554 27.212598425196852 22.96062992125984 de
406.20472440944883 312.37795275590554 22.677165354330707 22.96062992125984 1
414.99212598425197 312.37795275590554 31.748031496062993 22.96062992125984 000
428.59842519685037 312.37795275590554 45.354330708661415 22.96062992125984 nouveaux

65.76377952755905 317.76377952755905 44.503937007874015 15.590551181102363 francs.

208.91338582677164 347.244094488189 77.95275590551181 16.440944881889763 Composition
269.5748031496063 347.244094488189 60.661417322834644 16.440944881889763 musicale

80.50393700787401 362.5511811023622 28.62992125984252 18.708661417322833 Le
94.96062992125984 362.5511811023622 38.267716535433074 18.708661417322833 Jury
118.77165354330708 362.5511811023622 81.35433070866142 18.708661417322833 international
181.13385826771653 362.5511811023622 57.54330708661417 18.708661417322833 désignera:

92.97637795275591 377.00787401574803 41.10236220472441 18.708661417322833 parmi
120.4724409448819 377.00787401574803 32.031496062992126 18.708661417322833 les
138.61417322834646 377.00787401574803 82.48818897637796 18.708661417322833 participations
207.49606299212599 377.00787401574803 68.5984251968504 18.708661417322833 étrangères,
262.20472440944883 377.00787401574803 36.56692913385827 18.708661417322833 deux
285.1653543307087 377.00787401574803 54.99212598425197 18.708661417322833 lauréats
326.26771653543307 377.00787401574803 32.031496062992126 18.708661417322833 qui
344.6929133858268 377.00787401574803 59.52755905511811 18.708661417322833 recevront
390.3307086614173 377.00787401574803 45.63779527559055 18.708661417322833 chacun
422.3622047244094 377.00787401574803 32.031496062992126 18.708661417322833 une
436.251968503937 377.00787401574803 36.56692913385827 18.708661417322833 bourse

70.86614173228347 386.3622047244094 28.62992125984252 24.094488188976378 de
85.32283464566929 386.3622047244094 47.90551181102362 24.094488188976378 séjour
118.77165354330708 386.3622047244094 28.62992125984252 24.094488188976378 de
133.22834645669292 386.3622047244094 33.44881889763779 24.094488188976378 800
152.2204724409449 386.3622047244094 57.54330708661417 24.094488188976378 nouveaux
195.30708661417322 386.3622047244094 47.90551181102362 24.094488188976378 francs
228.75590551181102 386.3622047244094 33.44881889763779 24.094488188976378 par
248.03149606299212 386.3622047244094 43.08661417322835 24.094488188976378 mois,
276.66141732283467 386.3622047244094 38.267716535433074 24.094488188976378 pour
300.4724409448819 386.3622047244094 28.62992125984252 24.094488188976378 un
314.92913385826773 386.3622047244094 47.90551181102362 24.094488188976378 séjour
348.37795275590554 386.3622047244094 57.54330708661417 24.094488188976378 effectif
391.46456692913387 386.3622047244094 28.62992125984252 24.094488188976378 de
405.9212598425197 386.3622047244094 43.08661417322835 24.094488188976378 trois
434.5511811023622 386.3622047244094 38.267716535433074 24.094488188976378 mois
453.54330708661416 386.3622047244094 19.275590551181104 24.094488188976378 en

65.76377952755905 395.7165354330709 46.20472440944882 13.039370078740157 France.

70.58267716535433 410.45669291338584 58.110236220472444 18.992125984251967 franogans
115.37007874015748 410.45669291338584 26.929133858267715 18.992125984251967 la
128.69291338582678 410.45669291338584 75.96850393700787 18.992125984251967 participation
191.33858267716536 410.45669291338584 62.645669291338585 18.992125984251967 française,
240.3779527559055 410.45669291338584 26.929133858267715 18.992125984251967 un
253.98425196850394 410.45669291338584 49.039370078740156 18.992125984251967 lauréat
289.7007874015748 410.45669291338584 31.181102362204726 18.992125984251967 qui
307.5590551181102 410.45669291338584 49.039370078740156 18.992125984251967 recevra
343.2755905511811 410.45669291338584 31.181102362204726 18.992125984251967 une
361.13385826771656 410.45669291338584 44.78740157480315 18.992125984251967 bourse
392.31496062992125 410.45669291338584 26.929133858267715 18.992125984251967 de
405.9212598425197 410.45669291338584 22.393700787401574 18.992125984251967 2
414.70866141732284 410.45669291338584 31.181102362204726 18.992125984251967 000
428.0314960629921 410.45669291338584 44.78740157480315 18.992125984251967 nouveaux

80.22047244094489 428.88188976377955 50.173228346456696 17.007874015748033 Pendant
116.78740157480316 428.88188976377955 27.496062992125985 17.007874015748033 la
130.39370078740157 428.88188976377955 41.10236220472441 17.007874015748033 durée
157.88976377952756 428.88188976377955 27.496062992125985 17.007874015748033 de
171.49606299212599 428.88188976377955 27.496062992125985 17.007874015748033 la
185.38582677165354 428.88188976377955 59.52755905511811 17.007874015748033 Biennale,
231.0236220472441 428.88188976377955 45.63779527559055 17.007874015748033 toutes
263.0551181102362 428.88188976377955 32.031496062992126 17.007874015748033 les
281.1968503937008 428.88188976377955 45.63779527559055 17.007874015748033 bandes
313.2283464566929 428.88188976377955 77.66929133858268 17.007874015748033 sélectionnées
377.29133858267716 428.88188976377955 54.70866141732284 17.007874015748033 pourront
418.3937007874016 428.88188976377955 36.56692913385827 17.007874015748033 être
436.53543307086613 428.88188976377955 36.56692913385827 17.007874015748033 enten-

70.86614173228347 435.40157480314963 36.8503937007874 23.52755905511811 dues
93.8267716535433 435.40157480314963 36.8503937007874 23.52755905511811 dans
117.07086614173228 435.40157480314963 27.77952755905512 23.52755905511811 la
130.6771653543307 435.40157480314963 41.669291338582674 23.52755905511811 salle
158.45669291338584 435.40157480314963 27.77952755905512 23.52755905511811 de
172.3464566929134 435.40157480314963 50.74015748031496 23.52755905511811 musique
209.1968503937008 435.40157480314963 27.77952755905512 23.52755905511811 de
223.08661417322836 435.40157480314963 27.77952755905512 23.52755905511811 la
236.9763779527559 435.40157480314963 60.09448818897638 23.52755905511811 Biennale.
283.18110236220474 435.40157480314963 27.77952755905512 23.52755905511811 En
297.07086614173227 435.40157480314963 46.20472440944882 23.52755905511811 outre,
329.38582677165357 435.40157480314963 32.31496062992126 23.52755905511811 des
347.81102362204723 435.40157480314963 46.20472440944882 23.52755905511811 œuvres
380.12598425196853 435.40157480314963 32.31496062992126 23.52755905511811 des
398.5511811023622 435.40157480314963 50.74015748031496 23.52755905511811 auteurs
430.86614173228344 435.40157480314963 41.669291338582674 23.52755905511811 primés,

71.14960629921259 449.00787401574803 60.661417322834644 22.96062992125984 étrangers
117.63779527559055 449.00787401574803 28.062992125984252 22.96062992125984 ou
131.5275590551181 449.00787401574803 60.661417322834644 22.96062992125984 français,
178.29921259842519 449.00787401574803 46.488188976377955 22.96062992125984 seront
210.89763779527559 449.00787401574803 60.661417322834644 22.96062992125984 exécutées
257.38582677165357 449.00787401574803 32.59842519685039 22.96062992125984 par
276.09448818897636 449.00787401574803 32.59842519685039 22.96062992125984 les
294.8031496062992 449.00787401574803 41.95275590551181 22.96062992125984 soins
322.86614173228344 449.00787401574803 28.062992125984252 22.96062992125984 de
336.755905511811 449.00787401574803 28.062992125984252 22.96062992125984 la
346.1102362204724 449.00787401574803 125.85826771653544 22.96062992125984 Radiodiffusion

70.2992125984252 457.51181102362204 66.89763779527559 23.52755905511811 française,
123.02362204724409 457.51181102362204 28.62992125984252 23.52755905511811 au
137.1968503937008 457.51181102362204 43.08661417322835 23.52755905511811 cours
165.82677165354332 457.51181102362204 28.62992125984252 23.52755905511811 de
180.28346456692913 457.51181102362204 57.25984251968504 23.52755905511811 concerts
223.37007874015748 457.51181102362204 52.724409448818896 23.52755905511811 publics
261.6377952755906 457.51181102362204 52.724409448818896 23.52755905511811 pendant
299.90551181102364 457.51181102362204 52.724409448818896 23.52755905511811 l’hiver
333.3543307086614 457.51181102362204 57.25984251968504 23.52755905511811 1961

84.18897637795276 585.0708661417323 27.77952755905512 20.125984251968504 XII
