515.3385826771654 628.7244094488188
19.84251968503937 3.6850393700787403 145.41732283464566 18.992125984251967 EXTRAITS
136.06299212598427 3.6850393700787403 58.110236220472444 18.992125984251967 DU
155.6220472440945 3.6850393700787403 126.14173228346456 18.992125984251967 RÉGLEMENT

63.496062992125985 107.14960629921259 63.77952755905512 23.52755905511811 Article
109.7007874015748 107.14960629921259 28.913385826771652 23.52755905511811 1
121.32283464566929 107.14960629921259 28.913385826771652 23.52755905511811 —
126.99212598425197 107.14960629921259 34.86614173228347 23.52755905511811 But.

64.34645669291339 123.8740157480315 81.63779527559055 22.11023622047244 L’Association
131.5275590551181 123.8740157480315 62.36220472440945 22.11023622047244 Française
179.43307086614172 123.8740157480315 38.267716535433074 22.11023622047244 pour
203.5275590551181 123.8740157480315 28.913385826771652 22.11023622047244 la
217.98425196850394 123.8740157480315 81.63779527559055 22.11023622047244 Manifestation
285.1653543307087 123.8740157480315 57.54330708661417 22.11023622047244 Biennale
328.251968503937 123.8740157480315 28.913385826771652 22.11023622047244 et
342.70866141732284 123.8740157480315 86.45669291338582 22.11023622047244 Internationale
414.70866141732284 123.8740157480315 33.44881889763779 22.11023622047244 des
429.1653543307087 123.8740157480315 38.267716535433074 22.11023622047244 Jeunes

64.06299212598425 138.33070866141733 53.29133858267716 17.007874015748033 Artistes
104.03149606299213 138.33070866141733 22.11023622047244 17.007874015748033 —
112.81889763779527 138.33070866141733 57.54330708661417 17.007874015748033 intitulée
157.3228346456693 138.33070866141733 57.54330708661417 17.007874015748033 «Biennale
201.54330708661416 138.33070866141733 26.64566929133858 17.007874015748033 de
214.86614173228347 138.33070866141733 39.968503937007874 17.007874015748033 Paris
241.51181102362204 138.33070866141733 22.11023622047244 17.007874015748033 »
250.29921259842519 138.33070866141733 22.11023622047244 17.007874015748033 —
259.37007874015745 138.33070866141733 26.64566929133858 17.007874015748033 se
272.6929133858268 138.33070866141733 53.29133858267716 17.007874015748033 propose,
312.37795275590554 138.33070866141733 35.43307086614173 17.007874015748033 dans
334.7716535433071 138.33070866141733 53.29133858267716 17.007874015748033 l’esprit
374.45669291338584 138.33070866141733 26.64566929133858 17.007874015748033 le
387.7795275590551 138.33070866141733 35.43307086614173 17.007874015748033 plus
405.6377952755906 138.33070866141733 62.07874015748032 17.007874015748033 indépendant,

64.06299212598425 149.10236220472441 27.212598425196852 15.307086614173228 de
77.66929133858268 149.10236220472441 45.354330708661415 15.307086614173228 donner
109.41732283464567 149.10236220472441 22.677165354330707 15.307086614173228 à
118.48818897637796 149.10236220472441 31.748031496062993 15.307086614173228 des
136.62992125984252 149.10236220472441 54.425196850393704 15.307086614173228 artistes
177.4488188976378 149.10236220472441 27.212598425196852 15.307086614173228 de
191.0551181102362 149.10236220472441 36.28346456692913 15.307086614173228 tous
213.73228346456693 149.10236220472441 31.748031496062993 15.307086614173228 les
231.8740157480315 149.10236220472441 40.818897637795274 15.307086614173228 pays,
259.0866141732283 149.10236220472441 27.212598425196852 15.307086614173228 de
272.40944881889766 149.10236220472441 27.212598425196852 15.307086614173228 20
286.01574803149606 149.10236220472441 22.677165354330707 15.307086614173228 à
295.0866141732283 149.10236220472441 27.212598425196852 15.307086614173228 35
308.6929133858268 149.10236220472441 36.28346456692913 15.307086614173228 ans,
331.37007874015745 149.10236220472441 63.496062992125985 15.307086614173228 l’occasion
381.25984251968504 149.10236220472441 27.212598425196852 15.307086614173228 de
394.86614173228344 149.10236220472441 58.960629921259844 15.307086614173228 présenter
440.2204724409449 149.10236220472441 27.212598425196852 15.307086614173228 et
449.29133858267716 149.10236220472441 18.141732283464567 15.307086614173228 de

64.34645669291339 157.03937007874015 59.24409448818898 17.007874015748033 confronter
110.83464566929133 157.03937007874015 38.267716535433074 17.007874015748033 leurs
136.3464566929134 157.03937007874015 50.74015748031496 17.007874015748033 travaux.
174.61417322834646 157.03937007874015 34.01574803149607 17.007874015748033 Elle
195.59055118110237 157.03937007874015 34.01574803149607 17.007874015748033 doit
216.8503937007874 157.03937007874015 42.23622047244095 17.007874015748033 rester
246.61417322834646 157.03937007874015 54.99212598425197 17.007874015748033 largement
288.8503937007874 157.03937007874015 46.488188976377955 17.007874015748033 ouverte
322.86614173228344 157.03937007874015 29.763779527559056 17.007874015748033 aux
339.87401574803147 157.03937007874015 63.496062992125985 17.007874015748033 initiatives
390.61417322834643 157.03937007874015 29.763779527559056 17.007874015748033 les
407.62204724409446 157.03937007874015 34.01574803149607 17.007874015748033 plus
424.62992125984255 157.03937007874015 42.23622047244095 17.007874015748033 diverses

64.06299212598425 167.24409448818898 31.748031496062993 17.291338582677167 et,
82.20472440944881 167.24409448818898 36.28346456692913 17.291338582677167 dans
104.88188976377953 167.24409448818898 27.212598425196852 17.291338582677167 un
118.48818897637796 167.24409448818898 45.354330708661415 17.291338582677167 esprit
150.23622047244095 167.24409448818898 27.212598425196852 17.291338582677167 de
163.84251968503938 167.24409448818898 40.818897637795274 17.291338582677167 haute
191.0551181102362 167.24409448818898 81.63779527559055 17.291338582677167 compréhension,
259.0866141732283 167.24409448818898 63.496062992125985 17.291338582677167 s’attacher
308.6929133858268 167.24409448818898 22.677165354330707 17.291338582677167 à
317.76377952755905 167.24409448818898 63.496062992125985 17.291338582677167 accueillir
367.65354330708664 167.24409448818898 45.354330708661415 17.291338582677167 toutes
399.40157480314963 167.24409448818898 31.748031496062993 17.291338582677167 les
413.00787401574803 167.24409448818898 54.425196850393704 17.291338582677167 tendances.

63.77952755905512 175.748031496063 38.267716535433074 19.84251968503937 Elle
87.8740157480315 175.748031496063 57.54330708661417 19.84251968503937 souhaite
130.96062992125985 175.748031496063 38.267716535433074 19.84251968503937 que,
155.0551181102362 175.748031496063 38.267716535433074 19.84251968503937 dans
178.86614173228347 175.748031496063 43.08661417322835 19.84251968503937 toute
207.7795275590551 175.748031496063 28.913385826771652 19.84251968503937 la
222.23622047244095 175.748031496063 47.90551181102362 19.84251968503937 mesure
255.68503937007873 175.748031496063 28.913385826771652 19.84251968503937 du
270.1417322834646 175.748031496063 62.36220472440945 19.84251968503937 possible,
318.0472440944882 175.748031496063 33.44881889763779 19.84251968503937 les
337.3228346456693 175.748031496063 47.90551181102362 19.84251968503937 jeunes
370.7716535433071 175.748031496063 57.54330708661417 19.84251968503937 artistes
414.1417322834646 175.748031496063 28.913385826771652 19.84251968503937 se
423.7795275590551 175.748031496063 43.08661417322835 19.84251968503937 sentent

63.21259842519685 186.51968503937007 56.40944881889764 18.141732283464567 associés
105.44881889763779 186.51968503937007 23.52755905511811 18.141732283464567 à
115.08661417322834 186.51968503937007 28.062992125984252 18.141732283464567 la
128.9763779527559 186.51968503937007 84.4724409448819 18.141732283464567 représentation
199.2755905511811 186.51968503937007 28.062992125984252 18.141732283464567 de
213.4488188976378 186.51968503937007 37.41732283464567 18.141732283464567 leur
236.9763779527559 186.51968503937007 37.41732283464567 18.141732283464567 pays
260.503937007874 186.51968503937007 28.062992125984252 18.141732283464567 et
274.3937007874016 186.51968503937007 28.062992125984252 18.141732283464567 se
288.56692913385825 186.51968503937007 79.65354330708661 18.141732283464567 reconnaissent
354.3307086614173 186.51968503937007 28.062992125984252 18.141732283464567 en
368.2204724409449 186.51968503937007 37.41732283464567 18.141732283464567 tant
391.748031496063 186.51968503937007 32.881889763779526 18.141732283464567 que
410.45669291338584 186.51968503937007 42.23622047244095 18.141732283464567 jeune
433.98425196850394 186.51968503937007 32.881889763779526 18.141732283464567 géné-

63.496062992125985 195.8740157480315 49.60629921259842 16.440944881889763 ration
98.07874015748031 195.8740157480315 39.68503937007874 16.440944881889763 dans
122.74015748031496 195.8740157480315 34.58267716535433 16.440944881889763 les
142.58267716535434 195.8740157480315 69.16535433070867 16.440944881889763 sélections
197.00787401574803 195.8740157480315 29.763779527559056 16.440944881889763 de
211.748031496063 195.8740157480315 29.763779527559056 16.440944881889763 la
221.66929133858267 195.8740157480315 54.425196850393704 16.440944881889763 Biennale.

63.21259842519685 210.04724409448818 57.54330708661417 18.708661417322833 Article
104.88188976377953 210.04724409448818 26.078740157480315 18.708661417322833 2
115.37007874015748 210.04724409448818 26.078740157480315 18.708661417322833 —
125.85826771653544 210.04724409448818 68.03149606299213 18.708661417322833 Programme
178.29921259842519 210.04724409448818 31.46456692913386 18.708661417322833 de
193.88976377952756 210.04724409448818 31.46456692913386 18.708661417322833 la
209.76377952755905 210.04724409448818 57.54330708661417 18.708661417322833 seconde
246.33070866141733 210.04724409448818 57.54330708661417 18.708661417322833 Biennale.

63.77952755905512 224.78740157480314 28.62992125984252 20.976377952755904 La
78.23622047244095 224.78740157480314 52.724409448818896 20.976377952755904 seconde
116.50393700787401 224.78740157480314 57.54330708661417 20.976377952755904 Biennale
159.59055118110237 224.78740157480314 28.62992125984252 20.976377952755904 de
174.04724409448818 224.78740157480314 43.08661417322835 20.976377952755904 Paris
202.96062992125985 224.78740157480314 38.267716535433074 20.976377952755904 aura
226.77165354330708 224.78740157480314 38.267716535433074 20.976377952755904 lieu
250.86614173228347 224.78740157480314 28.62992125984252 20.976377952755904 au
265.3228346456693 224.78740157480314 43.08661417322835 20.976377952755904 Musée
293.9527559055118 224.78740157480314 43.08661417322835 20.976377952755904 d’Art
322.86614173228344 224.78740157480314 52.724409448818896 20.976377952755904 moderne
361.13385826771656 224.78740157480314 28.62992125984252 20.976377952755904 de
375.59055118110234 224.78740157480314 28.62992125984252 20.976377952755904 la
389.76377952755905 224.78740157480314 43.08661417322835 20.976377952755904 Ville
418.6771653543307 224.78740157480314 28.62992125984252 20.976377952755904 de
428.31496062992125 224.78740157480314 38.267716535433074 20.976377952755904 Paris,

62.645669291338585 236.40944881889763 32.031496062992126 15.590551181102363 du
78.80314960629921 236.40944881889763 32.031496062992126 15.590551181102363 29
94.67716535433071 236.40944881889763 69.73228346456693 15.590551181102363 septembre
148.251968503937 236.40944881889763 32.031496062992126 15.590551181102363 au
164.40944881889763 236.40944881889763 26.64566929133858 15.590551181102363 5
175.1811023622047 236.40944881889763 64.34645669291339 15.590551181102363 novembre
217.98425196850394 236.40944881889763 37.41732283464567 15.590551181102363 1961.

63.77952755905512 244.91338582677164 36.56692913385827 22.96062992125984 Elle
86.74015748031496 244.91338582677164 68.5984251968504 22.96062992125984 s’adressera
141.4488188976378 244.91338582677164 32.031496062992126 22.96062992125984 aux
159.8740157480315 244.91338582677164 54.99212598425197 22.96062992125984 artistes
200.9763779527559 244.91338582677164 32.031496062992126 22.96062992125984 nés
219.11811023622047 244.91338582677164 41.10236220472441 22.96062992125984 entre
246.61417322834646 244.91338582677164 27.496062992125985 22.96062992125984 le
260.503937007874 244.91338582677164 32.031496062992126 22.96062992125984 1er
278.6456692913386 244.91338582677164 50.173228346456696 22.96062992125984 janvier
315.21259842519686 244.91338582677164 36.56692913385827 22.96062992125984 1926
338.1732283464567 244.91338582677164 27.496062992125985 22.96062992125984 et
351.7795275590551 244.91338582677164 27.496062992125985 22.96062992125984 le
365.6692913385827 244.91338582677164 27.496062992125985 22.96062992125984 31
379.2755905511811 244.91338582677164 54.99212598425197 22.96062992125984 décembre
415.84251968503935 244.91338582677164 32.031496062992126 22.96062992125984 1940.

62.92913385826772 258.23622047244095 45.63779527559055 22.677165354330707 Toutes
94.96062992125984 258.23622047244095 32.031496062992126 22.677165354330707 les
113.10236220472441 258.23622047244095 45.63779527559055 22.677165354330707 œuvres
145.13385826771653 258.23622047244095 64.06299212598425 22.677165354330707 présentées
195.59055118110237 258.23622047244095 45.63779527559055 22.677165354330707 auront
227.6220472440945 258.23622047244095 32.031496062992126 22.677165354330707 été
245.76377952755905 258.23622047244095 59.52755905511811 22.677165354330707 exécutées
291.68503937007875 258.23622047244095 27.496062992125985 22.677165354330707 au
305.29133858267716 258.23622047244095 41.10236220472441 22.677165354330707 cours
332.78740157480314 258.23622047244095 32.031496062992126 22.677165354330707 des
351.21259842519686 258.23622047244095 45.63779527559055 22.677165354330707 quatre
383.244094488189 258.23622047244095 59.52755905511811 22.677165354330707 dernières
424.34645669291336 258.23622047244095 41.10236220472441 22.677165354330707 années.

63.21259842519685 267.59055118110234 30.89763779527559 18.992125984251967 La
78.51968503937007 267.59055118110234 56.40944881889764 18.992125984251967 seconde
119.62204724409449 267.59055118110234 61.511811023622045 18.992125984251967 Biennale
165.82677165354332 267.59055118110234 30.89763779527559 18.992125984251967 de
181.13385826771653 267.59055118110234 46.20472440944882 18.992125984251967 Paris
212.03149606299212 267.59055118110234 61.511811023622045 18.992125984251967 comptera
258.23622047244095 267.59055118110234 36.0 18.992125984251967 les
278.6456692913386 267.59055118110234 61.511811023622045 18.992125984251967 sections
324.8503937007874 267.59055118110234 66.61417322834646 18.992125984251967 suivantes
371.0551181102362 267.59055118110234 15.307086614173228 18.992125984251967 :

62.36220472440945 280.34645669291336 24.094488188976378 17.858267716535433 —
72.0 280.34645669291336 38.55118110236221 17.858267716535433 arts
96.09448818897638 280.34645669291336 67.18110236220473 17.858267716535433 plastiques
148.8188976377953 280.34645669291336 67.18110236220473 17.858267716535433 (peinture,
201.82677165354332 280.34645669291336 67.18110236220473 17.858267716535433 sculpture,
254.5511811023622 280.34645669291336 52.724409448818896 17.858267716535433 dessin,
288.2834645669291 280.34645669291336 52.724409448818896 17.858267716535433 gravure);

74.83464566929133 290.8346456692913 79.37007874015748 23.811023622047244 composition
138.33070866141733 290.8346456692913 63.496062992125985 23.811023622047244 musicale
185.95275590551182 290.8346456692913 63.496062992125985 23.811023622047244 (musique
233.5748031496063 290.8346456692913 31.748031496062993 23.811023622047244 de
249.4488188976378 290.8346456692913 63.496062992125985 23.811023622047244 chambre,
297.07086614173227 290.8346456692913 58.110236220472444 23.811023622047244 musique
334.20472440944883 290.8346456692913 79.37007874015748 23.811023622047244 d’orchestre);

62.36220472440945 299.33858267716533 22.96062992125984 15.023622047244094 —
71.43307086614173 299.33858267716533 73.13385826771653 15.023622047244094 illustration
130.96062992125985 299.33858267716533 27.496062992125985 15.023622047244094 de
140.03149606299212 299.33858267716533 41.10236220472441 15.023622047244094 livres;

62.36220472440945 308.12598425196853 22.677165354330707 15.023622047244094 —
71.43307086614173 308.12598425196853 45.354330708661415 15.023622047244094 livres
103.18110236220473 308.12598425196853 31.748031496062993 15.023622047244094 sur
116.78740157480316 308.12598425196853 36.28346456692913 15.023622047244094 l’art;

61.79527559055118 319.46456692913387 23.244094488188978 12.188976377952756 —
70.86614173228347 319.46456692913387 41.95275590551181 12.188976377952756 films
98.92913385826772 319.46456692913387 32.59842519685039 12.188976377952756 sur
112.81889763779527 319.46456692913387 37.41732283464567 12.188976377952756 l’art;

62.07874015748032 326.5511811023622 24.094488188976378 17.007874015748033 —
71.71653543307086 326.5511811023622 67.74803149606299 17.007874015748033 décoration
119.90551181102362 326.5511811023622 58.110236220472444 17.007874015748033 théâtrale.

62.07874015748032 339.87401574803147 54.14173228346457 24.37795275590551 Article
101.48031496062993 339.87401574803147 24.661417322834644 24.37795275590551 3
111.4015748031496 339.87401574803147 24.661417322834644 24.37795275590551 —
121.03937007874016 339.87401574803147 73.98425196850394 24.37795275590551 Composition
180.28346456692913 339.87401574803147 34.58267716535433 24.37795275590551 des
195.0236220472441 339.87401574803147 83.90551181102362 24.37795275590551 participations.

62.36220472440945 354.61417322834643 49.039370078740156 30.330708661417322 Chaque
96.66141732283465 354.61417322834643 39.118110236220474 30.330708661417322 pays
121.03937007874016 354.61417322834643 58.67716535433071 30.330708661417322 étranger
165.25984251968504 354.61417322834643 34.2992125984252 30.330708661417322 est
184.8188976377953 354.61417322834643 73.41732283464567 30.330708661417322 responsable
243.49606299212599 354.61417322834643 29.480314960629922 30.330708661417322 de
258.23622047244095 354.61417322834643 29.480314960629922 30.330708661417322 sa
272.9763779527559 354.61417322834643 68.5984251968504 30.330708661417322 sélection,
326.8346456692913 354.61417322834643 39.118110236220474 30.330708661417322 sans
351.21259842519686 354.61417322834643 49.039370078740156 30.330708661417322 aucune
385.51181102362204 354.61417322834643 78.51968503937007 30.330708661417322 intervention
444.4724409448819 354.61417322834643 19.559055118110237 30.330708661417322 de

61.79527559055118 366.8031496062992 29.480314960629922 15.023622047244094 la
71.43307086614173 366.8031496062992 53.85826771653543 15.023622047244094 Biennale.
