515.3385826771654 625.6062992125984
74.55118110236221 1.7007874015748032 79.93700787401575 19.559055118110237 ORÉE
132.66141732283464 1.7007874015748032 43.653543307086615 19.559055118110237 DU
147.4015748031496 1.7007874015748032 65.48031496062993 19.559055118110237 SUD

157.88976377952756 126.14173228346456 66.04724409448819 17.858267716535433 Commissaire
210.89763779527559 126.14173228346456 48.47244094488189 17.858267716535433 Général
246.33070866141733 126.14173228346456 22.11023622047244 17.858267716535433 :
255.11811023622047 126.14173228346456 44.22047244094488 17.858267716535433 Kin
286.01574803149606 126.14173228346456 39.68503937007874 17.858267716535433 Byung
308.12598425196853 126.14173228346456 35.1496062992126 17.858267716535433 Ki

157.60629921259843 140.5984251968504 60.94488188976378 17.007874015748033 Président
204.66141732283464 140.5984251968504 28.062992125984252 17.007874015748033 de
218.83464566929135 140.5984251968504 79.65354330708661 17.007874015748033 l’Association
284.31496062992125 140.5984251968504 32.881889763779526 17.007874015748033 des
298.48818897637796 140.5984251968504 51.59055118110236 17.007874015748033 Peintres.

111.4015748031496 217.41732283464566 53.29133858267716 21.543307086614174 Brûler
148.8188976377953 217.41732283464566 32.031496062992126 21.543307086614174 de
164.69291338582678 217.41732283464566 58.67716535433071 21.543307086614174 longues
207.49606299212599 217.41732283464566 53.29133858267716 21.543307086614174 étapes
244.91338582677164 217.41732283464566 69.44881889763779 21.543307086614174 jalonnées
298.20472440944883 217.41732283464566 37.41732283464567 21.543307086614174 par
319.46456692913387 217.41732283464566 32.031496062992126 21.543307086614174 la
335.33858267716533 217.41732283464566 69.44881889763779 21.543307086614174 nécessité
388.9133858267717 217.41732283464566 74.55118110236221 21.543307086614174 implacable
447.59055118110234 217.41732283464566 32.031496062992126 21.543307086614174 de
458.0787401574803 217.41732283464566 37.41732283464567 21.543307086614174 l’ait

102.33070866141732 233.29133858267716 56.976377952755904 19.559055118110237 moderne
143.71653543307087 233.29133858267716 77.66929133858268 19.559055118110237 occidental,
205.79527559055117 233.29133858267716 41.38582677165354 19.559055118110237 cela
231.59055118110237 233.29133858267716 46.488188976377955 19.559055118110237 exige
262.7716535433071 233.29133858267716 31.181102362204726 19.559055118110237 un
278.0787401574803 233.29133858267716 56.976377952755904 19.559055118110237 courage
319.46456692913387 233.29133858267716 51.874015748031496 19.559055118110237 inouï,
355.748031496063 233.29133858267716 36.28346456692913 19.559055118110237 une
376.4409448818898 233.29133858267716 82.77165354330708 19.559055118110237 clairvoyance
438.5196850393701 233.29133858267716 56.976377952755904 19.559055118110237 perçante)

101.76377952755905 250.01574803149606 32.31496062992126 18.141732283464567 on
117.92125984251969 250.01574803149606 26.929133858267715 18.141732283464567 y
128.69291338582678 250.01574803149606 54.14173228346457 18.141732283464567 risque
166.6771653543307 250.01574803149606 43.08661417322835 18.141732283464567 trop
193.60629921259843 250.01574803149606 64.91338582677166 18.141732283464567 souvent,
242.07874015748033 250.01574803149606 32.31496062992126 18.141732283464567 ou
258.5196850393701 250.01574803149606 32.31496062992126 18.141732283464567 de
274.6771653543307 250.01574803149606 54.14173228346457 18.141732283464567 gagner
312.37795275590554 250.01574803149606 32.31496062992126 18.141732283464567 de
328.53543307086613 250.01574803149606 59.52755905511811 18.141732283464567 fausses
371.90551181102364 250.01574803149606 64.91338582677166 18.141732283464567 monnaies
414.99212598425197 250.01574803149606 81.07086614173228 18.141732283464567 fastueusement

102.33070866141732 260.503937007874 76.53543307086615 20.125984251968504 brillantes,
163.55905511811022 260.503937007874 30.614173228346456 20.125984251968504 ou
178.86614173228347 260.503937007874 30.614173228346456 20.125984251968504 de
194.17322834645668 260.503937007874 30.614173228346456 20.125984251968504 se
209.48031496062993 260.503937007874 66.33070866141732 20.125984251968504 contenter
260.503937007874 260.503937007874 40.818897637795274 20.125984251968504 d’un
286.01574803149606 260.503937007874 66.33070866141732 20.125984251968504 ascétisme
337.03937007874015 260.503937007874 81.63779527559055 20.125984251968504 fâcheusement
403.37007874015745 260.503937007874 76.53543307086615 20.125984251968504 défaitiste.
459.496062992126 260.503937007874 35.71653543307087 20.125984251968504 Néan-

101.76377952755905 279.7795275590551 53.29133858267716 14.740157480314961 moins,
139.1811023622047 279.7795275590551 47.90551181102362 14.740157480314961 cette
170.9291338582677 279.7795275590551 63.77952755905512 14.740157480314961 exigence
218.83464566929135 279.7795275590551 37.13385826771653 14.740157480314961 est
240.09448818897638 279.7795275590551 58.39370078740158 14.740157480314961 absolue
282.61417322834643 279.7795275590551 32.031496062992126 14.740157480314961 et
298.48818897637796 279.7795275590551 53.29133858267716 14.740157480314961 fatale
335.62204724409446 279.7795275590551 42.51968503937008 14.740157480314961 chez
362.26771653543307 279.7795275590551 42.51968503937008 14.740157480314961 tous
388.9133858267717 279.7795275590551 37.13385826771653 14.740157480314961 les
410.1732283464567 279.7795275590551 53.29133858267716 14.740157480314961 jeunes
441.9212598425197 279.7795275590551 53.29133858267716 14.740157480314961 artistes

100.91338582677166 294.5196850393701 63.21259842519685 15.023622047244094 coréens.
148.251968503937 294.5196850393701 73.7007874015748 15.023622047244094 Déshérités
206.36220472440945 294.5196850393701 84.18897637795276 15.023622047244094 volontaires,
274.6771653543307 294.5196850393701 31.46456692913386 15.023622047244094 et
290.26771653543307 294.5196850393701 31.46456692913386 15.023622047244094 se
306.1417322834646 294.5196850393701 63.21259842519685 15.023622047244094 trouvant
353.4803149606299 294.5196850393701 41.95275590551181 15.023622047244094 pour
379.84251968503935 294.5196850393701 41.95275590551181 15.023622047244094 cela
406.20472440944883 294.5196850393701 41.95275590551181 15.023622047244094 même
432.2834645669291 294.5196850393701 52.724409448818896 15.023622047244094 jetés,
464.0314960629921 294.5196850393701 31.46456692913386 15.023622047244094 tout

100.62992125984252 304.4409448818898 63.21259842519685 19.559055118110237 éblouis,
147.96850393700788 304.4409448818898 31.46456692913386 19.559055118110237 au
163.84251968503938 304.4409448818898 41.95275590551181 19.559055118110237 sein
190.20472440944883 304.4409448818898 78.80314960629921 19.559055118110237 d’aventures
253.41732283464566 304.4409448818898 63.21259842519685 19.559055118110237 humaines
300.755905511811 304.4409448818898 89.29133858267717 19.559055118110237 universelles,
374.1732283464567 304.4409448818898 36.8503937007874 19.559055118110237 ils
395.1496062992126 304.4409448818898 78.80314960629921 19.559055118110237 s’adonnent,
458.3622047244094 304.4409448818898 26.362204724409448 19.559055118110237 à
463.748031496063 304.4409448818898 31.46456692913386 19.559055118110237 leur

100.91338582677166 317.1968503937008 45.63779527559055 18.992125984251967 tour,
131.5275590551181 317.1968503937008 25.511811023622048 18.992125984251967 à
141.4488188976378 317.1968503937008 50.74015748031496 18.992125984251967 toutes
177.16535433070865 317.1968503937008 35.43307086614173 18.992125984251967 les
197.29133858267716 317.1968503937008 76.25196850393701 18.992125984251967 expériences
253.13385826771653 317.1968503937008 60.94488188976378 18.992125984251967 possibles.

109.98425196850394 330.8031496062992 74.26771653543307 26.64566929133858 Incrédulité
169.22834645669292 330.8031496062992 54.425196850393704 26.64566929133858 presque
208.91338582677164 330.8031496062992 49.60629921259842 26.64566929133858 totale
243.49606299212599 330.8031496062992 24.661417322834644 26.64566929133858 à
253.41732283464566 330.8031496062992 54.425196850393704 26.64566929133858 l’égard
292.81889763779526 330.8031496062992 29.763779527559056 26.64566929133858 de
307.84251968503935 330.8031496062992 39.68503937007874 26.64566929133858 tout
332.503937007874 330.8031496062992 29.763779527559056 26.64566929133858 ce
347.244094488189 330.8031496062992 34.58267716535433 26.64566929133858 qui
367.0866141732283 330.8031496062992 39.68503937007874 26.64566929133858 peut
391.748031496063 330.8031496062992 39.68503937007874 26.64566929133858 être
416.6929133858268 330.8031496062992 64.34645669291339 26.64566929133858 considéré
461.1968503937008 330.8031496062992 34.58267716535433 26.64566929133858 comme

100.34645669291339 349.79527559055117 85.32283464566929 17.007874015748033 autoritaire,
169.79527559055117 349.79527559055117 48.188976377952756 17.007874015748033 voilà
201.82677165354332 349.79527559055117 32.031496062992126 17.007874015748033 un
217.98425196850394 349.79527559055117 37.41732283464567 17.007874015748033 des
239.24409448818898 349.79527559055117 53.29133858267716 17.007874015748033 signes
276.66141732283467 349.79527559055117 37.41732283464567 17.007874015748033 les
297.9212598425197 349.79527559055117 42.803149606299215 17.007874015748033 plus
324.56692913385825 349.79527559055117 106.86614173228347 17.007874015748033 caractéristiques
415.2755905511811 349.79527559055117 32.031496062992126 17.007874015748033 de
431.43307086614175 349.79527559055117 48.188976377952756 17.007874015748033 notre
458.0787401574803 349.79527559055117 37.41732283464567 17.007874015748033 jeune

100.34645669291339 365.38582677165357 79.08661417322834 18.141732283464567 génération.
163.84251968503938 365.38582677165357 42.23622047244095 18.141732283464567 Pour
190.20472440944883 365.38582677165357 36.8503937007874 18.141732283464567 les
211.1811023622047 365.38582677165357 63.21259842519685 18.141732283464567 artistes
258.8031496062992 365.38582677165357 31.748031496062993 18.141732283464567 de
274.3937007874016 365.38582677165357 47.338582677165356 18.141732283464567 cette
306.1417322834646 365.38582677165357 79.08661417322834 18.141732283464567 génération,
369.3543307086614 365.38582677165357 42.23622047244095 18.141732283464567 tout
395.7165354330709 365.38582677165357 36.8503937007874 18.141732283464567 est
416.9763779527559 365.38582677165357 26.362204724409448 18.141732283464567 à
422.0787401574803 365.38582677165357 73.98425196850394 18.141732283464567 recommencer.

101.19685039370079 376.7244094488189 29.763779527559056 21.826771653543307 Il
115.93700787401575 376.7244094488189 39.40157480314961 21.826771653543307 leur
140.5984251968504 376.7244094488189 39.40157480314961 21.826771653543307 faut
165.25984251968504 376.7244094488189 39.40157480314961 21.826771653543307 tout
189.92125984251967 376.7244094488189 44.503937007874015 21.826771653543307 oser.
219.68503937007873 376.7244094488189 44.503937007874015 21.826771653543307 Aussi
249.16535433070865 376.7244094488189 89.00787401574803 21.826771653543307 n’hésitent-ils
323.43307086614175 376.7244094488189 44.503937007874015 21.826771653543307 plus,
353.1968503937008 376.7244094488189 34.58267716535433 21.826771653543307 par
372.755905511811 376.7244094488189 59.24409448818898 21.826771653543307 exemple,
417.25984251968504 376.7244094488189 24.661417322834644 21.826771653543307 à
427.18110236220474 376.7244094488189 39.40157480314961 21.826771653543307 être
447.0236220472441 376.7244094488189 49.32283464566929 21.826771653543307 peintres

100.34645669291339 390.8976377952756 72.0 20.69291338582677 abstraits,
156.75590551181102 390.8976377952756 30.89763779527559 20.69291338582677 si
172.3464566929134 390.8976377952756 66.89763779527559 20.69291338582677 téméraire
223.6535433070866 390.8976377952756 36.0 20.69291338582677 que
244.3464566929134 390.8976377952756 41.10236220472441 20.69291338582677 cela
269.8582677165354 390.8976377952756 66.89763779527559 20.69291338582677 paraisse.
321.4488188976378 390.8976377952756 36.0 20.69291338582677 Ils
341.8582677165354 390.8976377952756 41.10236220472441 20.69291338582677 sont
367.65354330708664 390.8976377952756 41.10236220472441 20.69291338582677 même
393.1653543307087 390.8976377952756 66.89763779527559 20.69291338582677 persuadés
444.755905511811 390.8976377952756 41.10236220472441 20.69291338582677 d’en
465.1653543307087 390.8976377952756 30.89763779527559 20.69291338582677 être

100.34645669291339 402.8031496062992 90.14173228346456 22.393700787401574 d’authentiques
175.748031496063 402.8031496062992 30.04724409448819 22.393700787401574 et
190.77165354330708 402.8031496062992 39.968503937007874 22.393700787401574 cela
215.71653543307087 402.8031496062992 24.944881889763778 22.393700787401574 à
225.63779527559055 402.8031496062992 45.07086614173228 22.393700787401574 juste
255.68503937007873 402.8031496062992 50.173228346456696 22.393700787401574 titre.
290.8346456692913 402.8031496062992 35.1496062992126 22.393700787401574 Car
310.96062992125985 402.8031496062992 30.04724409448819 22.393700787401574 il
325.98425196850394 402.8031496062992 50.173228346456696 22.393700787401574 s’agit
361.13385826771656 402.8031496062992 39.968503937007874 22.393700787401574 pour
386.0787401574803 402.8031496062992 35.1496062992126 22.393700787401574 eux
406.20472440944883 402.8031496062992 35.1496062992126 22.393700787401574 qui
426.0472440944882 402.8031496062992 50.173228346456696 22.393700787401574 vivent
456.37795275590554 402.8031496062992 39.968503937007874 22.393700787401574 chaque

99.77952755905511 416.6929133858268 39.118110236220474 26.078740157480315 jour
124.15748031496064 416.6929133858268 29.480314960629922 26.078740157480315 le
138.89763779527559 416.6929133858268 63.77952755905512 26.078740157480315 tragique,
187.93700787401573 416.6929133858268 34.2992125984252 26.078740157480315 non
207.49606299212599 416.6929133858268 43.93700787401575 26.078740157480315 d’une
236.69291338582678 416.6929133858268 53.85826771653543 26.078740157480315 réalité
276.09448818897636 416.6929133858268 73.41732283464567 26.078740157480315 extérieure,
334.7716535433071 416.6929133858268 63.77952755905512 26.078740157480315 éphémère,
383.81102362204723 416.6929133858268 43.93700787401575 26.078740157480315 telle
413.00787401574803 416.6929133858268 53.85826771653543 26.078740157480315 qu’elle
447.3070866141732 416.6929133858268 49.039370078740156 26.078740157480315 s’offre,

100.62992125984252 435.9685039370079 41.10236220472441 21.25984251968504 mais
126.4251968503937 435.9685039370079 46.20472440944882 21.25984251968504 d’une
157.03937007874015 435.9685039370079 41.10236220472441 21.25984251968504 voix
182.83464566929135 435.9685039370079 72.0 21.25984251968504 intérieure
239.24409448818898 435.9685039370079 30.89763779527559 21.25984251968504 la
254.83464566929135 435.9685039370079 41.10236220472441 21.25984251968504 plus
280.34645669291336 435.9685039370079 61.79527559055118 21.25984251968504 secrète,
326.8346456692913 435.9685039370079 30.89763779527559 21.25984251968504 la
342.1417322834646 435.9685039370079 41.10236220472441 21.25984251968504 plus
367.93700787401576 435.9685039370079 77.10236220472441 21.25984251968504 révélatrice
429.4488188976378 435.9685039370079 30.89763779527559 21.25984251968504 de
445.03937007874015 435.9685039370079 46.20472440944882 21.25984251968504 l’âme
470.5511811023622 435.9685039370079 25.79527559055118 21.25984251968504 qui

95.5275590551181 447.59055118110234 51.874015748031496 16.724409448818896 souffre.

109.41732283464567 462.3307086614173 29.763779527559056 25.228346456692915 En
124.44094488188976 462.3307086614173 49.60629921259842 25.228346456692915 effet,
159.30708661417322 462.3307086614173 44.78740157480315 25.228346456692915 notre
189.0708661417323 462.3307086614173 39.68503937007874 25.228346456692915 pays
214.01574803149606 462.3307086614173 64.62992125984252 25.228346456692915 reconnaît
263.62204724409446 462.3307086614173 29.763779527559056 25.228346456692915 en
278.6456692913386 462.3307086614173 34.86614173228347 25.228346456692915 ces
298.48818897637796 462.3307086614173 49.60629921259842 25.228346456692915 toutes
333.07086614173227 462.3307086614173 64.62992125984252 25.228346456692915 dernières
382.96062992125985 462.3307086614173 54.70866141732284 25.228346456692915 années,
422.6456692913386 462.3307086614173 29.763779527559056 25.228346456692915 et
437.6692913385827 462.3307086614173 39.68503937007874 25.228346456692915 très
457.51181102362204 462.3307086614173 39.68503937007874 25.228346456692915 tardi-

99.77952755905511 479.0551181102362 51.023622047244096 20.409448818897637 vement
135.49606299212599 479.0551181102362 40.818897637795274 20.409448818897637 bien
161.00787401574803 479.0551181102362 40.818897637795274 20.409448818897637 sûr,
186.23622047244095 479.0551181102362 35.71653543307087 20.409448818897637 les
206.64566929133858 479.0551181102362 61.22834645669291 20.409448818897637 peintres
252.56692913385828 479.0551181102362 66.04724409448819 20.409448818897637 abstraits
303.3070866141732 479.0551181102362 30.614173228346456 20.409448818897637 de
318.61417322834643 479.0551181102362 40.818897637795274 20.409448818897637 plus
344.12598425196853 479.0551181102362 30.614173228346456 20.409448818897637 en
359.43307086614175 479.0551181102362 40.818897637795274 20.409448818897637 plus
384.9448818897638 479.0551181102362 66.04724409448819 20.409448818897637 nombreux,
435.68503937007875 479.0551181102362 30.614173228346456 20.409448818897637 si
450.99212598425197 479.0551181102362 40.818897637795274 20.409448818897637 bien
471.40157480314963 479.0551181102362 25.511811023622048 20.409448818897637 que

99.77952755905511 490.6771653543307 31.46456692913386 26.078740157480315 la
115.37007874015748 490.6771653543307 62.92913385826772 26.078740157480315 peinture
162.4251968503937 490.6771653543307 68.03149606299213 26.078740157480315 abstraite
214.86614173228347 490.6771653543307 57.54330708661417 26.078740157480315 devient
256.81889763779526 490.6771653543307 62.92913385826772 26.078740157480315 l’unique
303.87401574803147 490.6771653543307 68.03149606299213 26.078740157480315 mouvement
356.0314960629921 490.6771653543307 94.11023622047244 26.078740157480315 d’avant-garde,
434.5511811023622 490.6771653543307 31.46456692913386 26.078740157480315 la
445.03937007874015 490.6771653543307 52.44094488188976 26.078740157480315 tendance

99.77952755905511 505.4173228346457 74.26771653543307 21.543307086614174 directrice
158.17322834645668 505.4173228346457 31.748031496062993 21.543307086614174 de
174.04724409448818 505.4173228346457 47.62204724409449 21.543307086614174 l’art
205.79527559055117 505.4173228346457 53.00787401574803 21.543307086614174 coréen
242.9291338582677 505.4173228346457 58.39370078740158 21.543307086614174 actuel.
285.1653543307087 505.4173228346457 47.62204724409449 21.543307086614174 C’est
317.1968503937008 505.4173228346457 42.51968503937008 21.543307086614174 que,
343.5590551181102 505.4173228346457 42.51968503937008 21.543307086614174 pour
369.9212598425197 505.4173228346457 37.13385826771653 21.543307086614174 les
391.18110236220474 505.4173228346457 58.39370078740158 21.543307086614174 jeunes,
433.7007874015748 505.4173228346457 31.748031496062993 21.543307086614174 la
444.18897637795277 505.4173228346457 53.00787401574803 21.543307086614174 peinture

100.62992125984252 521.2913385826772 72.0 19.559055118110237 d’académie
157.3228346456693 521.2913385826772 36.0 19.559055118110237 des
177.73228346456693 521.2913385826772 72.0 19.559055118110237 Beaux-Arts
234.4251968503937 521.2913385826772 30.89763779527559 19.559055118110237 et
250.01574803149606 521.2913385826772 30.89763779527559 19.559055118110237 de
265.3228346456693 521.2913385826772 87.59055118110236 19.559055118110237 contemplation
337.6062992125984 521.2913385826772 82.48818897637796 19.559055118110237 complaisante
404.503937007874 521.2913385826772 30.89763779527559 19.559055118110237 ne
419.81102362204723 521.2913385826772 41.10236220472441 19.559055118110237 leur
440.503937007874 521.2913385826772 56.69291338582677 19.559055118110237 suffisait

100.06299212598425 535.1811023622047 49.039370078740156 24.37795275590551 plus.
132.66141732283464 535.1811023622047 43.653543307086615 24.37795275590551 S’il
159.8740157480315 535.1811023622047 37.98425196850393 24.37795275590551 est
181.70078740157481 535.1811023622047 43.653543307086615 24.37795275590551 vrai
208.91338582677164 535.1811023622047 37.98425196850393 24.37795275590551 que
230.74015748031496 535.1811023622047 43.653543307086615 24.37795275590551 nous
257.9527559055118 535.1811023622047 49.039370078740156 24.37795275590551 avons
290.5511811023622 535.1811023622047 32.59842519685039 24.37795275590551 eu
306.99212598425197 535.1811023622047 43.653543307086615 24.37795275590551 déjà
334.20472440944883 535.1811023622047 65.48031496062993 24.37795275590551 quelques
383.244094488189 535.1811023622047 65.48031496062993 24.37795275590551 peintres
426.61417322834643 535.1811023622047 70.86614173228347 24.37795275590551 précurseurs

100.91338582677166 549.6377952755905 41.10236220472441 23.244094488188978 dits
126.70866141732283 549.6377952755905 72.28346456692914 23.244094488188978 abstraits,
183.4015748031496 549.6377952755905 30.89763779527559 23.244094488188978 il
198.70866141732284 549.6377952755905 41.10236220472441 23.244094488188978 n’en
224.50393700787401 549.6377952755905 36.0 23.244094488188978 est
245.1968503937008 549.6377952755905 36.0 23.244094488188978 pas
265.8897637795276 549.6377952755905 46.488188976377955 23.244094488188978 moins
296.78740157480314 549.6377952755905 41.10236220472441 23.244094488188978 vrai
322.5826771653543 549.6377952755905 46.488188976377955 23.244094488188978 qu’il
353.4803149606299 549.6377952755905 41.10236220472441 23.244094488188978 leur
379.2755905511811 549.6377952755905 46.488188976377955 23.244094488188978 avait
410.1732283464567 549.6377952755905 56.69291338582677 23.244094488188978 presque
446.1732283464567 549.6377952755905 51.59055118110236 23.244094488188978 toujours

111.68503937007874 592.4409448818898 27.212598425196852 17.007874015748033 30
