515.3385826771654 622.7716535433071
65.19685039370079 2.267716535433071 67.74803149606299 23.244094488188978 SUÈDE

164.69291338582678 123.8740157480315 66.61417322834646 19.84251968503937 Commissaire
217.98425196850394 123.8740157480315 48.75590551181102 19.84251968503937 Général
253.70078740157481 123.8740157480315 22.11023622047244 19.84251968503937 :
262.48818897637796 123.8740157480315 39.968503937007874 19.84251968503937 Bo
284.59842519685037 123.8740157480315 44.503937007874015 19.84251968503937 Kârre

164.69291338582678 135.7795275590551 61.79527559055118 20.976377952755904 Directeur
212.31496062992127 135.7795275590551 28.62992125984252 20.976377952755904 de
226.77165354330708 135.7795275590551 66.61417322834646 20.976377952755904 l’Institut
278.92913385826773 135.7795275590551 52.44094488188976 20.976377952755904 Suédois
317.1968503937008 135.7795275590551 23.811023622047244 20.976377952755904 à
322.01574803149606 135.7795275590551 37.98425196850393 20.976377952755904 Paris.

118.20472440944881 219.68503937007873 47.62204724409449 18.992125984251967 L’art
149.95275590551182 219.68503937007873 58.110236220472444 18.992125984251967 suédois
192.18897637795277 219.68503937007873 47.62204724409449 18.992125984251967 s’est
223.93700787401573 219.68503937007873 58.110236220472444 18.992125984251967 trouvé,
266.1732283464567 219.68503937007873 58.110236220472444 18.992125984251967 pendant
308.40944881889766 219.68503937007873 31.748031496062993 18.992125984251967 de
324.2834645669291 219.68503937007873 58.110236220472444 18.992125984251967 longues
366.5196850393701 219.68503937007873 68.5984251968504 18.992125984251967 périodes,
419.244094488189 219.68503937007873 47.62204724409449 18.992125984251967 assez
450.99212598425197 219.68503937007873 47.62204724409449 18.992125984251967 isolé
477.3543307086614 219.68503937007873 26.362204724409448 18.992125984251967 des

108.85039370078741 238.96062992125985 63.21259842519685 14.173228346456693 courants
156.4724409448819 238.96062992125985 79.08661417322834 14.173228346456693 artistiques
219.68503937007873 238.96062992125985 31.748031496062993 14.173228346456693 du
235.55905511811022 238.96062992125985 73.7007874015748 14.173228346456693 continent.
293.38582677165357 238.96062992125985 58.110236220472444 14.173228346456693 Certes,
335.62204724409446 238.96062992125985 36.8503937007874 14.173228346456693 des
356.59842519685037 238.96062992125985 73.7007874015748 14.173228346456693 mouvements
414.70866141732284 238.96062992125985 47.338582677165356 14.173228346456693 comme
446.1732283464567 238.96062992125985 31.748031496062993 14.173228346456693 le
456.9448818897638 238.96062992125985 47.338582677165356 14.173228346456693 concré-

108.28346456692914 254.83464566929135 45.07086614173228 11.905511811023622 tisme
138.33070866141733 254.83464566929135 30.04724409448819 11.905511811023622 et
153.35433070866142 254.83464566929135 30.04724409448819 11.905511811023622 le
168.3779527559055 254.83464566929135 75.11811023622047 11.905511811023622 surréalisme
228.75590551181102 254.83464566929135 90.14173228346456 11.905511811023622 d’après-guerre
303.87401574803147 254.83464566929135 50.173228346456696 11.905511811023622 firent
339.0236220472441 254.83464566929135 65.19685039370079 11.905511811023622 irruption
388.9133858267717 254.83464566929135 39.968503937007874 11.905511811023622 vers
414.1417322834646 254.83464566929135 30.04724409448819 11.905511811023622 la
429.1653543307087 254.83464566929135 35.1496062992126 11.905511811023622 fin
449.29133858267716 254.83464566929135 35.1496062992126 11.905511811023622 des
464.31496062992125 254.83464566929135 39.968503937007874 11.905511811023622 années

108.85039370078741 264.755905511811 42.803149606299215 16.724409448818896 1940
135.49606299212599 264.755905511811 42.803149606299215 16.724409448818896 dans
162.4251968503937 264.755905511811 32.031496062992126 16.724409448818896 le
178.29921259842519 264.755905511811 96.37795275590551 16.724409448818896 provincialisme
258.5196850393701 264.755905511811 37.41732283464567 16.724409448818896 qui
280.06299212598424 264.755905511811 64.06299212598425 16.724409448818896 dominait
328.251968503937 264.755905511811 48.188976377952756 16.724409448818896 l’art
360.2834645669291 264.755905511811 58.67716535433071 16.724409448818896 suédois
403.0866141732283 264.755905511811 58.67716535433071 16.724409448818896 pendant
445.8897637795276 264.755905511811 32.031496062992126 16.724409448818896 la
456.37795275590554 264.755905511811 48.188976377952756 16.724409448818896 seconde

108.56692913385827 281.76377952755905 54.14173228346457 14.740157480314961 guerre
146.5511811023622 281.76377952755905 70.58267716535433 14.740157480314961 mondiale;
200.69291338582678 281.76377952755905 43.37007874015748 14.740157480314961 mais
227.90551181102362 281.76377952755905 48.75590551181102 14.740157480314961 l’art
260.2204724409449 281.76377952755905 32.59842519685039 14.740157480314961 en
276.66141732283467 281.76377952755905 48.75590551181102 14.740157480314961 Suède
309.25984251968504 281.76377952755905 59.52755905511811 14.740157480314961 demeura
352.62992125984255 281.76377952755905 70.58267716535433 14.740157480314961 longtemps
406.7716535433071 281.76377952755905 37.98425196850393 14.740157480314961 une
422.92913385826773 281.76377952755905 81.35433070866142 14.740157480314961 préoccupation

108.0 296.503937007874 27.496062992125985 14.740157480314961 à
118.77165354330708 296.503937007874 71.71653543307086 14.740157480314961 caractère
174.04724409448818 296.503937007874 49.60629921259842 14.740157480314961 local
206.9291338582677 296.503937007874 33.16535433070866 14.740157480314961 et
223.6535433070866 296.503937007874 60.661417322834644 14.740157480314961 confiné
267.59055118110234 296.503937007874 43.93700787401575 14.740157480314961 dans
295.0866141732283 296.503937007874 38.55118110236221 14.740157480314961 les
317.1968503937008 296.503937007874 77.10236220472441 14.740157480314961 frontières
377.8582677165354 296.503937007874 93.54330708661418 14.740157480314961 géographiques
454.96062992125985 296.503937007874 33.16535433070866 14.740157480314961 du
466.01574803149606 296.503937007874 38.55118110236221 14.740157480314961 pays.

108.85039370078741 308.40944881889766 66.89763779527559 17.291338582677167 Seulement
160.44094488188978 308.40944881889766 41.10236220472441 17.291338582677167 vers
185.95275590551182 308.40944881889766 30.89763779527559 17.291338582677167 la
201.54330708661416 308.40944881889766 36.0 17.291338582677167 fin
222.23622047244095 308.40944881889766 36.0 17.291338582677167 des
242.64566929133858 308.40944881889766 51.59055118110236 17.291338582677167 années
278.6456692913386 308.40944881889766 46.488188976377955 17.291338582677167 1950,
309.54330708661416 308.40944881889766 36.0 17.291338582677167 les
330.23622047244095 308.40944881889766 41.10236220472441 17.291338582677167 noms
356.0314960629921 308.40944881889766 30.89763779527559 17.291338582677167 de
371.62204724409446 308.40944881889766 46.488188976377955 17.291338582677167 Wols,
402.5196850393701 308.40944881889766 61.79527559055118 17.291338582677167 Dubuffet
448.7244094488189 308.40944881889766 30.89763779527559 17.291338582677167 et
458.92913385826773 308.40944881889766 46.488188976377955 17.291338582677167 Pollock

109.41732283464567 324.8503937007874 52.44094488188976 15.023622047244094 prirent
147.68503937007873 324.8503937007874 38.267716535433074 15.023622047244094 leur
171.49606299212599 324.8503937007874 43.08661417322835 15.023622047244094 plein
200.1259842519685 324.8503937007874 38.267716535433074 15.023622047244094 sens
223.93700787401573 324.8503937007874 47.62204724409449 15.023622047244094 auprès
257.38582677165357 324.8503937007874 28.62992125984252 15.023622047244094 de
271.84251968503935 324.8503937007874 28.62992125984252 15.023622047244094 la
286.01574803149606 324.8503937007874 43.08661417322835 15.023622047244094 jeune
314.6456692913386 324.8503937007874 71.71653543307086 15.023622047244094 génération.
371.90551181102364 324.8503937007874 81.07086614173228 15.023622047244094 Actuellement,
438.8031496062992 324.8503937007874 43.08661417322835 15.023622047244094 l’art
462.61417322834643 324.8503937007874 43.08661417322835 15.023622047244094 suédois

108.56692913385827 338.1732283464567 34.86614173228347 16.15748031496063 est
128.69291338582678 338.1732283464567 54.70866141732284 16.15748031496063 surtout
168.3779527559055 338.1732283464567 74.55118110236221 16.15748031496063 caractérisé
227.90551181102362 338.1732283464567 34.86614173228347 16.15748031496063 par
247.748031496063 338.1732283464567 29.763779527559056 16.15748031496063 la
262.48818897637796 338.1732283464567 49.60629921259842 16.15748031496063 vision
297.3543307086614 338.1732283464567 74.55118110236221 16.15748031496063 informelle,
356.88188976377955 338.1732283464567 49.60629921259842 16.15748031496063 malgré
391.46456692913387 338.1732283464567 74.55118110236221 16.15748031496063 l’existence
450.99212598425197 338.1732283464567 29.763779527559056 16.15748031496063 de
460.9133858267717 338.1732283464567 44.78740157480315 16.15748031496063 contre-

108.0 351.496062992126 60.37795275590551 14.740157480314961 courants
153.35433070866142 351.496062992126 65.48031496062993 14.740157480314961 fortement
203.81102362204723 351.496062992126 105.73228346456693 14.740157480314961 traditionalistes.
294.23622047244095 351.496062992126 30.330708661417322 14.740157480314961 Il
309.54330708661416 351.496062992126 35.1496062992126 14.740157480314961 est
329.6692913385827 351.496062992126 45.354330708661415 14.740157480314961 assez
359.7165354330709 351.496062992126 80.50393700787401 14.740157480314961 significatif
425.1968503937008 351.496062992126 30.330708661417322 14.740157480314961 de
440.2204724409449 351.496062992126 30.330708661417322 14.740157480314961 la
450.4251968503937 351.496062992126 55.275590551181104 14.740157480314961 situation

107.71653543307086 367.0866141732283 63.77952755905512 13.606299212598426 actuelle
155.6220472440945 367.0866141732283 32.031496062992126 13.606299212598426 de
171.49606299212599 367.0866141732283 47.90551181102362 13.606299212598426 l’art
203.5275590551181 367.0866141732283 58.39370078740158 13.606299212598426 moderne
246.04724409448818 367.0866141732283 32.031496062992126 13.606299212598426 en
261.9212598425197 367.0866141732283 47.90551181102362 13.606299212598426 Suède
293.9527559055118 367.0866141732283 37.13385826771653 13.606299212598426 que
315.21259842519686 367.0866141732283 37.13385826771653 13.606299212598426 les
336.4724409448819 367.0866141732283 42.51968503937008 13.606299212598426 cinq
363.11811023622045 367.0866141732283 63.77952755905512 13.606299212598426 artistes
410.74015748031496 367.0866141732283 85.03937007874016 13.606299212598426 sélectionnés
474.5196850393701 367.0866141732283 32.031496062992126 13.606299212598426 pour

108.0 380.6929133858268 32.31496062992126 18.141732283464567 la
124.15748031496064 380.6929133858268 64.62992125984252 18.141732283464567 Deuxième
172.62992125984252 380.6929133858268 64.62992125984252 18.141732283464567 Biennale
221.10236220472441 380.6929133858268 37.7007874015748 18.141732283464567 des
242.64566929133858 380.6929133858268 53.85826771653543 18.141732283464567 Jeunes
280.34645669291336 380.6929133858268 26.929133858267715 18.141732283464567 à
291.11811023622045 380.6929133858268 48.47244094488189 18.141732283464567 Paris
323.1496062992126 380.6929133858268 32.31496062992126 18.141732283464567 et
339.3070866141732 380.6929133858268 37.7007874015748 18.141732283464567 qui
360.8503937007874 380.6929133858268 86.1732283464567 18.141732283464567 représentent
430.86614173228344 380.6929133858268 43.08661417322835 18.141732283464567 tous
457.79527559055117 380.6929133858268 37.7007874015748 18.141732283464567 des
473.9527559055118 380.6929133858268 32.31496062992126 18.141732283464567 ten-

108.28346456692914 396.2834645669291 51.59055118110236 13.32283464566929 dances
144.28346456692913 396.2834645669291 82.77165354330708 13.32283464566929 différentes,
211.748031496063 396.2834645669291 46.488188976377955 13.32283464566929 aient
242.64566929133858 396.2834645669291 67.18110236220473 13.32283464566929 acheminé,
294.23622047244095 396.2834645669291 41.38582677165354 13.32283464566929 pour
320.0314960629921 396.2834645669291 56.976377952755904 13.32283464566929 arriver
361.4173228346457 396.2834645669291 25.79527559055118 13.32283464566929 à
371.90551181102364 396.2834645669291 46.488188976377955 13.32283464566929 leurs
402.8031496062992 396.2834645669291 51.59055118110236 13.32283464566929 formes
433.98425196850394 396.2834645669291 72.28346456692914 13.32283464566929 d’expression

107.43307086614173 413.8582677165354 73.41732283464567 14.173228346456693 actuelles,
165.25984251968504 413.8582677165354 36.8503937007874 14.173228346456693 sur
186.23622047244095 413.8582677165354 36.8503937007874 14.173228346456693 les
207.21259842519686 413.8582677165354 47.338582677165356 14.173228346456693 voies
238.6771653543307 413.8582677165354 31.46456692913386 14.173228346456693 du
254.5511811023622 413.8582677165354 83.90551181102362 14.173228346456693 concrétisme,
322.86614173228344 413.8582677165354 31.46456692913386 14.173228346456693 du
338.45669291338584 413.8582677165354 78.80314960629921 14.173228346456693 surréalisme
401.6692913385827 413.8582677165354 31.46456692913386 14.173228346456693 et
417.25984251968504 413.8582677165354 31.46456692913386 14.173228346456693 de
427.748031496063 413.8582677165354 78.80314960629921 14.173228346456693 l’abstraction

108.0 426.3307086614173 35.43307086614173 16.724409448818896 des
128.1259842519685 426.3307086614173 50.45669291338583 16.724409448818896 objets
163.55905511811022 426.3307086614173 65.76377952755905 16.724409448818896 naturels.
214.01574803149606 426.3307086614173 70.58267716535433 16.724409448818896 Cependant,
269.5748031496063 426.3307086614173 30.330708661417322 16.724409448818896 il
284.59842519685037 426.3307086614173 35.43307086614173 16.724409448818896 est
305.00787401574803 426.3307086614173 55.55905511811024 16.724409448818896 inutile
345.25984251968504 426.3307086614173 30.330708661417322 16.724409448818896 de
360.56692913385825 426.3307086614173 60.661417322834644 16.724409448818896 préciser
405.9212598425197 426.3307086614173 35.43307086614173 16.724409448818896 que
426.0472440944882 426.3307086614173 45.354330708661415 16.724409448818896 cette
451.2755905511811 426.3307086614173 55.55905511811024 16.724409448818896 sélection

108.0 438.5196850393701 62.92913385826772 16.15748031496063 n’épuise
155.33858267716536 438.5196850393701 36.8503937007874 16.15748031496063 pas
176.31496062992127 438.5196850393701 31.46456692913386 16.15748031496063 la
192.18897637795277 438.5196850393701 62.92913385826772 16.15748031496063 création
239.5275590551181 438.5196850393701 73.41732283464567 16.15748031496063 artistique
297.3543307086614 438.5196850393701 31.46456692913386 16.15748031496063 de
312.9448818897638 438.5196850393701 31.46456692913386 16.15748031496063 la
328.81889763779526 438.5196850393701 47.338582677165356 16.15748031496063 Suède
360.2834645669291 438.5196850393701 94.67716535433071 16.15748031496063 d’aujourd’hui,
439.0866141732283 438.5196850393701 41.95275590551181 16.15748031496063 mais
465.4488188976378 438.5196850393701 31.46456692913386 16.15748031496063 ne
475.93700787401576 438.5196850393701 31.46456692913386 16.15748031496063 fait

108.0 452.40944881889766 48.75590551181102 18.141732283464567 qu’en
140.5984251968504 452.40944881889766 70.58267716535433 18.141732283464567 illustrer
194.74015748031496 452.40944881889766 64.91338582677166 18.141732283464567 quelques
243.49606299212599 452.40944881889766 70.58267716535433 18.141732283464567 tendances
292.251968503937 452.40944881889766 92.1259842519685 18.141732283464567 prépondérantes.

116.22047244094489 467.43307086614175 61.511811023622045 15.307086614173228 Torsten
161.00787401574803 467.43307086614175 72.56692913385827 15.307086614173228 Andersson
216.8503937007874 467.43307086614175 39.118110236220474 15.307086614173228 fut
239.24409448818898 467.43307086614175 61.511811023622045 15.307086614173228 d’abord
284.0314960629921 467.43307086614175 61.511811023622045 15.307086614173228 inspiré
328.81889763779526 467.43307086614175 39.118110236220474 15.307086614173228 par
351.21259842519686 467.43307086614175 33.44881889763779 15.307086614173228 le
367.93700787401576 467.43307086614175 106.2992125984252 15.307086614173228 constructivisme
451.84251968503935 467.43307086614175 55.84251968503937 15.307086614173228 français

107.71653543307086 482.1732283464567 33.16535433070866 12.755905511811024 et
124.44094488188976 482.1732283464567 60.94488188976378 12.755905511811024 ensuite
168.9448818897638 482.1732283464567 38.83464566929134 12.755905511811024 par
191.0551181102362 482.1732283464567 33.16535433070866 12.755905511811024 le
207.7795275590551 482.1732283464567 105.44881889763779 12.755905511811024 constructivisme
296.503937007874 482.1732283464567 33.16535433070866 12.755905511811024 de
313.2283464566929 482.1732283464567 55.55905511811024 12.755905511811024 Paris,
352.06299212598424 482.1732283464567 72.28346456692914 12.755905511811024 notamment
407.62204724409446 482.1732283464567 38.83464566929134 12.755905511811024 par
429.73228346456693 482.1732283464567 66.61417322834646 12.755905511811024 Dewasne.
474.23622047244095 482.1732283464567 33.16535433070866 12.755905511811024 Vers

108.28346456692914 494.92913385826773 29.480314960629922 15.590551181102363 la
123.02362204724409 494.92913385826773 34.58267716535433 15.590551181102363 fin
142.58267716535434 494.92913385826773 34.58267716535433 15.590551181102363 des
162.4251968503937 494.92913385826773 49.32283464566929 15.590551181102363 années
197.00787401574803 494.92913385826773 44.503937007874015 15.590551181102363 1950,
226.48818897637796 494.92913385826773 34.58267716535433 15.590551181102363 les
246.33070866141733 494.92913385826773 49.32283464566929 15.590551181102363 formes
280.9133858267717 494.92913385826773 54.425196850393704 15.590551181102363 solides
320.31496062992125 494.92913385826773 29.480314960629922 15.590551181102363 de
335.33858267716533 494.92913385826773 34.58267716535433 15.590551181102363 son
354.8976377952756 494.92913385826773 34.58267716535433 15.590551181102363 art
374.74015748031496 494.92913385826773 83.90551181102362 15.590551181102363 s’atomisèrent
443.90551181102364 494.92913385826773 29.480314960629922 15.590551181102363 et
458.6456692913386 494.92913385826773 34.58267716535433 15.590551181102363 son
473.38582677165357 494.92913385826773 34.58267716535433 15.590551181102363 style

108.56692913385827 512.503937007874 40.53543307086614 16.724409448818896 prit
134.07874015748033 512.503937007874 35.43307086614173 16.724409448818896 une
154.20472440944883 512.503937007874 50.74015748031496 16.724409448818896 allure
189.63779527559055 512.503937007874 40.53543307086614 16.724409448818896 plus
215.1496062992126 512.503937007874 71.14960629921259 16.724409448818896 expressive
270.99212598425197 512.503937007874 30.330708661417322 16.724409448818896 et
286.01574803149606 512.503937007874 55.84251968503937 16.724409448818896 dominée
326.8346456692913 512.503937007874 35.43307086614173 16.724409448818896 par
346.96062992125985 512.503937007874 30.330708661417322 16.724409448818896 la
357.1653543307087 512.503937007874 50.74015748031496 16.724409448818896 matière.

117.63779527559055 523.2755905511812 50.74015748031496 19.275590551181104 Oyvind
153.0708661417323 523.2755905511812 70.86614173228347 19.275590551181104 Fahlstrôm,
208.91338582677164 523.2755905511812 91.2755905511811 19.275590551181104 originellement
284.88188976377955 523.2755905511812 75.96850393700787 19.275590551181104 journaliste
345.8267716535433 523.2755905511812 30.330708661417322 19.275590551181104 et
360.8503937007874 523.2755905511812 50.74015748031496 19.275590551181104 poète,
396.56692913385825 523.2755905511812 25.228346456692915 19.275590551181104 a
406.48818897637796 523.2755905511812 30.330708661417322 19.275590551181104 de
421.79527559055117 523.2755905511812 55.84251968503937 19.275590551181104 solides
457.2283464566929 523.2755905511812 50.74015748031496 19.275590551181104 rapports

108.85039370078741 537.1653543307086 39.40157480314961 20.409448818897637 avec
133.51181102362204 537.1653543307086 44.503937007874015 20.409448818897637 l’art
162.99212598425197 537.1653543307086 88.7244094488189 20.409448818897637 international,
236.9763779527559 537.1653543307086 64.06299212598425 20.409448818897637 notamment
286.2992125984252 537.1653543307086 44.503937007874015 20.409448818897637 grâce
315.7795275590551 537.1653543307086 24.661417322834644 20.409448818897637 à
325.7007874015748 537.1653543307086 24.661417322834644 20.409448818897637 «
335.62204724409446 537.1653543307086 49.32283464566929 20.409448818897637 Phases
370.20472440944883 537.1653543307086 24.661417322834644 20.409448818897637 »
380.12598425196853 537.1653543307086 34.58267716535433 20.409448818897637 par
399.68503937007875 537.1653543307086 49.32283464566929 20.409448818897637 lequel
434.26771653543307 537.1653543307086 29.480314960629922 20.409448818897637 il
449.00787401574803 537.1653543307086 24.661417322834644 20.409448818897637 a
454.1102362204724 537.1653543307086 54.14173228346457 20.409448818897637 participé

108.28346456692914 553.0393700787401 26.362204724409448 22.393700787401574 à
119.05511811023622 553.0393700787401 31.748031496062993 22.393700787401574 de
134.64566929133858 553.0393700787401 73.7007874015748 22.393700787401574 nombreuses
192.75590551181102 553.0393700787401 84.18897637795276 22.393700787401574 expositions,
261.07086614173227 553.0393700787401 42.23622047244095 22.393700787401574 dans
287.43307086614175 553.0393700787401 31.748031496062993 22.393700787401574 le
303.3070866141732 553.0393700787401 47.338582677165356 22.393700787401574 monde
335.0551181102362 553.0393700787401 57.826771653543304 22.393700787401574 entier.
377.00787401574803 553.0393700787401 68.5984251968504 22.393700787401574 Fahistrôm
429.73228346456693 553.0393700787401 36.8503937007874 22.393700787401574 est
450.99212598425197 553.0393700787401 31.748031496062993 22.393700787401574 un
461.4803149606299 553.0393700787401 47.338582677165356 22.393700787401574 peintre
