535.4645669291339 625.6062992125984
331.0866141732283 -1.7007874015748032 118.77165354330708 17.5748031496063 MANIFESTATIONS
427.18110236220474 -1.7007874015748032 73.41732283464567 17.5748031496063 ANNEXES

86.74015748031496 28.062992125984252 87.59055118110236 24.094488188976378 AUTOUR
154.20472440944883 28.062992125984252 47.338582677165356 24.094488188976378 DES
181.13385826771653 28.062992125984252 74.26771653543307 24.094488188976378 TRAVAUX
235.2755905511811 28.062992125984252 81.07086614173228 24.094488188976378 D’ÉQUIPE
295.93700787401576 28.062992125984252 40.53543307086614 24.094488188976378 DE
316.06299212598424 28.062992125984252 40.53543307086614 24.094488188976378 LA
329.6692913385827 28.062992125984252 94.39370078740157 24.094488188976378 BIENNALE

94.39370078740157 45.92125984251968 73.98425196850394 22.677165354330707 l’Atelier
151.37007874015748 45.92125984251968 108.28346456692914 22.677165354330707 d’Henri-Georges
242.36220472440945 45.92125984251968 45.63779527559055 22.677165354330707 Adam
270.99212598425197 45.92125984251968 28.346456692913385 22.677165354330707 à
282.3307086614173 45.92125984251968 62.645669291338585 22.677165354330707 l’Ecole
327.9685039370079 45.92125984251968 39.968503937007874 22.677165354330707 des
344.9763779527559 45.92125984251968 73.98425196850394 22.677165354330707 Beaux

65.48031496062993 73.7007874015748 50.173228346456696 20.409448818897637 Trois
98.92913385826772 73.7007874015748 66.61417322834646 20.409448818897637 équipes,
149.10236220472441 73.7007874015748 72.28346456692914 20.409448818897637 composées
204.66141732283464 73.7007874015748 77.95275590551181 20.409448818897637 d’artistes
265.8897637795276 73.7007874015748 33.44881889763779 20.409448818897637 de
282.3307086614173 73.7007874015748 61.22834645669291 20.409448818897637 l’Ecole
326.8346456692913 73.7007874015748 38.83464566929134 20.409448818897637 des
349.2283464566929 73.7007874015748 83.33858267716535 20.409448818897637 Beaux-Arts,
415.84251968503935 73.7007874015748 44.503937007874015 20.409448818897637 sous
438.23622047244095 73.7007874015748 22.11023622047244 20.409448818897637 la

57.54330708661417 85.88976377952756 69.73228346456693 17.291338582677167 direction
111.4015748031496 85.88976377952756 32.31496062992126 17.291338582677167 de
127.55905511811024 85.88976377952756 43.08661417322835 17.291338582677167 leur
154.20472440944883 85.88976377952756 75.11811023622047 17.291338582677167 professeur
213.4488188976378 85.88976377952756 91.2755905511811 17.291338582677167 Henri-Georges
288.56692913385825 85.88976377952756 48.47244094488189 17.291338582677167 Adam,
320.88188976377955 85.88976377952756 37.7007874015748 17.291338582677167 ont
342.4251968503937 85.88976377952756 59.24409448818898 17.291338582677167 réalisé
385.51181102362204 85.88976377952756 26.929133858267715 17.291338582677167 à
396.0 85.88976377952756 32.31496062992126 17.291338582677167 la
406.7716535433071 85.88976377952756 53.85826771653543 17.291338582677167 Biennale

56.976377952755904 97.22834645669292 34.58267716535433 18.141732283464567 de
74.26771653543307 97.22834645669292 51.874015748031496 18.141732283464567 Paris
108.85039370078741 97.22834645669292 51.874015748031496 18.141732283464567 trois
143.43307086614172 97.22834645669292 74.83464566929133 18.141732283464567 ensembles
200.9763779527559 97.22834645669292 74.83464566929133 18.141732283464567 répondant
258.5196850393701 97.22834645669292 34.58267716535433 18.141732283464567 au
275.81102362204723 97.22834645669292 74.83464566929133 18.141732283464567 programme
333.6377952755906 97.22834645669292 34.58267716535433 18.141732283464567 de
350.92913385826773 97.22834645669292 69.16535433070867 18.141732283464567 synthèse
402.8031496062992 97.22834645669292 40.25196850393701 18.141732283464567 des
420.09448818897636 97.22834645669292 40.25196850393701 18.141732283464567 arts,

57.826771653543304 106.01574803149606 30.330708661417322 18.141732283464567 et
73.13385826771653 106.01574803149606 65.48031496062993 18.141732283464567 présentés
123.30708661417323 106.01574803149606 40.25196850393701 18.141732283464567 sous
148.53543307086613 106.01574803149606 30.330708661417322 18.141732283464567 le
163.55905511811022 106.01574803149606 45.354330708661415 18.141732283464567 titre
193.88976377952756 106.01574803149606 35.1496062992126 18.141732283464567 des
214.01574803149606 106.01574803149606 55.275590551181104 18.141732283464567 Travaux
254.26771653543307 106.01574803149606 65.48031496062993 18.141732283464567 d’équipes
304.4409448818898 106.01574803149606 30.330708661417322 18.141732283464567 de
319.748031496063 106.01574803149606 30.330708661417322 18.141732283464567 la
334.7716535433071 106.01574803149606 85.60629921259843 18.141732283464567 participation
400.251968503937 106.01574803149606 60.37795275590551 18.141732283464567 française.

57.826771653543304 115.08661417322834 35.43307086614173 19.84251968503937 Ces
77.95275590551181 115.08661417322834 45.354330708661415 19.84251968503937 trois
108.28346456692914 115.08661417322834 80.78740157480316 19.84251968503937 réalisations
174.04724409448818 115.08661417322834 35.43307086614173 19.84251968503937 ont
194.17322834645668 115.08661417322834 40.25196850393701 19.84251968503937 fait
219.4015748031496 115.08661417322834 55.55905511811024 19.84251968503937 l’objet
259.65354330708664 115.08661417322834 30.330708661417322 19.84251968503937 de
274.6771653543307 115.08661417322834 60.661417322834644 19.84251968503937 nombreux
320.31496062992125 115.08661417322834 55.55905511811024 19.84251968503937 projets
360.56692913385825 115.08661417322834 30.330708661417322 19.84251968503937 et
375.59055118110234 115.08661417322834 65.48031496062993 19.84251968503937 maquettes
421.2283464566929 115.08661417322834 40.25196850393701 19.84251968503937 prépa-

58.39370078740158 126.14173228346456 68.88188976377953 19.84251968503937 ratoires,
111.4015748031496 126.14173228346456 47.62204724409449 19.84251968503937 qu’il
143.43307086614172 126.14173228346456 42.51968503937008 19.84251968503937 nous
169.79527559055117 126.14173228346456 26.64566929133858 19.84251968503937 a
180.56692913385828 126.14173228346456 53.00787401574803 19.84251968503937 semblé
217.41732283464566 126.14173228346456 47.62204724409449 19.84251968503937 utile
249.4488188976378 126.14173228346456 31.748031496062993 19.84251968503937 de
265.3228346456693 126.14173228346456 58.39370078740158 19.84251968503937 montrer
307.84251968503935 126.14173228346456 31.748031496062993 19.84251968503937 au
323.7165354330709 126.14173228346456 58.39370078740158 19.84251968503937 public,
365.9527559055118 126.14173228346456 90.14173228346456 19.84251968503937 parallèlement
434.8346456692913 126.14173228346456 26.64566929133858 19.84251968503937 aux

57.826771653543304 139.748031496063 66.61417322834646 15.874015748031496 créations
109.13385826771653 139.748031496063 77.10236220472441 15.874015748031496 définitives
170.64566929133858 139.748031496063 30.89763779527559 15.874015748031496 de
186.23622047244095 139.748031496063 30.89763779527559 15.874015748031496 la
196.44094488188978 139.748031496063 56.40944881889764 15.874015748031496 Biennale.

174.04724409448818 155.90551181102362 77.66929133858268 17.291338582677167 GALERIE
230.45669291338584 155.90551181102362 70.58267716535433 17.291338582677167 SIMONE
272.6929133858268 155.90551181102362 70.58267716535433 17.291338582677167 BADINIER

137.76377952755905 169.22834645669292 38.83464566929134 16.15748031496063 15,
160.15748031496062 169.22834645669292 38.83464566929134 16.15748031496063 rue
182.26771653543307 169.22834645669292 77.66929133858268 16.15748031496063 Guénégaud,
243.21259842519686 169.22834645669292 49.889763779527556 16.15748031496063 Paris
276.37795275590554 169.22834645669292 44.22047244094488 16.15748031496063 (6e)
304.15748031496065 169.22834645669292 27.77952755905512 16.15748031496063 —
315.21259842519686 169.22834645669292 44.22047244094488 16.15748031496063 MED.
337.6062992125984 169.22834645669292 44.22047244094488 16.15748031496063 04

171.49606299212599 187.93700787401573 76.81889763779527 17.858267716535433 Exposition
231.59055118110237 187.93700787401573 32.881889763779526 17.858267716535433 du
248.03149606299212 187.93700787401573 27.496062992125985 17.858267716535433 6
259.0866141732283 187.93700787401573 32.881889763779526 17.858267716535433 au
275.5275590551181 187.93700787401573 32.881889763779526 17.858267716535433 24
291.9685039370079 187.93700787401573 60.37795275590551 17.858267716535433 octobre
330.5196850393701 187.93700787401573 38.267716535433074 17.858267716535433 1961.

132.9448818897638 198.99212598425197 77.10236220472441 19.559055118110237 Vernissage
193.3228346456693 198.99212598425197 33.16535433070866 19.559055118110237 le
210.04724409448818 198.99212598425197 66.04724409448819 19.559055118110237 vendredi
259.37007874015745 198.99212598425197 27.496062992125985 19.559055118110237 6
270.4251968503937 198.99212598425197 66.04724409448819 19.559055118110237 octobre,
320.0314960629921 198.99212598425197 33.16535433070866 19.559055118110237 de
336.4724409448819 198.99212598425197 33.16535433070866 19.559055118110237 18
353.1968503937008 198.99212598425197 54.99212598425197 19.559055118110237 heures
391.46456692913387 198.99212598425197 27.496062992125985 19.559055118110237 à
402.5196850393701 198.99212598425197 33.16535433070866 19.559055118110237 22
413.5748031496063 198.99212598425197 49.60629921259842 19.559055118110237 heures.

165.54330708661416 215.1496062992126 45.63779527559055 11.905511811023622 Tous
194.17322834645668 215.1496062992126 39.968503937007874 11.905511811023622 les
216.8503937007874 215.1496062992126 57.25984251968504 11.905511811023622 jours,
257.1023622047244 215.1496062992126 45.63779527559055 11.905511811023622 sauf
285.73228346456693 215.1496062992126 34.2992125984252 11.905511811023622 le
297.07086614173227 215.1496062992126 62.92913385826772 11.905511811023622 dimanche,

124.44094488188976 221.10236220472441 32.881889763779526 23.811023622047244 de
140.88188976377953 221.10236220472441 32.881889763779526 23.811023622047244 10
157.3228346456693 221.10236220472441 54.99212598425197 23.811023622047244 heures
195.8740157480315 221.10236220472441 27.496062992125985 23.811023622047244 à
206.64566929133858 221.10236220472441 32.881889763779526 23.811023622047244 12
223.37007874015748 221.10236220472441 54.99212598425197 23.811023622047244 heures
261.6377952755906 221.10236220472441 32.881889763779526 23.811023622047244 et
278.0787401574803 221.10236220472441 32.881889763779526 23.811023622047244 de
294.8031496062992 221.10236220472441 32.881889763779526 23.811023622047244 14
311.244094488189 221.10236220472441 27.496062992125985 23.811023622047244 h
322.2992125984252 221.10236220472441 32.881889763779526 23.811023622047244 30
338.74015748031496 221.10236220472441 27.496062992125985 23.811023622047244 à
349.79527559055117 221.10236220472441 32.881889763779526 23.811023622047244 18
366.23622047244095 221.10236220472441 27.496062992125985 23.811023622047244 h
371.62204724409446 221.10236220472441 27.496062992125985 23.811023622047244 30.

186.23622047244095 320.31496062992125 146.83464566929135 19.559055118110237 TOULOUSE

190.77165354330708 335.33858267716533 79.37007874015748 25.79527559055118 DESSINS
248.31496062992127 335.33858267716533 43.37007874015748 25.79527559055118 DE
262.7716535433071 335.33858267716533 72.28346456692914 25.79527559055118 JEUNESSE

70.58267716535433 359.1496062992126 92.40944881889764 20.409448818897637 Parallèlement
146.5511811023622 359.1496062992126 27.212598425196852 20.409448818897637 à
157.3228346456693 359.1496062992126 32.59842519685039 20.409448818897637 la
173.76377952755905 359.1496062992126 65.19685039370079 20.409448818897637 Biennale
222.51968503937007 359.1496062992126 32.59842519685039 20.409448818897637 de
238.96062992125985 359.1496062992126 54.425196850393704 20.409448818897637 Paris,
276.9448818897638 359.1496062992126 37.98425196850393 20.409448818897637 qui
298.48818897637796 359.1496062992126 43.37007874015748 20.409448818897637 tend
325.7007874015748 359.1496062992126 27.212598425196852 20.409448818897637 à
336.4724409448819 359.1496062992126 59.811023622047244 20.409448818897637 montrer
380.12598425196853 359.1496062992126 48.75590551181102 20.409448818897637 qu’un
412.4409448818898 359.1496062992126 59.811023622047244 20.409448818897637 artiste
450.70866141732284 359.1496062992126 16.15748031496063 20.409448818897637 à

62.07874015748032 370.48818897637796 77.95275590551181 21.25984251968504 trente-cinq
124.44094488188976 370.48818897637796 36.28346456692913 21.25984251968504 ans
145.13385826771653 370.48818897637796 41.669291338582674 21.25984251968504 doit
171.21259842519686 370.48818897637796 46.77165354330709 21.25984251968504 avoir
202.39370078740157 370.48818897637796 41.669291338582674 21.25984251968504 déjà
228.18897637795277 370.48818897637796 41.669291338582674 21.25984251968504 posé
254.26771653543307 370.48818897637796 36.28346456692913 21.25984251968504 les
275.244094488189 370.48818897637796 46.77165354330709 21.25984251968504 bases
306.4251968503937 370.48818897637796 31.181102362204726 21.25984251968504 de
322.01574803149606 370.48818897637796 36.28346456692913 21.25984251968504 son
342.70866141732284 370.48818897637796 51.874015748031496 21.25984251968504 œuvre,
378.99212598425197 370.48818897637796 31.181102362204726 21.25984251968504 le
389.4803149606299 370.48818897637796 77.95275590551181 21.25984251968504 Bateau

61.511811023622045 382.1102362204724 58.67716535433071 18.992125984251967 expose
102.61417322834646 382.1102362204724 41.10236220472441 18.992125984251967 des
126.14173228346456 382.1102362204724 64.62992125984252 18.992125984251967 dessins
173.1968503937008 382.1102362204724 64.62992125984252 18.992125984251967 d’Henri
220.251968503937 382.1102362204724 35.1496062992126 18.992125984251967 de
237.82677165354332 382.1102362204724 123.30708661417323 18.992125984251967 Toulouse-Lautrec.
343.84251968503935 382.1102362204724 41.10236220472441 18.992125984251967 Nul
367.37007874015745 382.1102362204724 53.00787401574803 18.992125984251967 autre
402.5196850393701 382.1102362204724 64.62992125984252 18.992125984251967 exemple
443.62204724409446 382.1102362204724 23.52755905511811 18.992125984251967 ne

62.92913385826772 391.18110236220474 57.25984251968504 22.677165354330707 pouvait
104.31496062992126 391.18110236220474 41.669291338582674 22.677165354330707 être
130.39370078740157 391.18110236220474 46.77165354330709 22.677165354330707 mieux
161.5748031496063 391.18110236220474 57.25984251968504 22.677165354330707 choisi,
202.96062992125985 391.18110236220474 57.25984251968504 22.677165354330707 puisque
244.62992125984252 391.18110236220474 36.28346456692913 22.677165354330707 cet
265.3228346456693 391.18110236220474 57.25984251968504 22.677165354330707 artiste
306.99212598425197 391.18110236220474 36.28346456692913 22.677165354330707 est
327.68503937007875 391.18110236220474 41.669291338582674 22.677165354330707 mort
353.76377952755905 391.18110236220474 46.77165354330709 22.677165354330707 avant
384.9448818897638 391.18110236220474 57.25984251968504 22.677165354330707 d’avoir
421.2283464566929 391.18110236220474 46.77165354330709 22.677165354330707 atteint

62.07874015748032 405.07086614173227 79.93700787401575 18.708661417322833 trente-sept
126.14173228346456 405.07086614173227 42.51968503937008 18.708661417322833 ans,
152.78740157480314 405.07086614173227 32.031496062992126 18.708661417322833 et
168.66141732283464 405.07086614173227 37.41732283464567 18.708661417322833 que
189.92125984251967 405.07086614173227 63.77952755905512 18.708661417322833 l’apogée
237.82677165354332 405.07086614173227 32.031496062992126 18.708661417322833 de
253.98425196850394 405.07086614173227 37.41732283464567 18.708661417322833 son
275.244094488189 405.07086614173227 53.29133858267716 18.708661417322833 talent
312.37795275590554 405.07086614173227 32.031496062992126 18.708661417322833 se
328.53543307086613 405.07086614173227 47.90551181102362 18.708661417322833 situe
360.2834645669291 405.07086614173227 47.90551181102362 18.708661417322833 entre
392.31496062992125 405.07086614173227 42.51968503937008 18.708661417322833 1892
418.96062992125985 405.07086614173227 32.031496062992126 18.708661417322833 et
429.4488188976378 405.07086614173227 37.41732283464567 18.708661417322833 1898,

62.92913385826772 413.00787401574803 45.07086614173228 22.96062992125984 alors
92.97637795275591 413.00787401574803 45.07086614173228 22.96062992125984 qu’il
123.02362204724409 413.00787401574803 45.07086614173228 22.96062992125984 était
153.0708661417323 413.00787401574803 34.86614173228347 22.96062992125984 âgé
172.91338582677164 413.00787401574803 30.04724409448819 22.96062992125984 de
187.93700787401573 413.00787401574803 70.01574803149606 22.96062992125984 vingt-huit
242.9291338582677 413.00787401574803 24.944881889763778 22.96062992125984 à
252.8503937007874 413.00787401574803 85.03937007874016 22.96062992125984 trente-quatre
322.86614173228344 413.00787401574803 39.968503937007874 22.96062992125984 ans.
347.81102362204723 413.00787401574803 45.07086614173228 22.96062992125984 Cette
377.8582677165354 413.00787401574803 70.01574803149606 22.96062992125984 exposition
427.748031496063 413.00787401574803 39.968503937007874 22.96062992125984 montre

63.77952755905512 424.9133858267717 35.43307086614173 19.559055118110237 une
84.18897637795276 424.9133858267717 45.63779527559055 19.559055118110237 série
114.51968503937007 424.9133858267717 30.330708661417322 19.559055118110237 de
129.54330708661416 424.9133858267717 55.55905511811024 19.559055118110237 dessins
170.07874015748033 424.9133858267717 60.661417322834644 19.559055118110237 exécutés
215.43307086614172 424.9133858267717 40.53543307086614 19.559055118110237 pour
240.66141732283464 424.9133858267717 30.330708661417322 19.559055118110237 la
255.96850393700788 424.9133858267717 60.661417322834644 19.559055118110237 plupart,
301.3228346456693 424.9133858267717 45.63779527559055 19.559055118110237 alors
331.65354330708664 424.9133858267717 35.43307086614173 19.559055118110237 que
352.06299212598424 424.9133858267717 55.55905511811024 19.559055118110237 Lautrec
392.31496062992125 424.9133858267717 45.63779527559055 19.559055118110237 avait
417.8267716535433 424.9133858267717 50.45669291338583 19.559055118110237 dix

63.77952755905512 433.7007874015748 36.28346456692913 23.811023622047244 ans
84.4724409448819 433.7007874015748 31.181102362204726 23.811023622047244 et
100.06299212598425 433.7007874015748 46.488188976377955 23.811023622047244 qu’il
130.96062992125985 433.7007874015748 62.07874015748032 23.811023622047244 croquait
177.4488188976378 433.7007874015748 93.25984251968504 23.811023622047244 inlassablement
255.11811023622047 433.7007874015748 41.38582677165354 23.811023622047244 tout
281.1968503937008 433.7007874015748 31.181102362204726 23.811023622047244 ce
296.503937007874 433.7007874015748 46.488188976377955 23.811023622047244 qu’il
327.68503937007875 433.7007874015748 56.976377952755904 23.811023622047244 voyait,
369.07086614173227 433.7007874015748 62.07874015748032 23.811023622047244 sentait,
410.45669291338584 433.7007874015748 56.976377952755904 23.811023622047244 devinait,

63.77952755905512 445.3228346456693 82.20472440944881 20.69291338582677 recherchant
129.25984251968504 445.3228346456693 60.09448818897638 20.69291338582677 surtout
173.1968503937008 445.3228346456693 32.881889763779526 20.69291338582677 le
189.63779527559055 445.3228346456693 76.53543307086615 20.69291338582677 mouvement.
249.73228346456693 445.3228346456693 43.653543307086615 20.69291338582677 Dans
276.9448818897638 445.3228346456693 32.881889763779526 20.69291338582677 le
293.38582677165357 445.3228346456693 60.09448818897638 20.69291338582677 moindre
337.3228346456693 445.3228346456693 32.881889763779526 20.69291338582677 de
353.76377952755905 445.3228346456693 38.267716535433074 20.69291338582677 ces
375.59055118110234 445.3228346456693 60.09448818897638 20.69291338582677 croquis
419.244094488189 445.3228346456693 32.881889763779526 20.69291338582677 le
430.2992125984252 445.3228346456693 38.267716535433074 20.69291338582677 trait

64.62992125984252 459.21259842519686 34.58267716535433 19.559055118110237 est
84.18897637795276 459.21259842519686 34.58267716535433 19.559055118110237 son
104.03149606299213 459.21259842519686 44.503937007874015 19.559055118110237 trait
133.79527559055117 459.21259842519686 44.503937007874015 19.559055118110237 qu’il
163.2755905511811 459.21259842519686 54.425196850393704 19.559055118110237 gardera
202.6771653543307 459.21259842519686 64.34645669291339 19.559055118110237 toujours,
252.28346456692913 459.21259842519686 49.32283464566929 19.559055118110237 direct
286.86614173228344 459.21259842519686 29.763779527559056 19.559055118110237 et
296.503937007874 459.21259842519686 29.763779527559056 19.559055118110237 pur.

202.39370078740157 479.33858267716533 44.78740157480315 20.409448818897637 LE
217.13385826771653 479.33858267716533 111.68503937007874 20.409448818897637 BATEAU

180.8503937007874 488.9763779527559 37.41732283464567 20.69291338582677 16,
202.39370078740157 488.9763779527559 37.41732283464567 20.69291338582677 rue
223.6535433070866 488.9763779527559 32.031496062992126 20.69291338582677 de
239.81102362204723 488.9763779527559 53.574803149606296 20.69291338582677 Seine,
277.2283464566929 488.9763779527559 48.188976377952756 20.69291338582677 Paris
309.54330708661416 488.9763779527559 42.803149606299215 20.69291338582677 (6e)
336.18897637795277 488.9763779527559 26.929133858267715 20.69291338582677 —
346.96062992125985 488.9763779527559 42.803149606299215 20.69291338582677 ODE.
368.503937007874 488.9763779527559 42.803149606299215 20.69291338582677 96

168.09448818897638 512.2204724409448 77.10236220472441 20.976377952755904 Exposition
228.4724409448819 512.2204724409448 32.881889763779526 20.976377952755904 du
244.91338582677164 512.2204724409448 27.496062992125985 20.976377952755904 3
255.96850393700788 512.2204724409448 32.881889763779526 20.976377952755904 au
272.40944881889766 512.2204724409448 32.881889763779526 20.976377952755904 31
288.8503937007874 512.2204724409448 60.37795275590551 20.976377952755904 octobre
327.40157480314963 512.2204724409448 38.55118110236221 20.976377952755904 1961.

133.51181102362204 525.5433070866142 83.33858267716535 16.15748031496063 Vernissage,
200.40944881889763 525.5433070866142 49.889763779527556 16.15748031496063 mardi
233.5748031496063 525.5433070866142 27.77952755905512 16.15748031496063 3
244.62992125984252 525.5433070866142 66.61417322834646 16.15748031496063 octobre,
294.8031496062992 525.5433070866142 33.44881889763779 16.15748031496063 de
311.244094488189 525.5433070866142 33.44881889763779 16.15748031496063 17
327.9685039370079 525.5433070866142 27.77952755905512 16.15748031496063 à
339.0236220472441 525.5433070866142 33.44881889763779 16.15748031496063 21
350.3622047244094 525.5433070866142 49.889763779527556 16.15748031496063 heures.

125.85826771653544 534.6141732283464 43.37007874015748 19.559055118110237 Tous
153.0708661417323 534.6141732283464 37.98425196850393 19.559055118110237 les
174.61417322834646 534.6141732283464 54.425196850393704 19.559055118110237 jours,
212.5984251968504 534.6141732283464 43.37007874015748 19.559055118110237 sauf
239.81102362204723 534.6141732283464 32.59842519685039 19.559055118110237 le
256.251968503937 534.6141732283464 65.19685039370079 19.559055118110237 dimanche
305.00787401574803 534.6141732283464 32.59842519685039 19.559055118110237 et
321.1653543307087 534.6141732283464 32.59842519685039 19.559055118110237 le
337.6062992125984 534.6141732283464 48.75590551181102 19.559055118110237 lundi
364.81889763779526 534.6141732283464 43.37007874015748 19.559055118110237 matin,

133.51181102362204 551.6220472440945 33.16535433070866 14.456692913385826 de
150.23622047244095 551.6220472440945 33.16535433070866 14.456692913385826 10
166.96062992125985 551.6220472440945 27.77952755905512 14.456692913385826 h
178.01574803149606 551.6220472440945 33.16535433070866 14.456692913385826 30
194.74015748031496 551.6220472440945 27.77952755905512 14.456692913385826 à
205.79527559055117 551.6220472440945 33.16535433070866 14.456692913385826 12
222.23622047244095 551.6220472440945 27.77952755905512 14.456692913385826 h
233.29133858267716 551.6220472440945 33.16535433070866 14.456692913385826 30
250.01574803149606 551.6220472440945 33.16535433070866 14.456692913385826 et
266.74015748031496 551.6220472440945 33.16535433070866 14.456692913385826 de
283.18110236220474 551.6220472440945 33.16535433070866 14.456692913385826 14
299.90551181102364 551.6220472440945 27.77952755905512 14.456692913385826 h
310.96062992125985 551.6220472440945 33.16535433070866 14.456692913385826 30
327.68503937007875 551.6220472440945 27.77952755905512 14.456692913385826 à
338.74015748031496 551.6220472440945 33.16535433070866 14.456692913385826 19
349.79527559055117 551.6220472440945 49.889763779527556 14.456692913385826 heures.

419.244094488189 587.0551181102362 31.748031496062993 22.393700787401574 143
