519.5905511811023 622.7716535433071
417.54330708661416 -4.818897637795276 84.75590551181102 19.84251968503937 POLOGNE

51.59055118110236 25.79527559055118 62.92913385826772 27.77952755905512 acharnée
98.92913385826772 25.79527559055118 26.362204724409448 27.77952755905512 à
109.41732283464567 25.79527559055118 62.92913385826772 27.77952755905512 laquelle
156.75590551181102 25.79527559055118 36.8503937007874 27.77952755905512 les
177.73228346456693 25.79527559055118 62.92913385826772 27.77952755905512 artistes
224.78740157480314 25.79527559055118 62.92913385826772 27.77952755905512 prennent
272.12598425196853 25.79527559055118 47.338582677165356 27.77952755905512 part,
303.59055118110234 25.79527559055118 36.8503937007874 27.77952755905512 non
324.56692913385825 25.79527559055118 36.8503937007874 27.77952755905512 pas
345.54330708661416 25.79527559055118 36.8503937007874 27.77952755905512 par
366.5196850393701 25.79527559055118 36.8503937007874 27.77952755905512 des
387.496062992126 25.79527559055118 73.41732283464567 27.77952755905512 manifestes
439.93700787401576 25.79527559055118 20.976377952755904 27.77952755905512 et

52.724409448818896 41.10236220472441 37.98425196850393 20.976377952755904 des
74.55118110236221 41.10236220472441 43.653543307086615 20.976377952755904 mots
101.76377952755905 41.10236220472441 65.19685039370079 20.976377952755904 d’ordre,
150.51968503937007 41.10236220472441 43.653543307086615 20.976377952755904 mais
177.73228346456693 41.10236220472441 37.98425196850393 20.976377952755904 par
199.55905511811022 41.10236220472441 49.039370078740156 20.976377952755904 leurs
232.15748031496062 41.10236220472441 59.811023622047244 20.976377952755904 œuvres.
275.81102362204723 41.10236220472441 43.653543307086615 20.976377952755904 Bien
303.0236220472441 41.10236220472441 37.98425196850393 20.976377952755904 que
324.8503937007874 41.10236220472441 49.039370078740156 20.976377952755904 cette
357.4488188976378 41.10236220472441 76.25196850393701 20.976377952755904 exposition
411.87401574803147 41.10236220472441 49.039370078740156 20.976377952755904 reflète

53.00787401574803 55.84251968503937 36.56692913385827 19.559055118110237 une
73.7007874015748 55.84251968503937 47.05511811023622 19.559055118110237 nette
105.16535433070867 55.84251968503937 73.41732283464567 19.559055118110237 différence
162.70866141732284 55.84251968503937 47.05511811023622 19.559055118110237 entre
194.17322834645668 55.84251968503937 36.56692913385827 19.559055118110237 les
215.1496062992126 55.84251968503937 62.92913385826772 19.559055118110237 diverses
262.20472440944883 55.84251968503937 68.03149606299213 19.559055118110237 attitudes
314.6456692913386 55.84251968503937 83.62204724409449 19.559055118110237 artistiques,
382.6771653543307 55.84251968503937 31.46456692913386 19.559055118110237 on
398.26771653543307 55.84251968503937 41.95275590551181 19.559055118110237 peut
424.62992125984255 55.84251968503937 26.078740157480315 19.559055118110237 y
429.73228346456693 55.84251968503937 31.46456692913386 19.559055118110237 voir

52.44094488188976 68.31496062992126 70.86614173228347 20.976377952755904 certaines
106.86614173228347 68.31496062992126 65.48031496062993 20.976377952755904 qualités
155.90551181102362 68.31496062992126 65.48031496062993 20.976377952755904 communes
205.22834645669292 68.31496062992126 27.212598425196852 20.976377952755904 à
216.0 68.31496062992126 54.425196850393704 20.976377952755904 toutes
254.26771653543307 68.31496062992126 38.267716535433074 20.976377952755904 les
276.09448818897636 68.31496062992126 54.425196850393704 20.976377952755904 œuvres
314.0787401574803 68.31496062992126 81.92125984251969 20.976377952755904 présentées,
379.5590551181102 68.31496062992126 32.59842519685039 20.976377952755904 un
390.61417322834643 68.31496062992126 70.86614173228347 20.976377952755904 renoncement

52.15748031496063 79.37007874015748 41.95275590551181 22.677165354330707 très
78.51968503937007 79.37007874015748 52.44094488188976 22.677165354330707 poussé
115.37007874015748 79.37007874015748 26.362204724409448 22.677165354330707 à
125.85826771653544 79.37007874015748 41.95275590551181 22.677165354330707 tout
152.2204724409449 79.37007874015748 26.362204724409448 22.677165354330707 «
162.70866141732284 79.37007874015748 73.41732283464567 22.677165354330707 esthétisme
220.53543307086613 79.37007874015748 31.46456692913386 22.677165354330707 »,
236.1259842519685 79.37007874015748 36.8503937007874 22.677165354330707 une
257.1023622047244 79.37007874015748 62.92913385826772 22.677165354330707 tendance
304.4409448818898 79.37007874015748 41.95275590551181 22.677165354330707 très
330.8031496062992 79.37007874015748 57.826771653543304 22.677165354330707 visible
372.755905511811 79.37007874015748 26.362204724409448 22.677165354330707 à
383.244094488189 79.37007874015748 62.92913385826772 22.677165354330707 procéder
430.5826771653543 79.37007874015748 26.362204724409448 22.677165354330707 à
435.68503937007875 79.37007874015748 26.362204724409448 22.677165354330707 une

53.00787401574803 92.40944881889764 63.77952755905512 23.244094488188978 synthèse
100.91338582677166 92.40944881889764 32.031496062992126 23.244094488188978 de
116.78740157480316 92.40944881889764 69.16535433070867 23.244094488188978 l’élément
170.07874015748033 92.40944881889764 74.55118110236221 23.244094488188978 émotionnel
228.4724409448819 92.40944881889764 32.031496062992126 23.244094488188978 et
244.3464566929134 92.40944881889764 90.4251968503937 23.244094488188978 intellectuel.
318.8976377952756 92.40944881889764 37.13385826771653 23.244094488188978 Ces
340.15748031496065 92.40944881889764 58.39370078740158 23.244094488188978 valeurs
382.6771653543307 92.40944881889764 32.031496062992126 23.244094488188978 se
393.1653543307087 92.40944881889764 69.16535433070867 23.244094488188978 manifestent

53.00787401574803 105.16535433070867 27.212598425196852 21.543307086614174 à
63.77952755905512 105.16535433070867 54.425196850393704 21.543307086614174 divers
102.04724409448819 105.16535433070867 60.09448818897638 21.543307086614174 degrés,
145.70078740157481 105.16535433070867 49.039370078740156 21.543307086614174 elles
178.29921259842519 105.16535433070867 65.48031496062993 21.543307086614174 existent
227.6220472440945 105.16535433070867 27.212598425196852 21.543307086614174 —
238.39370078740157 105.16535433070867 81.92125984251969 21.543307086614174 semble-t-il
303.87401574803147 105.16535433070867 27.212598425196852 21.543307086614174 —
314.6456692913386 105.16535433070867 32.59842519685039 21.543307086614174 en
331.0866141732283 105.16535433070867 54.425196850393704 21.543307086614174 dehors
369.3543307086614 105.16535433070867 32.59842519685039 21.543307086614174 de
385.79527559055117 105.16535433070867 32.59842519685039 21.543307086614174 la
396.56692913385825 105.16535433070867 65.48031496062993 21.543307086614174 convention

53.29133858267716 120.4724409448819 35.1496062992126 20.976377952755904 cho
73.41732283464567 120.4724409448819 40.25196850393701 20.976377952755904 isie
98.64566929133858 120.4724409448819 30.330708661417322 20.976377952755904 ou
113.95275590551181 120.4724409448819 60.37795275590551 20.976377952755904 inventée
159.30708661417322 120.4724409448819 35.1496062992126 20.976377952755904 par
179.43307086614172 120.4724409448819 70.58267716535433 20.976377952755904 l’artiste,
234.70866141732284 120.4724409448819 30.330708661417322 20.976377952755904 en
249.73228346456693 120.4724409448819 50.45669291338583 20.976377952755904 dehors
285.1653543307087 120.4724409448819 30.330708661417322 20.976377952755904 du
300.18897637795277 120.4724409448819 65.48031496062993 20.976377952755904 stimulant
350.6456692913386 120.4724409448819 55.55905511811024 20.976377952755904 portant
390.8976377952756 120.4724409448819 25.228346456692915 20.976377952755904 à
401.1023622047244 120.4724409448819 30.330708661417322 20.976377952755904 la
411.0236220472441 120.4724409448819 50.45669291338583 20.976377952755904 création

53.574803149606296 133.51181102362204 32.31496062992126 22.11023622047244 de
69.73228346456693 133.51181102362204 64.62992125984252 22.11023622047244 l’œuvre.
118.20472440944881 133.51181102362204 32.31496062992126 22.11023622047244 Ce
134.36220472440945 133.51181102362204 37.7007874015748 22.11023622047244 qui
155.90551181102362 133.51181102362204 37.7007874015748 22.11023622047244 lie
177.4488188976378 133.51181102362204 53.85826771653543 22.11023622047244 encore
215.1496062992126 133.51181102362204 48.47244094488189 22.11023622047244 mieux
247.46456692913387 133.51181102362204 37.7007874015748 22.11023622047244 ces
269.29133858267716 133.51181102362204 53.85826771653543 22.11023622047244 jeunes
306.99212598425197 133.51181102362204 70.01574803149606 22.11023622047244 peintres,
360.8503937007874 133.51181102362204 80.78740157480316 22.11023622047244 sculpteurs,
420.09448818897636 133.51181102362204 43.08661417322835 22.11023622047244 dessi-

54.14173228346457 144.8503937007874 40.818897637795274 24.094488188976378 nate
79.65354330708661 144.8503937007874 40.818897637795274 24.094488188976378 urs,
105.16535433070867 144.8503937007874 66.33070866141732 24.094488188976378 cinéastes
156.4724409448819 144.8503937007874 30.614173228346456 24.094488188976378 et
171.7795275590551 144.8503937007874 87.02362204724409 24.094488188976378 compositeurs,
243.21259842519686 144.8503937007874 45.92125984251968 24.094488188976378 c’est
274.1102362204724 144.8503937007874 40.818897637795274 24.094488188976378 leur
299.62204724409446 144.8503937007874 61.22834645669291 24.094488188976378 vitalité
345.54330708661416 144.8503937007874 30.614173228346456 24.094488188976378 et
360.8503937007874 144.8503937007874 40.818897637795274 24.094488188976378 leur
386.3622047244094 144.8503937007874 56.125984251968504 24.094488188976378 passion
427.46456692913387 144.8503937007874 35.71653543307087 24.094488188976378 qui
442.7716535433071 144.8503937007874 20.409448818897637 24.094488188976378 ne

53.574803149606296 157.60629921259843 60.09448818897638 24.094488188976378 peuvent
97.22834645669292 157.60629921259843 81.92125984251969 24.094488188976378 s’expliquer
162.70866141732284 157.60629921259843 38.267716535433074 24.094488188976378 que
184.8188976377953 157.60629921259843 38.267716535433074 24.094488188976378 par
206.64566929133858 157.60629921259843 32.881889763779526 24.094488188976378 la
223.08661417322836 157.60629921259843 76.53543307086615 24.094488188976378 conscience
283.18110236220474 157.60629921259843 32.881889763779526 24.094488188976378 de
299.33858267716533 157.60629921259843 49.32283464566929 24.094488188976378 toute
332.2204724409449 157.60629921259843 87.59055118110236 24.094488188976378 l’importance
403.37007874015745 157.60629921259843 38.267716535433074 24.094488188976378 des
419.81102362204723 157.60629921259843 43.653543307086615 24.094488188976378 tâches

54.14173228346457 171.21259842519686 37.7007874015748 22.96062992125984 qui
75.68503937007874 171.21259842519686 43.08661417322835 22.96062992125984 leur
102.61417322834646 171.21259842519686 75.4015748031496 22.96062992125984 incombent,
161.85826771653544 171.21259842519686 37.7007874015748 22.96062992125984 par
183.4015748031496 171.21259842519686 43.08661417322835 22.96062992125984 leur
210.33070866141733 171.21259842519686 59.24409448818898 22.96062992125984 volonté
253.41732283464566 171.21259842519686 86.1732283464567 22.96062992125984 irrésistible
323.43307086614175 171.21259842519686 32.31496062992126 22.96062992125984 de
339.59055118110234 171.21259842519686 59.24409448818898 22.96062992125984 marquer
382.6771653543307 171.21259842519686 43.08661417322835 22.96062992125984 leur
404.2204724409449 171.21259842519686 59.24409448818898 22.96062992125984 présence,

54.70866141732284 186.51968503937007 44.22047244094488 20.976377952755904 leur
82.20472440944881 186.51968503937007 71.71653543307086 20.976377952755904 existence
137.48031496062993 186.51968503937007 33.16535433070866 20.976377952755904 et
153.92125984251967 186.51968503937007 33.16535433070866 20.976377952755904 la
170.64566929133858 186.51968503937007 66.33070866141732 20.976377952755904 justesse
220.251968503937 186.51968503937007 33.16535433070866 20.976377952755904 de
236.69291338582678 186.51968503937007 44.22047244094488 20.976377952755904 leur
264.4724409448819 186.51968503937007 55.275590551181104 20.976377952755904 propre
297.6377952755906 186.51968503937007 38.55118110236221 20.976377952755904 voie.

349.51181102362204 528.6614173228346 64.06299212598425 17.007874015748033 Ryszard
390.3307086614173 528.6614173228346 81.63779527559055 17.007874015748033 Stanislawski

-19.559055118110237 544.2519685039371 220.53543307086613 16.440944881889763 Historien
149.95275590551182 544.2519685039371 101.76377952755905 16.440944881889763 et
200.9763779527559 544.2519685039371 203.5275590551181 16.440944881889763 Critique
336.4724409448819 544.2519685039371 135.7795275590551 16.440944881889763 d’Art.

420.37795275590554 584.503937007874 31.748031496062993 17.858267716535433 95
