515.3385826771654 625.6062992125984
64.62992125984252 2.5511811023622046 55.55905511811024 24.094488188976378 GRÈCE

106.2992125984252 31.46456692913386 41.38582677165354 23.52755905511811 bien
132.09448818897638 31.46456692913386 72.56692913385827 23.52755905511811 renseignés
189.0708661417323 31.46456692913386 36.28346456692913 23.52755905511811 sur
209.76377952755905 31.46456692913386 36.28346456692913 23.52755905511811 les
230.45669291338584 31.46456692913386 67.18110236220473 23.52755905511811 problèmes
282.0472440944882 31.46456692913386 87.8740157480315 23.52755905511811 contemporains
354.61417322834643 31.46456692913386 31.181102362204726 23.52755905511811 et
370.20472440944883 31.46456692913386 31.181102362204726 23.52755905511811 ne
385.79527559055117 31.46456692913386 41.38582677165354 23.52755905511811 sont
411.59055118110234 31.46456692913386 46.488188976377955 23.52755905511811 point
437.38582677165357 31.46456692913386 56.976377952755904 23.52755905511811 étrangers

105.16535433070867 50.45669291338583 31.46456692913386 18.992125984251967 au
121.03937007874016 50.45669291338583 68.31496062992126 18.992125984251967 psychisme
173.76377952755905 50.45669291338583 63.21259842519685 18.992125984251967 moderne.
221.10236220472441 50.45669291338583 36.8503937007874 18.992125984251967 Ils
242.07874015748033 50.45669291338583 31.46456692913386 18.992125984251967 ne
257.9527559055118 50.45669291338583 57.826771653543304 18.992125984251967 veulent
299.90551181102364 50.45669291338583 52.724409448818896 18.992125984251967 point,
336.755905511811 50.45669291338583 73.7007874015748 18.992125984251967 cependant,
394.5826771653543 50.45669291338583 57.826771653543304 18.992125984251967 devenir
436.81889763779526 50.45669291338583 31.46456692913386 18.992125984251967 de
447.3070866141732 50.45669291338583 47.338582677165356 18.992125984251967 simples

106.01574803149606 62.92913385826772 74.83464566929133 22.11023622047244 imitateurs.
165.82677165354332 62.92913385826772 29.763779527559056 22.11023622047244 Il
180.8503937007874 62.92913385826772 29.763779527559056 22.11023622047244 ne
195.8740157480315 62.92913385826772 39.968503937007874 22.11023622047244 faut
220.8188976377953 62.92913385826772 34.86614173228347 22.11023622047244 pas
240.66141732283464 62.92913385826772 54.70866141732284 22.11023622047244 oublier
280.34645669291336 62.92913385826772 34.86614173228347 22.11023622047244 que
300.4724409448819 62.92913385826772 39.968503937007874 22.11023622047244 dans
325.4173228346457 62.92913385826772 39.968503937007874 22.11023622047244 leur
350.0787401574803 62.92913385826772 39.968503937007874 22.11023622047244 sang
375.0236220472441 62.92913385826772 49.889763779527556 22.11023622047244 survit
409.8897637795276 62.92913385826772 29.763779527559056 22.11023622047244 un
424.9133858267717 62.92913385826772 44.78740157480315 22.11023622047244 culte
449.8582677165354 62.92913385826772 44.78740157480315 22.11023622047244 antique

105.44881889763779 77.95275590551181 39.968503937007874 18.141732283464567 pour
130.39370078740157 77.95275590551181 34.86614173228347 18.141732283464567 les
150.51968503937007 77.95275590551181 54.99212598425197 18.141732283464567 formes,
190.48818897637796 77.95275590551181 30.04724409448819 18.141732283464567 le
205.22834645669292 77.95275590551181 74.83464566929133 18.141732283464567 contrepoint
265.3228346456693 77.95275590551181 30.04724409448819 18.141732283464567 de
280.06299212598424 77.95275590551181 30.04724409448819 18.141732283464567 la
295.0866141732283 77.95275590551181 79.93700787401575 18.141732283464567 composition,
360.0 77.95275590551181 30.04724409448819 18.141732283464567 la
375.0236220472441 77.95275590551181 69.73228346456693 18.141732283464567 simplicité
429.73228346456693 77.95275590551181 30.04724409448819 18.141732283464567 et
444.755905511811 77.95275590551181 30.04724409448819 18.141732283464567 la
454.6771653543307 77.95275590551181 39.968503937007874 18.141732283464567 clarté

105.16535433070867 92.97637795275591 31.181102362204726 21.826771653543307 de
120.75590551181102 92.97637795275591 88.44094488188976 21.826771653543307 l’expression.
193.60629921259843 92.97637795275591 62.36220472440945 21.826771653543307 Personne
240.3779527559055 92.97637795275591 36.56692913385827 21.826771653543307 n’a
261.3543307086614 92.97637795275591 52.15748031496063 21.826771653543307 jamais
297.6377952755906 92.97637795275591 36.56692913385827 21.826771653543307 mis
318.61417322834643 92.97637795275591 31.181102362204726 21.826771653543307 en
334.20472440944883 92.97637795275591 46.77165354330709 21.826771653543307 doute
365.38582677165357 92.97637795275591 31.181102362204726 21.826771653543307 la
380.9763779527559 92.97637795275591 46.77165354330709 21.826771653543307 vertu
412.15748031496065 92.97637795275591 36.56692913385827 21.826771653543307 qui
433.13385826771656 92.97637795275591 52.15748031496063 21.826771653543307 existe
464.31496062992125 92.97637795275591 31.181102362204726 21.826771653543307 dans

105.44881889763779 104.88188976377953 28.346456692913385 17.007874015748033 ce
119.62204724409449 104.88188976377953 42.803149606299215 17.007874015748033 vieil
143.43307086614172 104.88188976377953 52.15748031496063 17.007874015748033 héritage.

114.23622047244095 118.77165354330708 38.55118110236221 22.96062992125984 Bien
138.33070866141733 118.77165354330708 43.37007874015748 22.96062992125984 qu’il
167.24409448818898 118.77165354330708 24.094488188976378 22.96062992125984 y
176.88188976377953 118.77165354330708 33.732283464566926 22.96062992125984 ait
196.15748031496062 118.77165354330708 33.732283464566926 22.96062992125984 des
215.71653543307087 118.77165354330708 57.826771653543304 22.96062992125984 peintres
259.0866141732283 118.77165354330708 67.46456692913385 22.96062992125984 excellents
312.09448818897636 118.77165354330708 28.913385826771652 22.96062992125984 de
326.5511811023622 118.77165354330708 43.37007874015748 22.96062992125984 l’art
355.46456692913387 118.77165354330708 62.645669291338585 22.96062992125984 abstrait,
403.93700787401576 118.77165354330708 28.913385826771652 22.96062992125984 il
418.3937007874016 118.77165354330708 33.732283464566926 22.96062992125984 est
437.6692913385827 118.77165354330708 24.094488188976378 22.96062992125984 à
442.48818897637796 118.77165354330708 53.00787401574803 22.96062992125984 remarquer

104.5984251968504 135.7795275590551 36.8503937007874 17.291338582677167 que
125.85826771653544 135.7795275590551 36.8503937007874 17.291338582677167 nos
146.83464566929135 135.7795275590551 52.724409448818896 17.291338582677167 jeunes
183.68503937007873 135.7795275590551 31.748031496062993 17.291338582677167 ne
199.55905511811022 135.7795275590551 58.110236220472444 17.291338582677167 suivent
241.79527559055117 135.7795275590551 36.8503937007874 17.291338582677167 pas
262.7716535433071 135.7795275590551 42.23622047244095 17.291338582677167 tous
289.13385826771656 135.7795275590551 42.23622047244095 17.291338582677167 sans
315.7795275590551 135.7795275590551 63.21259842519685 17.291338582677167 réserves
363.11811023622045 135.7795275590551 31.748031496062993 17.291338582677167 un
378.99212598425197 135.7795275590551 73.7007874015748 17.291338582677167 extrémisme
436.81889763779526 135.7795275590551 52.724409448818896 17.291338582677167 outré.
468.56692913385825 135.7795275590551 26.362204724409448 17.291338582677167 Ils

103.74803149606299 152.78740157480314 75.11811023622047 16.440944881889763 acceptent,
162.70866141732284 152.78740157480314 69.73228346456693 16.440944881889763 sûrement,
216.28346456692913 152.78740157480314 37.41732283464567 16.440944881889763 des
237.82677165354332 152.78740157480314 80.50393700787401 16.440944881889763 influences,
302.1732283464567 152.78740157480314 42.803149606299215 16.440944881889763 mais
329.1023622047244 152.78740157480314 37.41732283464567 16.440944881889763 ils
350.3622047244094 152.78740157480314 64.34645669291339 16.440944881889763 refusent
398.8346456692913 152.78740157480314 32.31496062992126 16.440944881889763 de
414.70866141732284 152.78740157480314 32.31496062992126 16.440944881889763 se
430.86614173228344 152.78740157480314 69.73228346456693 16.440944881889763 soumettre
479.0551181102362 152.78740157480314 16.15748031496063 16.440944881889763 à

104.31496062992126 163.84251968503938 35.43307086614173 18.141732283464567 des
124.7244094488189 163.84251968503938 55.84251968503937 18.141732283464567 ordres.
165.25984251968504 163.84251968503938 30.330708661417322 18.141732283464567 On
180.56692913385828 163.84251968503938 30.330708661417322 18.141732283464567 ne
195.59055118110237 163.84251968503938 60.94488188976378 18.141732283464567 pourrait
241.51181102362204 163.84251968503938 35.43307086614173 18.141732283464567 pas
261.6377952755906 163.84251968503938 35.43307086614173 18.141732283464567 non
282.0472440944882 163.84251968503938 40.53543307086614 18.141732283464567 plus
307.2755905511811 163.84251968503938 66.04724409448819 18.141732283464567 qualifier
358.01574803149606 163.84251968503938 30.330708661417322 18.141732283464567 de
373.3228346456693 163.84251968503938 86.1732283464567 18.141732283464567 conservatisme
444.4724409448819 163.84251968503938 35.43307086614173 18.141732283464567 une
459.7795275590551 163.84251968503938 35.43307086614173 18.141732283464567 chose

103.74803149606299 180.0 37.13385826771653 16.15748031496063 qui
125.00787401574803 180.0 37.13385826771653 16.15748031496063 est
146.26771653543307 180.0 42.23622047244095 16.15748031496063 tout
172.62992125984252 180.0 73.98425196850394 16.15748031496063 simplement
230.74015748031496 180.0 31.748031496062993 16.15748031496063 de
246.61417322834646 180.0 31.748031496062993 16.15748031496063 la
262.48818897637796 180.0 58.110236220472444 16.15748031496063 sagesse
305.00787401574803 180.0 47.62204724409449 16.15748031496063 innée
336.755905511811 180.0 31.748031496062993 16.15748031496063 et
352.62992125984255 180.0 63.496062992125985 16.15748031496063 inavouée
400.251968503937 180.0 26.362204724409448 16.15748031496063 :
410.74015748031496 180.0 31.748031496062993 16.15748031496063 ne
426.61417322834643 180.0 37.13385826771653 16.15748031496063 pas
442.48818897637796 180.0 53.00787401574803 16.15748031496063 vouloir-

103.74803149606299 193.3228346456693 69.44881889763779 18.992125984251967 abandonner
158.17322834645668 193.3228346456693 54.425196850393704 18.992125984251967 l’objet
197.85826771653544 193.3228346456693 44.503937007874015 18.992125984251967 avant
227.33858267716536 193.3228346456693 54.425196850393704 18.992125984251967 d’avoir
267.0236220472441 193.3228346456693 49.60629921259842 18.992125984251967 épuisé
301.8897637795276 193.3228346456693 39.68503937007874 18.992125984251967 tout
326.5511811023622 193.3228346456693 54.425196850393704 18.992125984251967 rapport
366.23622047244095 193.3228346456693 59.52755905511811 18.992125984251967 possible
410.74015748031496 193.3228346456693 39.68503937007874 18.992125984251967 avec
435.40157480314963 193.3228346456693 29.763779527559056 18.992125984251967 ce
445.3228346456693 193.3228346456693 49.60629921259842 18.992125984251967 dernier,

103.18110236220473 207.49606299212599 47.05511811023622 17.858267716535433 avant
134.36220472440945 207.49606299212599 31.46456692913386 17.858267716535433 de
150.23622047244095 207.49606299212599 57.54330708661417 17.858267716535433 l’avoir
191.90551181102362 207.49606299212599 73.13385826771653 17.858267716535433 absolument
249.4488188976378 207.49606299212599 57.54330708661417 17.858267716535433 soumis.
291.40157480314963 207.49606299212599 94.11023622047244 17.858267716535433 Naturellement,
369.6377952755906 207.49606299212599 47.05511811023622 17.858267716535433 aucun
401.1023622047244 207.49606299212599 57.54330708661417 17.858267716535433 d’entre
443.0551181102362 207.49606299212599 36.56692913385827 17.858267716535433 eux
458.6456692913386 207.49606299212599 36.56692913385827 17.858267716535433 n’est

103.18110236220473 220.53543307086613 75.4015748031496 22.677165354330707 naturaliste
163.55905511811022 220.53543307086613 30.04724409448819 22.677165354330707 et
178.58267716535434 220.53543307086613 40.25196850393701 22.677165354330707 tous
203.81102362204723 220.53543307086613 55.275590551181104 22.677165354330707 tendent
244.06299212598427 220.53543307086613 40.25196850393701 22.677165354330707 vers
269.29133858267716 220.53543307086613 30.04724409448819 22.677165354330707 la
284.31496062992125 220.53543307086613 90.4251968503937 22.677165354330707 simplification
359.7165354330709 220.53543307086613 30.04724409448819 22.677165354330707 et
374.74015748031496 220.53543307086613 90.4251968503937 22.677165354330707 l’abstraction.
450.1417322834646 220.53543307086613 40.25196850393701 22.677165354330707 Mais
470.26771653543307 220.53543307086613 25.228346456692915 22.677165354330707 ils

102.89763779527559 236.9763779527559 49.039370078740156 19.559055118110237 savent
137.1968503937008 236.9763779527559 34.2992125984252 19.559055118110237 que
156.75590551181102 236.9763779527559 39.40157480314961 19.559055118110237 l’on
181.41732283464566 236.9763779527559 58.960629921259844 19.559055118110237 abstrait
225.63779527559055 236.9763779527559 39.40157480314961 19.559055118110237 bien
250.29921259842519 236.9763779527559 29.480314960629922 19.559055118110237 ce
265.03937007874015 236.9763779527559 34.2992125984252 19.559055118110237 que
284.59842519685037 236.9763779527559 39.40157480314961 19.559055118110237 l’on
308.9763779527559 236.9763779527559 54.14173228346457 19.559055118110237 connaît
348.37795275590554 236.9763779527559 44.22047244094488 19.559055118110237 bien.
377.8582677165354 236.9763779527559 29.480314960629922 19.559055118110237 Et
392.59842519685037 236.9763779527559 34.2992125984252 19.559055118110237 ils
412.15748031496065 236.9763779527559 49.039370078740156 19.559055118110237 savent
446.74015748031496 236.9763779527559 44.22047244094488 19.559055118110237 aussi
471.11811023622045 236.9763779527559 24.661417322834644 19.559055118110237 que

102.33070866141732 252.28346456692913 30.330708661417322 20.409448818897637 si
117.63779527559055 252.28346456692913 40.25196850393701 20.409448818897637 l’on
142.58267716535434 252.28346456692913 45.354330708661415 20.409448818897637 passe
172.91338582677164 252.28346456692913 40.25196850393701 20.409448818897637 vite
198.14173228346456 252.28346456692913 30.330708661417322 20.409448818897637 et
213.16535433070865 252.28346456692913 40.25196850393701 20.409448818897637 sans
238.39370078740157 252.28346456692913 60.37795275590551 20.409448818897637 maturité
283.748031496063 252.28346456692913 25.228346456692915 20.409448818897637 à
293.6692913385827 252.28346456692913 80.50393700787401 20.409448818897637 l’expression
359.1496062992126 252.28346456692913 65.48031496062993 20.409448818897637 abstraite
409.6062992125984 252.28346456692913 30.330708661417322 20.409448818897637 ce
424.62992125984255 252.28346456692913 45.354330708661415 20.409448818897637 n’est
454.96062992125985 252.28346456692913 35.1496062992126 20.409448818897637 pas
469.98425196850394 252.28346456692913 25.228346456692915 20.409448818897637 une

102.33070866141732 264.755905511811 52.44094488188976 19.84251968503937 preuve
138.89763779527559 264.755905511811 83.90551181102362 19.84251968503937 convaincante
206.9291338582677 264.755905511811 47.05511811023622 19.84251968503937 qu’on
238.39370078740157 264.755905511811 26.078740157480315 19.84251968503937 a
248.88188976377953 264.755905511811 36.56692913385827 19.84251968503937 été
269.8582677165354 264.755905511811 52.44094488188976 19.84251968503937 libéré
306.4251968503937 264.755905511811 31.46456692913386 19.84251968503937 du
322.2992125984252 264.755905511811 73.41732283464567 19.84251968503937 bavardage.
379.84251968503935 264.755905511811 31.46456692913386 19.84251968503937 On
395.7165354330709 264.755905511811 41.95275590551181 19.84251968503937 peut
421.79527559055117 264.755905511811 62.92913385826772 19.84251968503937 bavarder
463.748031496063 264.755905511811 31.46456692913386 19.84251968503937 avec

101.76377952755905 278.92913385826773 36.56692913385827 19.84251968503937 les
122.45669291338582 278.92913385826773 57.25984251968504 19.84251968503937 simples
164.1259842519685 278.92913385826773 52.15748031496063 19.84251968503937 lignes
200.69291338582678 278.92913385826773 31.181102362204726 19.84251968503937 ou
216.28346456692913 278.92913385826773 41.669291338582674 19.84251968503937 avec
242.36220472440945 278.92913385826773 36.56692913385827 19.84251968503937 les
263.0551181102362 278.92913385826773 57.25984251968504 19.84251968503937 simples
304.7244094488189 278.92913385826773 52.15748031496063 19.84251968503937 taches
341.29133858267716 278.92913385826773 31.181102362204726 19.84251968503937 de
351.7795275590551 278.92913385826773 57.25984251968504 19.84251968503937 couleurs.

407.0551181102362 559.5590551181102 52.15748031496063 17.858267716535433 Yannis
438.23622047244095 559.5590551181102 57.54330708661417 17.858267716535433 Miliadis.

108.28346456692914 594.4251968503937 28.913385826771652 17.007874015748033 48
