515.3385826771654 622.7716535433071
63.77952755905512 9.921259842519685 141.16535433070865 22.393700787401574 YOUGOSLAVIE

168.9448818897638 132.66141732283464 67.18110236220473 16.15748031496063 Commissaire
222.8031496062992 132.66141732283464 49.32283464566929 16.15748031496063 Général
258.8031496062992 132.66141732283464 22.393700787401574 16.15748031496063 :
267.59055118110234 132.66141732283464 67.18110236220473 16.15748031496063 Katarina
316.9133858267717 132.66141732283464 62.92913385826772 16.15748031496063 Ambrosic

168.9448818897638 134.9291338582677 59.24409448818898 32.881889763779526 Critique
213.16535433070865 134.9291338582677 49.32283464566929 32.881889763779526 d’Art,
247.748031496063 134.9291338582677 78.80314960629921 32.881889763779526 Conservateur
311.81102362204723 134.9291338582677 29.480314960629922 32.881889763779526 du
326.5511811023622 134.9291338582677 44.503937007874015 32.881889763779526 Musée
356.0314960629921 134.9291338582677 59.24409448818898 32.881889763779526 National
400.53543307086613 134.9291338582677 29.480314960629922 32.881889763779526 de
410.45669291338584 134.9291338582677 54.14173228346457 32.881889763779526 Belgrade.

125.00787401574803 224.50393700787401 45.63779527559055 20.976377952755904 C’est
155.6220472440945 224.50393700787401 40.53543307086614 20.976377952755904 avec
180.8503937007874 224.50393700787401 55.84251968503937 20.976377952755904 plaisir
221.66929133858267 224.50393700787401 25.511811023622048 20.976377952755904 —
231.8740157480315 224.50393700787401 45.63779527559055 20.976377952755904 mieux
262.20472440944883 224.50393700787401 25.511811023622048 20.976377952755904 —
272.40944881889766 224.50393700787401 40.53543307086614 20.976377952755904 avec
297.9212598425197 224.50393700787401 35.71653543307087 20.976377952755904 une
318.3307086614173 224.50393700787401 40.53543307086614 20.976377952755904 joie
343.5590551181102 224.50393700787401 60.94488188976378 20.976377952755904 sincère,
389.4803149606299 224.50393700787401 35.71653543307087 20.976377952755904 que
409.6062992125984 224.50393700787401 40.53543307086614 20.976377952755904 nous
435.11811023622045 224.50393700787401 55.84251968503937 20.976377952755904 prenons
470.5511811023622 224.50393700787401 35.71653543307087 20.976377952755904 part,

115.37007874015748 237.82677165354332 26.078740157480315 17.858267716535433 à
125.5748031496063 237.82677165354332 62.645669291338585 17.858267716535433 nouveau,
172.62992125984252 237.82677165354332 26.078740157480315 17.858267716535433 à
183.11811023622047 237.82677165354332 31.46456692913386 17.858267716535433 la
198.70866141732284 237.82677165354332 62.645669291338585 17.858267716535433 Biennale
245.76377952755905 237.82677165354332 31.46456692913386 17.858267716535433 de
261.3543307086614 237.82677165354332 52.15748031496063 17.858267716535433 Paris.
297.9212598425197 237.82677165354332 31.46456692913386 17.858267716535433 La
313.79527559055117 237.82677165354332 83.62204724409449 17.858267716535433 confirmation
381.54330708661416 237.82677165354332 31.46456692913386 17.858267716535433 de
397.13385826771656 237.82677165354332 47.05511811023622 17.858267716535433 notre
428.59842519685037 237.82677165354332 67.74803149606299 17.858267716535433 sélection
480.755905511811 237.82677165354332 26.078740157480315 17.858267716535433 à
485.8582677165354 237.82677165354332 20.976377952755904 17.858267716535433 la

115.93700787401575 251.1496062992126 63.496062992125985 19.275590551181104 première
163.55905511811022 251.1496062992126 73.98425196850394 19.275590551181104 exposition
221.66929133858267 251.1496062992126 42.23622047244095 19.275590551181104 nous
248.03149606299212 251.1496062992126 68.5984251968504 19.275590551181104 encourage
301.03937007874015 251.1496062992126 26.362204724409448 19.275590551181104 à
311.5275590551181 251.1496062992126 52.724409448818896 19.275590551181104 garder
348.66141732283467 251.1496062992126 31.748031496062993 19.275590551181104 le
364.53543307086613 251.1496062992126 42.23622047244095 19.275590551181104 même
390.8976377952756 251.1496062992126 63.496062992125985 19.275590551181104 principe
438.5196850393701 251.1496062992126 42.23622047244095 19.275590551181104 pour
464.88188976377955 251.1496062992126 31.748031496062993 19.275590551181104 le
475.37007874015745 251.1496062992126 31.748031496062993 19.275590551181104 choi

116.50393700787401 263.62204724409446 34.58267716535433 17.5748031496063 des
136.06299212598427 263.62204724409446 59.24409448818898 17.5748031496063 artistes
180.56692913385828 263.62204724409446 69.16535433070867 17.5748031496063 exposants,
234.99212598425197 263.62204724409446 79.08661417322834 17.5748031496063 c’est-à-dire
299.33858267716533 263.62204724409446 64.34645669291339 17.5748031496063 continuer
348.9448818897638 263.62204724409446 24.661417322834644 17.5748031496063 à
358.86614173228344 263.62204724409446 59.24409448818898 17.5748031496063 montrer,
403.37007874015745 263.62204724409446 24.661417322834644 17.5748031496063 à
413.00787401574803 263.62204724409446 54.425196850393704 17.5748031496063 travers
452.6929133858268 263.62204724409446 34.58267716535433 17.5748031496063 les
467.43307086614175 263.62204724409446 39.68503937007874 17.5748031496063 diffé-

116.22047244094489 280.34645669291336 53.574803149606296 16.15748031496063 rentes
153.63779527559055 280.34645669291336 69.73228346456693 16.15748031496063 tendances
207.21259842519686 280.34645669291336 75.11811023622047 16.15748031496063 formelles,
266.1732283464567 280.34645669291336 37.41732283464567 16.15748031496063 une
287.7165354330709 280.34645669291336 53.574803149606296 16.15748031496063 partie
325.13385826771656 280.34645669291336 32.031496062992126 16.15748031496063 de
341.29133858267716 280.34645669291336 75.11811023622047 16.15748031496063 l’éventail
400.251968503937 280.34645669291336 64.34645669291339 16.15748031496063 créateur
448.4409448818898 280.34645669291336 37.41732283464567 16.15748031496063 des
464.59842519685037 280.34645669291336 42.803149606299215 16.15748031496063 jeunes

116.22047244094489 294.23622047244095 61.22834645669291 17.007874015748033 artistes
157.03937007874015 294.23622047244095 71.43307086614173 17.007874015748033 yougoslaves.

125.00787401574803 305.5748031496063 88.7244094488189 16.15748031496063 Profondément
197.29133858267716 305.5748031496063 72.0 16.15748031496063 intéressé
252.56692913385828 305.5748031496063 38.83464566929134 16.15748031496063 par
274.96062992125985 305.5748031496063 38.83464566929134 16.15748031496063 les
297.07086614173227 305.5748031496063 77.66929133858268 16.15748031496063 recherches
358.01574803149606 305.5748031496063 38.83464566929134 16.15748031496063 sur
380.12598425196853 305.5748031496063 38.83464566929134 16.15748031496063 les
402.23622047244095 305.5748031496063 88.7244094488189 16.15748031496063 possibilités
468.8503937007874 305.5748031496063 38.83464566929134 16.15748031496063 d’une

116.50393700787401 320.31496062992125 64.34645669291339 17.858267716535433 nouvelle
164.69291338582678 320.31496062992125 48.188976377952756 17.858267716535433 forme
197.00787401574803 320.31496062992125 75.11811023622047 17.858267716535433 plastique,
255.96850393700788 320.31496062992125 48.188976377952756 17.858267716535433 Dusan
288.0 320.31496062992125 64.34645669291339 17.858267716535433 Dzamonja
336.4724409448819 320.31496062992125 26.929133858267715 17.858267716535433 a
346.96062992125985 320.31496062992125 53.574803149606296 17.858267716535433 trouvé
384.66141732283467 320.31496062992125 37.41732283464567 17.858267716535433 une
406.20472440944883 320.31496062992125 58.960629921259844 17.858267716535433 manière
443.62204724409446 320.31496062992125 64.34645669291339 17.858267716535433 absolument

116.50393700787401 331.0866141732283 69.73228346456693 16.15748031496063 originale
170.07874015748033 331.0866141732283 75.11811023622047 16.15748031496063 d’employer
229.3228346456693 331.0866141732283 37.7007874015748 16.15748031496063 les
250.58267716535434 331.0866141732283 48.188976377952756 16.15748031496063 clous
282.8976377952756 331.0866141732283 58.960629921259844 16.15748031496063 formant
325.7007874015748 331.0866141732283 37.7007874015748 16.15748031496063 une
347.244094488189 331.0866141732283 58.960629921259844 16.15748031496063 texture
390.3307086614173 331.0866141732283 75.11811023622047 16.15748031496063 métallique
449.29133858267716 331.0866141732283 32.31496062992126 16.15748031496063 où
460.06299212598424 331.0866141732283 48.188976377952756 16.15748031496063 miroite

116.50393700787401 344.9763779527559 61.511811023622045 16.15748031496063 souvent
161.29133858267716 344.9763779527559 33.44881889763779 16.15748031496063 un
178.01574803149606 344.9763779527559 50.45669291338583 16.15748031496063 noyau
211.748031496063 344.9763779527559 33.44881889763779 16.15748031496063 en
228.4724409448819 344.9763779527559 50.45669291338583 16.15748031496063 verre
261.9212598425197 344.9763779527559 50.45669291338583 16.15748031496063 brut.
295.65354330708664 344.9763779527559 33.44881889763779 16.15748031496063 Ce
312.37795275590554 344.9763779527559 61.511811023622045 16.15748031496063 nouveau
357.1653543307087 344.9763779527559 44.78740157480315 16.15748031496063 mode
385.2283464566929 344.9763779527559 89.5748031496063 16.15748031496063 d’expression
457.79527559055117 344.9763779527559 28.062992125984252 16.15748031496063 a
463.46456692913387 344.9763779527559 44.78740157480315 16.15748031496063 permis

117.07086614173228 358.86614173228344 25.511811023622048 16.15748031496063 à
127.2755905511811 358.86614173228344 66.04724409448819 16.15748031496063 l’artiste
178.01574803149606 358.86614173228344 30.614173228346456 16.15748031496063 de
193.3228346456693 358.86614173228344 50.74015748031496 16.15748031496063 donner
229.03937007874015 358.86614173228344 30.614173228346456 16.15748031496063 un
244.06299212598427 358.86614173228344 50.74015748031496 16.15748031496063 nouvel
279.7795275590551 358.86614173228344 45.63779527559055 16.15748031496063 essor
310.3937007874016 358.86614173228344 25.511811023622048 16.15748031496063 à
320.31496062992125 358.86614173228344 35.71653543307087 16.15748031496063 ses
340.7244094488189 358.86614173228344 71.14960629921259 16.15748031496063 inventions
396.56692913385825 358.86614173228344 30.614173228346456 16.15748031496063 de
411.87401574803147 358.86614173228344 50.74015748031496 16.15748031496063 formes
442.48818897637796 358.86614173228344 66.04724409448819 16.15748031496063 abstraites,

117.35433070866142 373.3228346456693 32.031496062992126 14.456692913385826 se
133.51181102362204 373.3228346456693 64.34645669291339 14.456692913385826 référant
181.70078740157481 373.3228346456693 32.031496062992126 14.456692913385826 au
197.85826771653544 373.3228346456693 48.188976377952756 14.456692913385826 monde
229.88976377952756 373.3228346456693 37.41732283464567 14.456692913385826 des
251.43307086614172 373.3228346456693 64.34645669291339 14.456692913385826 symboles
299.62204724409446 373.3228346456693 37.41732283464567 14.456692913385826 qui
320.88188976377955 373.3228346456693 90.99212598425197 14.456692913385826 accompagnent,
396.0 373.3228346456693 32.031496062992126 14.456692913385826 en
412.15748031496065 373.3228346456693 69.73228346456693 14.456692913385826 sourdine,
460.34645669291336 373.3228346456693 48.188976377952756 14.456692913385826 chacune

117.07086614173228 388.06299212598424 32.59842519685039 15.590551181102363 de
133.22834645669292 388.06299212598424 37.98425196850393 15.590551181102363 ses
155.0551181102362 388.06299212598424 54.425196850393704 15.590551181102363 œuvres
193.3228346456693 388.06299212598424 65.19685039370079 15.590551181102363 toujours
242.07874015748033 388.06299212598424 65.19685039370079 15.590551181102363 marquées
291.11811023622045 388.06299212598424 37.98425196850393 15.590551181102363 par
312.9448818897638 388.06299212598424 32.59842519685039 15.590551181102363 un
329.1023622047244 388.06299212598424 54.425196850393704 15.590551181102363 accent
367.37007874015745 388.06299212598424 103.46456692913385 15.590551181102363 authentiquement
449.00787401574803 388.06299212598424 59.811023622047244 15.590551181102363 poétique.

126.70866141732283 399.9685039370079 45.63779527559055 14.456692913385826 Dans
155.33858267716536 399.9685039370079 34.2992125984252 14.456692913385826 sa
172.3464566929134 399.9685039370079 74.26771653543307 14.456692913385826 peinture,
229.60629921259843 399.9685039370079 51.30708661417323 14.456692913385826 comme
263.62204724409446 399.9685039370079 45.63779527559055 14.456692913385826 dans
292.251968503937 399.9685039370079 34.2992125984252 14.456692913385826 sa
309.54330708661416 399.9685039370079 68.5984251968504 14.456692913385826 gravure,
360.8503937007874 399.9685039370079 51.30708661417323 14.456692913385826 Janez
395.1496062992126 399.9685039370079 57.25984251968504 14.456692913385826 Bernik
435.11811023622045 399.9685039370079 34.2992125984252 14.456692913385826 se
452.12598425196853 399.9685039370079 57.25984251968504 14.456692913385826 montre
486.4251968503937 399.9685039370079 22.96062992125984 14.456692913385826 un

117.92125984251969 414.4251968503937 75.4015748031496 12.755905511811024 explorateur
178.29921259842519 414.4251968503937 40.25196850393701 12.755905511811024 bien
203.24409448818898 414.4251968503937 60.37795275590551 12.755905511811024 curieux.
248.5984251968504 414.4251968503937 25.228346456692915 12.755905511811024 A
258.5196850393701 414.4251968503937 55.275590551181104 12.755905511811024 travers
298.7716535433071 414.4251968503937 35.1496062992126 12.755905511811024 une
318.8976377952756 414.4251968503937 70.2992125984252 12.755905511811024 expérience
374.1732283464567 414.4251968503937 75.4015748031496 12.755905511811024 sensorielle
434.26771653543307 414.4251968503937 30.04724409448819 12.755905511811024 de
449.29133858267716 414.4251968503937 30.04724409448819 12.755905511811024 la
459.496062992126 414.4251968503937 50.173228346456696 12.755905511811024 matière,

118.20472440944881 424.62992125984255 31.748031496062993 15.590551181102363 il
134.07874015748033 424.62992125984255 53.00787401574803 15.590551181102363 semble
171.21259842519686 424.62992125984255 68.88188976377953 15.590551181102363 entrevoir
223.93700787401573 424.62992125984255 37.13385826771653 15.590551181102363 les
245.1968503937008 424.62992125984255 63.496062992125985 15.590551181102363 mystères
292.81889763779526 424.62992125984255 37.13385826771653 15.590551181102363 des
314.0787401574803 424.62992125984255 53.00787401574803 15.590551181102363 mondes
350.92913385826773 424.62992125984255 68.88188976377953 15.590551181102363 inconnus,
403.93700787401576 424.62992125984255 42.23622047244095 15.590551181102363 leur
430.2992125984252 424.62992125984255 73.98425196850394 15.590551181102363 découvrant
483.3070866141732 424.62992125984255 26.362204724409448 15.590551181102363 une

118.48818897637796 437.6692913385827 50.173228346456696 15.023622047244094 beauté
153.63779527559055 437.6692913385827 75.4015748031496 15.023622047244094 singulière.
214.01574803149606 437.6692913385827 35.1496062992126 15.023622047244094 Par
233.85826771653544 437.6692913385827 30.04724409448819 15.023622047244094 sa
249.16535433070865 437.6692913385827 70.2992125984252 15.023622047244094 conception
304.15748031496065 437.6692913385827 70.2992125984252 15.023622047244094 plastique,
359.43307086614175 437.6692913385827 50.173228346456696 15.023622047244094 Bernik
394.5826771653543 437.6692913385827 70.2992125984252 15.023622047244094 appartient
449.8582677165354 437.6692913385827 25.228346456692915 15.023622047244094 à
459.7795275590551 437.6692913385827 30.04724409448819 15.023622047244094 la
469.7007874015748 437.6692913385827 40.25196850393701 15.023622047244094 famile

118.77165354330708 452.9763779527559 36.56692913385827 18.141732283464567 des
139.46456692913387 452.9763779527559 62.645669291338585 18.141732283464567 peintres
186.51968503937007 452.9763779527559 41.669291338582674 18.141732283464567 qui,
212.5984251968504 452.9763779527559 31.181102362204726 18.141732283464567 en
228.18897637795277 452.9763779527559 67.74803149606299 18.141732283464567 explorant
280.34645669291336 452.9763779527559 31.181102362204726 18.141732283464567 la
295.93700787401576 452.9763779527559 67.74803149606299 18.141732283464567 structure
348.09448818897636 452.9763779527559 31.181102362204726 18.141732283464567 de
363.9685039370079 452.9763779527559 31.181102362204726 18.141732283464567 la
379.5590551181102 452.9763779527559 62.645669291338585 18.141732283464567 matière,
426.61417322834643 452.9763779527559 52.15748031496063 18.141732283464567 vivent
462.8976377952756 452.9763779527559 31.181102362204726 18.141732283464567 le
473.38582677165357 452.9763779527559 36.56692913385827 18.141732283464567 drame

119.62204724409449 466.2992125984252 58.960629921259844 17.858267716535433 poétique
163.84251968503938 466.2992125984252 29.480314960629922 17.858267716535433 de
178.58267716535434 466.2992125984252 39.40157480314961 17.858267716535433 leur
202.96062992125985 466.2992125984252 73.7007874015748 17.858267716535433 intégration
262.20472440944883 466.2992125984252 24.661417322834644 17.858267716535433 à
271.84251968503935 466.2992125984252 29.480314960629922 17.858267716535433 la
281.76377952755905 466.2992125984252 44.22047244094488 17.858267716535433 nature.

128.1259842519685 479.62204724409446 58.39370078740158 17.291338582677167 Pendant
170.64566929133858 479.62204724409446 37.13385826771653 17.291338582677167 que
191.90551181102362 479.62204724409446 53.00787401574803 17.291338582677167 Bernik
229.03937007874015 479.62204724409446 42.51968503937008 17.291338582677167 erre
255.68503937007873 479.62204724409446 26.64566929133858 17.291338582677167 à
266.1732283464567 479.62204724409446 58.39370078740158 17.291338582677167 travers
308.6929133858268 479.62204724409446 37.13385826771653 17.291338582677167 les
329.9527559055118 479.62204724409446 58.39370078740158 17.291338582677167 visions
372.18897637795277 479.62204724409446 68.88188976377953 17.291338582677167 cosmiques
425.4803149606299 479.62204724409446 31.748031496062993 17.291338582677167 et
435.9685039370079 479.62204724409446 74.26771653543307 17.291338582677167 temporelles,

119.33858267716535 492.37795275590554 47.05511811023622 18.141732283464567 Ljubo
150.51968503937007 492.37795275590554 57.25984251968504 18.141732283464567 lvancic
192.18897637795277 492.37795275590554 57.25984251968504 18.141732283464567 pénètre
234.14173228346456 492.37795275590554 31.181102362204726 18.141732283464567 en
249.73228346456693 492.37795275590554 67.74803149606299 18.141732283464567 lui-même.
301.8897637795276 492.37795275590554 31.181102362204726 18.141732283464567 Sa
317.4803149606299 492.37795275590554 62.645669291338585 18.141732283464567 peinture
364.53543307086613 492.37795275590554 36.56692913385827 18.141732283464567 est
385.2283464566929 492.37795275590554 31.181102362204726 18.141732283464567 un
400.81889763779526 492.37795275590554 67.74803149606299 18.141732283464567 monologue
453.25984251968504 492.37795275590554 52.15748031496063 18.141732283464567 intime
484.4409448818898 492.37795275590554 26.078740157480315 18.141732283464567 qui

119.33858267716535 508.53543307086613 57.54330708661417 14.740157480314961 reflète
161.00787401574803 508.53543307086613 31.46456692913386 14.740157480314961 un
176.5984251968504 508.53543307086613 47.05511811023622 14.740157480314961 choc,
208.06299212598427 508.53543307086613 62.645669291338585 14.740157480314961 sûrement
255.11811023622047 508.53543307086613 78.23622047244095 14.740157480314961 douloureux,
317.76377952755905 508.53543307086613 57.54330708661417 14.740157480314961 produit
359.43307086614175 508.53543307086613 36.56692913385827 14.740157480314961 par
380.40944881889766 508.53543307086613 83.62204724409449 14.740157480314961 l’expérience
448.4409448818898 508.53543307086613 47.05511811023622 14.740157480314961 vécue
479.62204724409446 508.53543307086613 31.46456692913386 14.740157480314961 de
490.1102362204724 508.53543307086613 20.976377952755904 14.740157480314961 la

119.90551181102362 519.3070866141733 60.09448818897638 18.141732283464567 Dalmatie
165.25984251968504 519.3070866141733 30.04724409448819 18.141732283464567 de
180.28346456692913 519.3070866141733 35.1496062992126 18.141732283464567 son
200.1259842519685 519.3070866141733 55.275590551181104 18.141732283464567 enfance
240.3779527559055 519.3070866141733 30.04724409448819 18.141732283464567 et
255.4015748031496 519.3070866141733 30.04724409448819 18.141732283464567 de
270.4251968503937 519.3070866141733 45.07086614173228 18.141732283464567 celle
300.4724409448819 519.3070866141733 45.07086614173228 18.141732283464567 qu’il
330.5196850393701 519.3070866141733 24.944881889763778 18.141732283464567 a
340.7244094488189 519.3070866141733 65.19685039370079 18.141732283464567 retrouvée
390.61417322834643 519.3070866141733 60.09448818897638 18.141732283464567 dévastée
435.9685039370079 519.3070866141733 35.1496062992126 18.141732283464567 par
455.81102362204723 519.3070866141733 30.04724409448819 18.141732283464567 la
466.01574803149606 519.3070866141733 45.07086614173228 18.141732283464567 guerre.

129.25984251968504 533.1968503937007 43.653543307086615 16.15748031496063 C’est
158.17322834645668 533.1968503937007 43.653543307086615 16.15748031496063 cette
187.37007874015748 533.1968503937007 58.110236220472444 16.15748031496063 dernière
231.0236220472441 533.1968503937007 43.653543307086615 16.15748031496063 qu’il
259.93700787401576 533.1968503937007 43.653543307086615 16.15748031496063 peint
288.8503937007874 533.1968503937007 28.913385826771652 16.15748031496063 et
303.59055118110234 533.1968503937007 28.913385826771652 16.15748031496063 il
318.0472440944882 533.1968503937007 48.47244094488189 16.15748031496063 peuple
351.7795275590551 533.1968503937007 34.01574803149607 16.15748031496063 son
371.33858267716533 533.1968503937007 48.47244094488189 16.15748031496063 désert
405.07086614173227 533.1968503937007 43.653543307086615 16.15748031496063 aride
434.26771653543307 533.1968503937007 38.83464566929134 16.15748031496063 avec
458.3622047244094 533.1968503937007 34.01574803149607 16.15748031496063 des
472.81889763779526 533.1968503937007 38.83464566929134 16.15748031496063 souve-

119.90551181102362 544.2519685039371 47.62204724409449 15.874015748031496 nirs,
151.6535433070866 544.2519685039371 63.496062992125985 15.874015748031496 toujours
199.2755905511811 544.2519685039371 68.88188976377953 15.874015748031496 présents,
252.28346456692913 544.2519685039371 31.748031496062993 15.874015748031496 du
268.15748031496065 544.2519685039371 47.62204724409449 15.874015748031496 temps
299.90551181102364 544.2519685039371 37.13385826771653 15.874015748031496 où,
321.1653543307087 544.2519685039371 26.362204724409448 15.874015748031496 à
331.65354330708664 544.2519685039371 58.110236220472444 15.874015748031496 travers
374.1732283464567 544.2519685039371 37.13385826771653 15.874015748031496 les
395.1496062992126 544.2519685039371 73.98425196850394 15.874015748031496 persiennes
453.54330708661416 544.2519685039371 58.110236220472444 15.874015748031496 closes,
490.3937007874016 544.2519685039371 21.25984251968504 15.874015748031496 un

120.18897637795276 560.4094488188977 46.20472440944882 13.88976377952756 rayon
151.08661417322836 560.4094488188977 30.89763779527559 13.88976377952756 de
166.39370078740157 560.4094488188977 51.30708661417323 13.88976377952756 soleil
202.39370078740157 560.4094488188977 51.30708661417323 13.88976377952756 jouait
238.11023622047244 560.4094488188977 41.10236220472441 13.88976377952756 avec
263.90551181102364 560.4094488188977 36.0 13.88976377952756 les
284.59842519685037 560.4094488188977 51.30708661417323 13.88976377952756 objets
320.31496062992125 560.4094488188977 30.89763779527559 13.88976377952756 de
335.90551181102364 560.4094488188977 30.89763779527559 13.88976377952756 sa
351.21259842519686 560.4094488188977 56.40944881889764 13.88976377952756 chambre
387.21259842519686 560.4094488188977 56.40944881889764 13.88976377952756 d’enfant.

133.79527559055117 606.0472440944882 30.330708661417322 13.88976377952756 118
