515.3385826771654 622.7716535433071
70.86614173228347 3.1181102362204722 115.93700787401575 17.007874015748033 MANIFESTATIONS
164.69291338582678 3.1181102362204722 71.71653543307086 17.007874015748033 ANNEXES

240.66141732283464 27.496062992125985 62.92913385826772 18.4251968503937 ÉCOLE
287.7165354330709 27.496062992125985 31.46456692913386 18.4251968503937 DE
303.3070866141732 27.496062992125985 47.05511811023622 18.4251968503937 PARIS
329.38582677165357 27.496062992125985 52.44094488188976 18.4251968503937 1961

122.45669291338582 50.45669291338583 31.181102362204726 19.559055118110237 La
138.04724409448818 50.45669291338583 62.36220472440945 19.559055118110237 Biennale
184.53543307086613 50.45669291338583 31.181102362204726 19.559055118110237 de
200.1259842519685 50.45669291338583 46.77165354330709 19.559055118110237 Paris
231.30708661417322 50.45669291338583 46.77165354330709 19.559055118110237 1961,
262.48818897637796 50.45669291338583 72.56692913385827 19.559055118110237 réunissant
319.748031496063 50.45669291338583 36.28346456692913 19.559055118110237 les
340.4409448818898 50.45669291338583 51.874015748031496 19.559055118110237 œuvres
376.7244094488189 50.45669291338583 72.56692913385827 19.559055118110237 d’artistes
433.98425196850394 50.45669291338583 41.669291338582674 19.559055118110237 âgés
459.7795275590551 50.45669291338583 31.181102362204726 19.559055118110237 de
470.26771653543307 50.45669291338583 36.28346456692913 19.559055118110237 moins

111.96850393700787 63.77952755905512 30.330708661417322 15.874015748031496 de
127.2755905511811 63.77952755905512 75.96850393700787 15.874015748031496 trente-cinq
187.93700787401573 63.77952755905512 40.53543307086614 15.874015748031496 ans,
213.4488188976378 63.77952755905512 30.330708661417322 15.874015748031496 la
228.4724409448819 63.77952755905512 55.84251968503937 15.874015748031496 Galerie
269.00787401574803 63.77952755905512 81.07086614173228 15.874015748031496 Charpentier,
334.7716535433071 63.77952755905512 30.330708661417322 15.874015748031496 en
350.0787401574803 63.77952755905512 75.96850393700787 15.874015748031496 coopération
410.74015748031496 63.77952755905512 40.53543307086614 15.874015748031496 avec
436.251968503937 63.77952755905512 35.43307086614173 15.874015748031496 ses
451.2755905511811 63.77952755905512 55.84251968503937 15.874015748031496 organisa-

111.4015748031496 79.37007874015748 50.74015748031496 13.32283464566929 teurs,
146.83464566929135 79.37007874015748 25.228346456692915 13.32283464566929 a
157.03937007874015 79.37007874015748 50.74015748031496 13.32283464566929 décidé
192.4724409448819 79.37007874015748 65.76377952755905 13.32283464566929 d’exposer
243.21259842519686 79.37007874015748 25.228346456692915 13.32283464566929 à
253.41732283464566 79.37007874015748 55.84251968503937 13.32283464566929 l’Ecole
293.9527559055118 79.37007874015748 30.330708661417322 13.32283464566929 de
309.25984251968504 79.37007874015748 45.63779527559055 13.32283464566929 Paris
339.59055118110234 79.37007874015748 40.53543307086614 13.32283464566929 1961
364.81889763779526 79.37007874015748 35.43307086614173 13.32283464566929 les
385.2283464566929 79.37007874015748 50.74015748031496 13.32283464566929 œuvres
420.66141732283467 79.37007874015748 30.330708661417322 13.32283464566929 de
435.9685039370079 79.37007874015748 60.94488188976378 13.32283464566929 peintres
476.503937007874 79.37007874015748 30.330708661417322 13.32283464566929 âgés

107.43307086614173 87.30708661417323 59.52755905511811 18.992125984251967 de
137.1968503937008 87.30708661417323 148.53543307086613 18.992125984251967 trente-cinq
255.96850393700788 87.30708661417323 49.60629921259842 18.992125984251967 à
275.81102362204723 87.30708661417323 168.3779527559055 18.992125984251967 quarante-cinq
414.4251968503937 87.30708661417323 79.08661417322834 18.992125984251967 ans.

123.30708661417323 97.22834645669292 46.20472440944882 15.874015748031496 Parmi
153.92125984251967 97.22834645669292 41.10236220472441 15.874015748031496 eux,
179.71653543307087 97.22834645669292 30.614173228346456 15.874015748031496 on
195.0236220472441 97.22834645669292 41.10236220472441 15.874015748031496 peut
220.53543307086613 97.22834645669292 46.20472440944882 15.874015748031496 citer
251.43307086614172 97.22834645669292 25.511811023622048 15.874015748031496 :
261.6377952755906 97.22834645669292 51.30708661417323 15.874015748031496 Arbas,
297.3543307086614 97.22834645669292 56.40944881889764 15.874015748031496 Castro,
338.45669291338584 97.22834645669292 56.40944881889764 15.874015748031496 Cortot,
379.2755905511811 97.22834645669292 56.40944881889764 15.874015748031496 Dufour,
420.37795275590554 97.22834645669292 76.81889763779527 15.874015748031496 umitrienxo,
476.78740157480314 97.22834645669292 30.614173228346456 15.874015748031496 Gas-

111.96850393700787 109.98425196850394 45.63779527559055 15.023622047244094 taud,
142.29921259842519 109.98425196850394 60.661417322834644 15.023622047244094 Germain,
187.93700787401573 109.98425196850394 55.55905511811024 15.023622047244094 Gillet,
228.4724409448819 109.98425196850394 50.74015748031496 15.023622047244094 Lersy,
263.90551181102364 109.98425196850394 60.661417322834644 15.023622047244094 Lesieur,
309.54330708661416 109.98425196850394 65.76377952755905 15.023622047244094 Marfaing,
360.0 109.98425196850394 70.86614173228347 15.023622047244094 Prassinos,
415.84251968503935 109.98425196850394 65.76377952755905 15.023622047244094 Soulages,
461.1968503937008 109.98425196850394 45.63779527559055 15.023622047244094 Thepot,

111.11811023622047 118.20472440944881 71.71653543307086 15.023622047244094 Zanartu,
164.9763779527559 118.20472440944881 41.95275590551181 15.023622047244094 Zao
188.78740157480314 118.20472440944881 41.95275590551181 15.023622047244094 Wou
206.9291338582677 118.20472440944881 30.04724409448819 15.023622047244094 Ki.

122.45669291338582 132.9448818897638 58.67716535433071 11.622047244094489 Environ
165.25984251968504 132.9448818897638 37.41732283464567 11.622047244094489 une
186.51968503937007 132.9448818897638 64.06299212598425 11.622047244094489 centaine
234.70866141732284 132.9448818897638 80.22047244094489 11.622047244094489 d’artistes,
298.7716535433071 132.9448818897638 64.06299212598425 11.622047244094489 auxquels
346.96062992125985 132.9448818897638 69.44881889763779 11.622047244094489 viendront
400.251968503937 132.9448818897638 32.031496062992126 11.622047244094489 se
416.40944881889766 132.9448818897638 58.67716535433071 11.622047244094489 joindre
458.92913385826773 132.9448818897638 42.803149606299215 11.622047244094489 dans
480.4724409448819 132.9448818897638 26.64566929133858 11.622047244094489 une

112.53543307086615 142.86614173228347 52.15748031496063 12.472440944881889 section
150.51968503937007 142.86614173228347 56.976377952755904 12.472440944881889 spéciale
193.3228346456693 142.86614173228347 47.62204724409449 12.472440944881889 trente
226.77165354330708 142.86614173228347 56.976377952755904 12.472440944881889 peintres
269.5748031496063 142.86614173228347 61.79527559055118 12.472440944881889 polonais,
316.9133858267717 142.86614173228347 52.15748031496063 12.472440944881889 invités
354.8976377952756 142.86614173228347 33.16535433070866 12.472440944881889 par
373.8897637795276 142.86614173228347 52.15748031496063 12.472440944881889 l’Ecole
412.15748031496065 142.86614173228347 28.62992125984252 12.472440944881889 de
426.3307086614173 142.86614173228347 42.803149606299215 12.472440944881889 Paris
454.96062992125985 142.86614173228347 28.62992125984252 12.472440944881889 et
464.31496062992125 142.86614173228347 42.803149606299215 12.472440944881889 choisis

112.53543307086615 153.92125984251967 36.28346456692913 13.606299212598426 par
133.22834645669292 153.92125984251967 36.28346456692913 13.606299212598426 les
153.92125984251967 153.92125984251967 67.46456692913385 13.606299212598426 autorités
205.79527559055117 153.92125984251967 77.95275590551181 13.606299212598426 compétentes
268.15748031496065 153.92125984251967 31.181102362204726 13.606299212598426 de
283.748031496063 153.92125984251967 31.181102362204726 13.606299212598426 la
299.33858267716533 153.92125984251967 72.56692913385827 13.606299212598426 République
356.59842519685037 153.92125984251967 67.46456692913385 13.606299212598426 Populaire
408.4724409448819 153.92125984251967 31.181102362204726 13.606299212598426 de
424.06299212598424 153.92125984251967 62.36220472440945 13.606299212598426 Pologne,
470.8346456692913 153.92125984251967 31.181102362204726 13.606299212598426 et
481.03937007874015 153.92125984251967 26.078740157480315 13.606299212598426 qui

111.4015748031496 164.1259842519685 86.45669291338582 13.32283464566929 apporteront
180.28346456692913 164.1259842519685 51.874015748031496 13.32283464566929 aussi
214.86614173228347 164.1259842519685 34.58267716535433 13.32283464566929 le
232.15748031496062 164.1259842519685 80.50393700787401 13.32283464566929 témoignage
295.37007874015745 164.1259842519685 40.25196850393701 13.32283464566929 des
318.61417322834643 164.1259842519685 80.50393700787401 13.32283464566929 recherches
381.8267716535433 164.1259842519685 34.58267716535433 13.32283464566929 de
399.11811023622045 164.1259842519685 45.92125984251968 13.32283464566929 leur
422.0787401574803 164.1259842519685 40.25196850393701 13.32283464566929 pays.

122.45669291338582 175.1811023622047 32.031496062992126 12.755905511811024 Le
138.61417322834646 175.1811023622047 69.44881889763779 12.755905511811024 catalogue
191.90551181102362 175.1811023622047 42.803149606299215 12.755905511811024 sera
218.83464566929135 175.1811023622047 58.67716535433071 12.755905511811024 préfacé
261.3543307086614 175.1811023622047 37.41732283464567 12.755905511811024 par
282.8976377952756 175.1811023622047 37.41732283464567 12.755905511811024 MM.
304.15748031496065 175.1811023622047 58.67716535433071 12.755905511811024 Raymond
346.96062992125985 175.1811023622047 58.67716535433071 12.755905511811024 Nacenta
389.76377952755905 175.1811023622047 32.031496062992126 12.755905511811024 et
405.9212598425197 175.1811023622047 58.67716535433071 12.755905511811024 Jacques
443.33858267716533 175.1811023622047 64.06299212598425 12.755905511811024 Lassaigne,

112.25196850393701 187.6535433070866 50.173228346456696 11.05511811023622 etpour
147.4015748031496 187.6535433070866 30.04724409448819 11.05511811023622 la
162.4251968503937 187.6535433070866 54.99212598425197 11.05511811023622 section
202.39370078740157 187.6535433070866 65.19685039370079 11.05511811023622 polonaise
252.56692913385828 187.6535433070866 35.1496062992126 11.05511811023622 par
272.40944881889766 187.6535433070866 30.04724409448819 11.05511811023622 M.
287.43307086614175 187.6535433070866 65.19685039370079 11.05511811023622 Zulawski,
337.6062992125984 187.6535433070866 70.01574803149606 11.05511811023622 Conseiller
392.59842519685037 187.6535433070866 60.09448818897638 11.05511811023622 Culturel
437.6692913385827 187.6535433070866 24.944881889763778 11.05511811023622 à
442.7716535433071 187.6535433070866 65.19685039370079 11.05511811023622 l’Ambassade

111.96850393700787 195.8740157480315 33.44881889763779 12.755905511811024 de
128.69291338582678 195.8740157480315 33.44881889763779 12.755905511811024 la
145.41732283464566 195.8740157480315 78.23622047244095 12.755905511811024 République
206.9291338582677 195.8740157480315 72.56692913385827 12.755905511811024 Populaire
262.7716535433071 195.8740157480315 33.44881889763779 12.755905511811024 de
279.496062992126 195.8740157480315 61.511811023622045 12.755905511811024 Pologne
324.2834645669291 195.8740157480315 27.77952755905512 12.755905511811024 à
329.6692913385827 195.8740157480315 44.78740157480315 12.755905511811024 Paris.

238.96062992125985 212.31496062992127 78.80314960629921 17.5748031496063 GALERIE
289.13385826771656 212.31496062992127 93.25984251968504 17.5748031496063 CHARPENTIER

161.00787401574803 225.0708661417323 39.118110236220474 18.141732283464567 76,
183.4015748031496 225.0708661417323 144.8503937007874 18.141732283464567 Faubourg-Saint-Honoré,
311.5275590551181 225.0708661417323 50.173228346456696 18.141732283464567 PARIS
344.9763779527559 225.0708661417323 44.503937007874015 18.141732283464567 (8e)
372.755905511811 225.0708661417323 27.77952755905512 18.141732283464567 —
383.81102362204723 225.0708661417323 44.503937007874015 18.141732283464567 Anj.
406.20472440944883 225.0708661417323 44.503937007874015 18.141732283464567 92

206.9291338582677 246.89763779527559 73.7007874015748 14.740157480314961 Exposition
265.03937007874015 246.89763779527559 26.362204724409448 14.740157480314961 à
275.5275590551181 246.89763779527559 52.724409448818896 14.740157480314961 partir
312.37795275590554 246.89763779527559 31.46456692913386 14.740157480314961 du
327.9685039370079 246.89763779527559 31.46456692913386 14.740157480314961 12
343.84251968503935 246.89763779527559 57.826771653543304 14.740157480314961 octobre
380.6929133858268 246.89763779527559 36.8503937007874 14.740157480314961 1961.

155.90551181102362 257.9527559055118 72.0 15.023622047244094 Vernissage
212.31496062992127 257.9527559055118 30.89763779527559 15.023622047244094 le
227.90551181102362 257.9527559055118 46.20472440944882 15.023622047244094 jeudi
258.8031496062992 257.9527559055118 30.89763779527559 15.023622047244094 12
274.1102362204724 257.9527559055118 56.40944881889764 15.023622047244094 octobre
315.21259842519686 257.9527559055118 25.79527559055118 15.023622047244094 à
325.4173228346457 257.9527559055118 30.89763779527559 15.023622047244094 16
341.00787401574803 257.9527559055118 51.30708661417323 15.023622047244094 heures
377.00787401574803 257.9527559055118 41.10236220472441 15.023622047244094 (sur
397.4173228346457 257.9527559055118 72.0 15.023622047244094 invitation).

111.96850393700787 267.87401574803147 39.968503937007874 15.874015748031496 Tous
137.1968503937008 267.87401574803147 35.1496062992126 15.874015748031496 les
157.03937007874015 267.87401574803147 50.173228346456696 15.874015748031496 jours,
192.18897637795277 267.87401574803147 39.968503937007874 15.874015748031496 sauf
217.13385826771653 267.87401574803147 30.04724409448819 15.874015748031496 le
232.15748031496062 267.87401574803147 50.173228346456696 15.874015748031496 lundi,
267.3070866141732 267.87401574803147 30.04724409448819 15.874015748031496 de
282.3307086614173 267.87401574803147 30.04724409448819 15.874015748031496 10
297.3543307086614 267.87401574803147 24.944881889763778 15.874015748031496 h
307.2755905511811 267.87401574803147 30.04724409448819 15.874015748031496 30
322.2992125984252 267.87401574803147 24.944881889763778 15.874015748031496 à
332.503937007874 267.87401574803147 30.04724409448819 15.874015748031496 12
347.5275590551181 267.87401574803147 24.944881889763778 15.874015748031496 h
357.4488188976378 267.87401574803147 30.04724409448819 15.874015748031496 30
372.4724409448819 267.87401574803147 30.04724409448819 15.874015748031496 et
387.496062992126 267.87401574803147 30.04724409448819 15.874015748031496 de
402.5196850393701 267.87401574803147 30.04724409448819 15.874015748031496 13
417.54330708661416 267.87401574803147 24.944881889763778 15.874015748031496 h
427.46456692913387 267.87401574803147 30.04724409448819 15.874015748031496 30
442.48818897637796 267.87401574803147 24.944881889763778 15.874015748031496 à
452.6929133858268 267.87401574803147 30.04724409448819 15.874015748031496 18
462.61417322834643 267.87401574803147 45.07086614173228 15.874015748031496 heures.

142.86614173228347 280.62992125984255 42.23622047244095 19.275590551181104 Prix
169.51181102362204 280.62992125984255 68.88188976377953 19.275590551181104 d’entrée:
222.51968503937007 280.62992125984255 26.362204724409448 19.275590551181104 5
233.00787401574803 280.62992125984255 31.748031496062993 19.275590551181104 NF
248.88188976377953 280.62992125984255 31.748031496062993 19.275590551181104 et
264.755905511811 280.62992125984255 26.362204724409448 19.275590551181104 1
275.244094488189 280.62992125984255 31.748031496062993 19.275590551181104 NF
291.11811023622045 280.62992125984255 42.23622047244095 19.275590551181104 pour
317.76377952755905 280.62992125984255 37.13385826771653 19.275590551181104 les
339.0236220472441 280.62992125984255 68.88188976377953 19.275590551181104 étudiants
391.748031496063 280.62992125984255 31.748031496062993 19.275590551181104 et
407.62204724409446 280.62992125984255 37.13385826771653 19.275590551181104 les
423.496062992126 280.62992125984255 58.39370078740158 19.275590551181104 artistes.

172.62992125984252 378.1417322834646 63.77952755905512 22.393700787401574 LES
217.41732283464566 378.1417322834646 63.77952755905512 22.393700787401574 JEUNES
262.20472440944883 378.1417322834646 38.267716535433074 22.393700787401574 DU
281.1968503937008 378.1417322834646 76.53543307086615 22.393700787401574 RÉALISME
338.74015748031496 378.1417322834646 44.78740157480315 22.393700787401574 NON
357.73228346456693 378.1417322834646 95.81102362204724 22.393700787401574 FIGURATIE

122.45669291338582 402.8031496062992 43.37007874015748 16.440944881889763 Dans
149.66929133858267 402.8031496062992 32.59842519685039 16.440944881889763 le
165.82677165354332 402.8031496062992 48.75590551181102 16.440944881889763 cadre
198.4251968503937 402.8031496062992 37.98425196850393 16.440944881889763 des
220.251968503937 402.8031496062992 97.79527559055119 16.440944881889763 manifestations
301.6062992125984 402.8031496062992 59.811023622047244 16.440944881889763 annexes
344.9763779527559 402.8031496062992 32.59842519685039 16.440944881889763 de
361.4173228346457 402.8031496062992 32.59842519685039 16.440944881889763 la
377.5748031496063 402.8031496062992 65.19685039370079 16.440944881889763 Biennale
426.61417322834643 402.8031496062992 32.59842519685039 16.440944881889763 de
442.7716535433071 402.8031496062992 48.75590551181102 16.440944881889763 Paris
469.98425196850394 402.8031496062992 37.98425196850393 16.440944881889763 1961,

111.68503937007874 416.40944881889766 44.78740157480315 12.188976377952756 nous
139.748031496063 416.40944881889766 55.84251968503937 12.188976377952756 tenons
178.86614173228347 416.40944881889766 28.062992125984252 12.188976377952756 à
189.92125984251967 416.40944881889766 72.56692913385827 12.188976377952756 présenter
245.76377952755905 416.40944881889766 44.78740157480315 12.188976377952756 cinq
273.8267716535433 416.40944881889766 66.89763779527559 12.188976377952756 peintres
324.0 416.40944881889766 33.44881889763779 12.188976377952756 de
340.7244094488189 416.40944881889766 50.173228346456696 12.188976377952756 moins
374.1732283464567 416.40944881889766 33.44881889763779 12.188976377952756 de
390.8976377952756 416.40944881889766 83.90551181102362 12.188976377952756 trente-cinq
458.0787401574803 416.40944881889766 44.78740157480315 12.188976377952756 ans,
480.4724409448819 416.40944881889766 28.062992125984252 12.188976377952756 qui

111.68503937007874 425.1968503937008 69.73228346456693 12.188976377952756 défendent
165.25984251968504 425.1968503937008 101.76377952755905 12.188976377952756 authentiquement
251.1496062992126 425.1968503937008 48.188976377952756 12.188976377952756 cette
283.18110236220474 425.1968503937008 64.34645669291339 12.188976377952756 tendance
331.37007874015745 425.1968503937008 32.031496062992126 12.188976377952756 de
347.5275590551181 425.1968503937008 96.37795275590551 12.188976377952756 l’abstraction,
427.748031496063 425.1968503937008 32.031496062992126 12.188976377952756 où
443.90551181102364 425.1968503937008 32.031496062992126 12.188976377952756 la
454.6771653543307 425.1968503937008 53.574803149606296 12.188976377952756 peinture

111.68503937007874 438.23622047244095 49.039370078740156 11.622047244094489 n’est
144.28346456692913 438.23622047244095 43.37007874015748 11.622047244094489 plus
171.49606299212599 438.23622047244095 75.96850393700787 11.622047244094489 considérée
231.30708661417322 438.23622047244095 49.039370078740156 11.622047244094489 comme
263.62204724409446 438.23622047244095 37.98425196850393 11.622047244094489 une
285.4488188976378 438.23622047244095 70.58267716535433 11.622047244094489 invention
339.87401574803147 438.23622047244095 65.19685039370079 11.622047244094489 méconnue
388.62992125984255 438.23622047244095 32.59842519685039 11.622047244094489 ou
405.07086614173227 438.23622047244095 65.19685039370079 11.622047244094489 gratuite
453.8267716535433 438.23622047244095 32.59842519685039 11.622047244094489 de
464.88188976377955 438.23622047244095 43.37007874015748 11.622047244094489 formes

111.4015748031496 447.3070866141732 32.31496062992126 12.188976377952756 et
127.55905511811024 447.3070866141732 32.31496062992126 12.188976377952756 de
143.71653543307087 447.3070866141732 69.73228346456693 12.188976377952756 couleurs,
197.29133858267716 447.3070866141732 42.803149606299215 12.188976377952756 mais
224.2204724409449 447.3070866141732 48.188976377952756 12.188976377952756 comme
256.251968503937 447.3070866141732 37.7007874015748 12.188976377952756 une
277.79527559055117 447.3070866141732 96.66141732283465 12.188976377952756 représentation
358.2992125984252 447.3070866141732 32.31496062992126 12.188976377952756 de
374.45669291338584 447.3070866141732 32.31496062992126 12.188976377952756 la
390.61417322834643 447.3070866141732 53.574803149606296 12.188976377952756 nature
428.0314960629921 447.3070866141732 69.73228346456693 12.188976377952756 sensible,
476.2204724409449 447.3070866141732 32.31496062992126 12.188976377952756 plus

111.4015748031496 459.7795275590551 82.20472440944881 12.188976377952756 essentielle
177.16535433070865 459.7795275590551 38.267716535433074 12.188976377952756 que
198.99212598425197 459.7795275590551 32.881889763779526 12.188976377952756 la
210.04724409448818 459.7795275590551 71.14960629921259 12.188976377952756 figuration.

122.1732283464567 465.73228346456693 76.81889763779527 21.826771653543307 Benanteur,
182.5511811023622 465.73228346456693 60.37795275590551 21.826771653543307 Coulot,
226.48818897637796 465.73228346456693 65.76377952755905 21.826771653543307 Fagniez,
275.81102362204723 465.73228346456693 76.81889763779527 21.826771653543307 Franchini,
330.5196850393701 465.73228346456693 54.99212598425197 21.826771653543307 Olivier.

234.14173228346456 486.99212598425197 79.08661417322834 18.4251968503937 GALERIE
291.68503937007875 486.99212598425197 72.0 18.4251968503937 PIERRE
334.7716535433071 486.99212598425197 50.45669291338583 18.4251968503937 DOMEC

191.33858267716536 498.61417322834643 35.43307086614173 14.456692913385826 33,
211.46456692913387 498.61417322834643 35.43307086614173 14.456692913385826 rue
231.8740157480315 498.61417322834643 90.70866141732283 14.456692913385826 Saint-Placide,
307.2755905511811 498.61417322834643 45.354330708661415 14.456692913385826 Paris
337.6062992125984 498.61417322834643 40.25196850393701 14.456692913385826 (6e)
362.8346456692913 498.61417322834643 25.228346456692915 14.456692913385826 —
373.03937007874015 498.61417322834643 40.25196850393701 14.456692913385826 LIT.
393.1653543307087 498.61417322834643 40.25196850393701 14.456692913385826 34

187.93700787401573 510.8031496062992 74.55118110236221 14.456692913385826 Exposition
246.61417322834646 510.8031496062992 32.031496062992126 14.456692913385826 du
262.48818897637796 510.8031496062992 32.031496062992126 14.456692913385826 27
278.6456692913386 510.8031496062992 69.16535433070867 14.456692913385826 septembre
331.65354330708664 510.8031496062992 32.031496062992126 14.456692913385826 au
347.81102362204723 510.8031496062992 32.031496062992126 14.456692913385826 21
363.68503937007875 510.8031496062992 58.67716535433071 14.456692913385826 octobre
401.1023622047244 510.8031496062992 37.13385826771653 14.456692913385826 1961.

178.86614173228347 521.2913385826772 76.53543307086615 18.708661417322833 Vernissage
238.96062992125985 521.2913385826772 32.881889763779526 18.708661417322833 le
255.4015748031496 521.2913385826772 65.48031496062993 18.708661417322833 mercredi
304.4409448818898 521.2913385826772 32.881889763779526 18.708661417322833 27
320.88188976377955 521.2913385826772 71.14960629921259 18.708661417322833 septembre
375.3070866141732 521.2913385826772 27.212598425196852 18.708661417322833 à
386.3622047244094 521.2913385826772 32.881889763779526 18.708661417322833 18
397.4173228346457 521.2913385826772 49.039370078740156 18.708661417322833 heures.

111.96850393700787 541.9842519685039 39.68503937007874 16.15748031496063 Tous
136.91338582677164 541.9842519685039 34.86614173228347 16.15748031496063 les
156.75590551181102 541.9842519685039 49.60629921259842 16.15748031496063 jours,
191.6220472440945 541.9842519685039 39.68503937007874 16.15748031496063 sauf
216.56692913385828 541.9842519685039 29.763779527559056 16.15748031496063 le
231.30708661417322 541.9842519685039 59.52755905511811 16.15748031496063 dimanche
276.09448818897636 541.9842519685039 29.763779527559056 16.15748031496063 et
291.11811023622045 541.9842519685039 29.763779527559056 16.15748031496063 le
305.8582677165354 541.9842519685039 44.78740157480315 16.15748031496063 lundi
335.62204724409446 541.9842519685039 49.60629921259842 16.15748031496063 matin,
370.48818897637796 541.9842519685039 29.763779527559056 16.15748031496063 de
385.51181102362204 541.9842519685039 29.763779527559056 16.15748031496063 10
400.251968503937 541.9842519685039 49.60629921259842 16.15748031496063 heures
435.11811023622045 541.9842519685039 24.944881889763778 16.15748031496063 à
445.03937007874015 541.9842519685039 29.763779527559056 16.15748031496063 12
460.06299212598424 541.9842519685039 49.60629921259842 16.15748031496063 heures
489.8267716535433 541.9842519685039 19.84251968503937 16.15748031496063 et

239.24409448818898 557.8582677165355 36.28346456692913 15.590551181102363 de
257.38582677165357 557.8582677165355 36.28346456692913 15.590551181102363 14
275.244094488189 557.8582677165355 30.04724409448819 15.590551181102363 h
287.43307086614175 557.8582677165355 36.28346456692913 15.590551181102363 30
305.5748031496063 557.8582677165355 30.04724409448819 15.590551181102363 à
317.4803149606299 557.8582677165355 36.28346456692913 15.590551181102363 19
329.6692913385827 557.8582677165355 54.14173228346457 15.590551181102363 heures.

126.14173228346456 597.5433070866142 28.913385826771652 17.007874015748033 144
