515.3385826771654 628.7244094488188
67.46456692913385 11.05511811023622 70.86614173228347 20.69291338582677 BRÉSIL

165.25984251968504 127.2755905511811 55.84251968503937 18.4251968503937 Commissaire
209.76377952755905 127.2755905511811 40.818897637795274 18.4251968503937 Général
239.5275590551181 127.2755905511811 18.708661417322833 18.4251968503937 :
246.89763779527559 127.2755905511811 44.503937007874015 18.4251968503937 Celso
280.34645669291336 127.2755905511811 33.44881889763779 18.4251968503937 Souza
302.74015748031496 127.2755905511811 18.708661417322833 18.4251968503937 e
306.4251968503937 127.2755905511811 40.818897637795274 18.4251968503937 Silva

166.39370078740157 141.16535433070865 37.41732283464567 15.874015748031496 Premier
193.60629921259843 141.16535433070865 47.62204724409449 15.874015748031496 Secrétaire
231.0236220472441 141.16535433070865 20.409448818897637 15.874015748031496 de
241.22834645669292 141.16535433070865 51.023622047244096 15.874015748031496 l’Ambassade
281.76377952755905 141.16535433070865 20.409448818897637 15.874015748031496 du
291.9685039370079 141.16535433070865 34.01574803149607 15.874015748031496 Brésil
315.7795275590551 141.16535433070865 17.007874015748033 15.874015748031496 à
319.18110236220474 141.16535433070865 27.212598425196852 15.874015748031496 Paris.

123.59055118110236 209.76377952755905 76.53543307086615 32.881889763779526 L’invitation
185.66929133858267 209.76377952755905 43.08661417322835 32.881889763779526 faite
214.58267716535434 209.76377952755905 28.62992125984252 32.881889763779526 au
228.75590551181102 209.76377952755905 47.90551181102362 32.881889763779526 Brésil
262.20472440944883 209.76377952755905 28.62992125984252 32.881889763779526 de
276.66141732283467 209.76377952755905 52.724409448818896 32.881889763779526 prendre
314.92913385826773 209.76377952755905 38.267716535433074 32.881889763779526 part
338.74015748031496 209.76377952755905 23.811023622047244 32.881889763779526 à
348.37795275590554 209.76377952755905 28.62992125984252 32.881889763779526 la
362.8346456692913 209.76377952755905 57.25984251968504 32.881889763779526 deuxième
405.6377952755906 209.76377952755905 57.25984251968504 32.881889763779526 Biennale
448.7244094488189 209.76377952755905 28.62992125984252 32.881889763779526 de
458.3622047244094 209.76377952755905 33.44881889763779 32.881889763779526 Paris

115.08661417322834 237.82677165354332 24.944881889763778 19.84251968503937 a
125.29133858267717 237.82677165354332 54.70866141732284 19.84251968503937 soulevé
164.9763779527559 237.82677165354332 29.763779527559056 19.84251968503937 le
179.71653543307087 237.82677165354332 39.68503937007874 19.84251968503937 plus
204.66141732283464 237.82677165354332 34.86614173228347 19.84251968503937 vif
224.50393700787401 237.82677165354332 54.70866141732284 19.84251968503937 intérêt
264.18897637795277 237.82677165354332 39.68503937007874 19.84251968503937 dans
288.8503937007874 237.82677165354332 34.86614173228347 19.84251968503937 les
308.6929133858268 237.82677165354332 54.70866141732284 19.84251968503937 milieux
348.37795275590554 237.82677165354332 74.55118110236221 19.84251968503937 artistiques
407.90551181102364 237.82677165354332 74.55118110236221 19.84251968503937 brésiliens.
462.61417322834643 237.82677165354332 29.763779527559056 19.84251968503937 Tout

115.65354330708661 251.1496062992126 59.52755905511811 18.992125984251967 d’abord,
160.15748031496062 251.1496062992126 44.503937007874015 18.992125984251967 parce
189.92125984251967 251.1496062992126 34.58267716535433 18.992125984251967 que
209.76377952755905 251.1496062992126 34.58267716535433 18.992125984251967 les
229.60629921259843 251.1496062992126 49.60629921259842 18.992125984251967 jeunes
264.18897637795277 251.1496062992126 59.52755905511811 18.992125984251967 artistes
308.9763779527559 251.1496062992126 29.763779527559056 18.992125984251967 du
323.7165354330709 251.1496062992126 44.503937007874015 18.992125984251967 monde
353.4803149606299 251.1496062992126 49.60629921259842 18.992125984251967 entier
388.34645669291336 251.1496062992126 29.763779527559056 18.992125984251967 se
403.0866141732283 251.1496062992126 54.425196850393704 18.992125984251967 rendent
437.9527559055118 251.1496062992126 54.425196850393704 18.992125984251967 parfaite-

116.22047244094489 261.9212598425197 41.95275590551181 22.96062992125984 ment
142.29921259842519 261.9212598425197 52.44094488188976 22.96062992125984 compte
178.86614173228347 261.9212598425197 31.46456692913386 22.96062992125984 de
194.45669291338584 261.9212598425197 83.62204724409449 22.96062992125984 l’importance
262.48818897637796 261.9212598425197 36.56692913385827 22.96062992125984 que
283.46456692913387 261.9212598425197 47.05511811023622 22.96062992125984 prend
314.92913385826773 261.9212598425197 36.56692913385827 22.96062992125984 une
335.62204724409446 261.9212598425197 73.13385826771653 22.96062992125984 exposition
393.1653543307087 261.9212598425197 99.49606299212599 22.96062992125984 internationale,
471.68503937007875 261.9212598425197 20.976377952755904 22.96062992125984 où

115.93700787401575 278.0787401574803 34.2992125984252 22.393700787401574 les
135.49606299212599 278.0787401574803 49.039370078740156 22.393700787401574 œuvres
169.79527559055117 278.0787401574803 29.480314960629922 22.393700787401574 de
184.53543307086613 278.0787401574803 73.41732283464567 22.393700787401574 provenances
243.21259842519686 278.0787401574803 34.2992125984252 22.393700787401574 les
262.7716535433071 278.0787401574803 39.118110236220474 22.393700787401574 plus
287.43307086614175 278.0787401574803 58.67716535433071 22.393700787401574 diverses
331.37007874015745 278.0787401574803 29.480314960629922 22.393700787401574 et
346.1102362204724 278.0787401574803 29.480314960629922 22.393700787401574 de
360.8503937007874 278.0787401574803 63.77952755905512 22.393700787401574 tendances
409.8897637795276 278.0787401574803 34.2992125984252 22.393700787401574 les
429.4488188976378 278.0787401574803 39.118110236220474 22.393700787401574 plus
449.00787401574803 278.0787401574803 44.22047244094488 22.393700787401574 variées

116.22047244094489 291.9685039370079 56.69291338582677 24.661417322834644 peuvent
157.60629921259843 291.9685039370079 41.38582677165354 24.661417322834644 être
183.4015748031496 291.9685039370079 67.18110236220473 24.661417322834644 comparées
234.99212598425197 291.9685039370079 41.38582677165354 24.661417322834644 côte
260.78740157480314 291.9685039370079 25.79527559055118 24.661417322834644 à
270.99212598425197 291.9685039370079 46.488188976377955 24.661417322834644 côte,
302.1732283464567 291.9685039370079 67.18110236220473 24.661417322834644 véritable
353.76377952755905 291.9685039370079 51.59055118110236 24.661417322834644 compte
390.0472440944882 291.9685039370079 46.488188976377955 24.661417322834644 rendu
420.9448818897638 291.9685039370079 67.18110236220473 24.661417322834644 universel
467.43307086614175 291.9685039370079 25.79527559055118 24.661417322834644 des

117.07086614173228 307.5590551181102 73.41732283464567 22.96062992125984 principales
175.748031496063 307.5590551181102 87.8740157480315 22.96062992125984 manifestations
248.88188976377953 307.5590551181102 43.93700787401575 22.96062992125984 d’art
278.3622047244094 307.5590551181102 58.67716535433071 22.96062992125984 moderne.
322.2992125984252 307.5590551181102 29.19685039370079 22.96062992125984 En
336.755905511811 307.5590551181102 48.75590551181102 22.96062992125984 outre,
371.0551181102362 307.5590551181102 29.19685039370079 22.96062992125984 il
385.79527559055117 307.5590551181102 34.2992125984252 22.96062992125984 est
405.3543307086614 307.5590551181102 63.496062992125985 22.96062992125984 également
449.29133858267716 307.5590551181102 43.93700787401575 22.96062992125984 certain

117.35433070866142 321.73228346456693 33.44881889763779 21.543307086614174 que
136.3464566929134 321.73228346456693 33.44881889763779 21.543307086614174 les
155.6220472440945 321.73228346456693 66.61417322834646 21.543307086614174 Brésiliens
207.7795275590551 321.73228346456693 33.44881889763779 21.543307086614174 ont
226.77165354330708 321.73228346456693 33.44881889763779 21.543307086614174 été
246.04724409448818 321.73228346456693 23.811023622047244 21.543307086614174 à
255.4015748031496 321.73228346456693 37.98425196850393 21.543307086614174 même
279.21259842519686 321.73228346456693 71.43307086614173 21.543307086614174 d’apprécier
336.4724409448819 321.73228346456693 28.62992125984252 21.543307086614174 la
350.6456692913386 321.73228346456693 47.62204724409449 21.543307086614174 valeur
384.09448818897636 321.73228346456693 33.44881889763779 21.543307086614174 des
403.0866141732283 321.73228346456693 71.43307086614173 21.543307086614174 expositions
455.5275590551181 321.73228346456693 37.98425196850393 21.543307086614174 inter-

117.92125984251969 336.18897637795277 64.91338582677166 22.393700787401574 nationales
168.9448818897638 336.18897637795277 27.77952755905512 22.393700787401574 de
182.83464566929135 336.18897637795277 32.59842519685039 22.393700787401574 cet
201.25984251968504 336.18897637795277 46.488188976377955 22.393700787401574 ordre,
233.85826771653544 336.18897637795277 46.488188976377955 22.393700787401574 depuis
266.45669291338584 336.18897637795277 37.13385826771653 22.393700787401574 qu’a
289.7007874015748 336.18897637795277 32.59842519685039 22.393700787401574 été
308.12598425196853 336.18897637795277 41.669291338582674 22.393700787401574 créée
335.90551181102364 336.18897637795277 27.77952755905512 22.393700787401574 en
349.79527559055117 336.18897637795277 37.13385826771653 22.393700787401574 1951
373.03937007874015 336.18897637795277 27.77952755905512 22.393700787401574 la
386.92913385826773 336.18897637795277 55.84251968503937 22.393700787401574 Biennale
428.88188976377955 336.18897637795277 27.77952755905512 22.393700787401574 de
442.7716535433071 336.18897637795277 32.59842519685039 22.393700787401574 Sâo
456.66141732283467 336.18897637795277 37.13385826771653 22.393700787401574 Paulo.

125.85826771653544 351.21259842519686 33.44881889763779 20.125984251968504 Les
145.13385826771653 351.21259842519686 62.07874015748032 20.125984251968504 créateurs
192.75590551181102 351.21259842519686 28.62992125984252 20.125984251968504 et
207.21259842519686 351.21259842519686 81.35433070866142 20.125984251968504 organisateurs
274.1102362204724 351.21259842519686 28.62992125984252 20.125984251968504 de
288.56692913385825 351.21259842519686 28.62992125984252 20.125984251968504 la
303.0236220472441 351.21259842519686 57.54330708661417 20.125984251968504 Biennale
346.1102362204724 351.21259842519686 28.62992125984252 20.125984251968504 de
360.2834645669291 351.21259842519686 47.90551181102362 20.125984251968504 Paris,
393.73228346456693 351.21259842519686 38.267716535433074 20.125984251968504 dont
417.8267716535433 351.21259842519686 28.62992125984252 20.125984251968504 le
432.2834645669291 351.21259842519686 47.90551181102362 20.125984251968504 succès
460.9133858267717 351.21259842519686 33.44881889763779 20.125984251968504 n’est

117.63779527559055 366.5196850393701 39.118110236220474 20.125984251968504 plus
142.01574803149606 366.5196850393701 24.37795275590551 20.125984251968504 à
151.93700787401573 366.5196850393701 63.496062992125985 20.125984251968504 démontrer
200.69291338582678 366.5196850393701 49.039370078740156 20.125984251968504 depuis
234.99212598425197 366.5196850393701 29.480314960629922 20.125984251968504 la
249.73228346456693 366.5196850393701 58.67716535433071 20.125984251968504 première
293.6692913385827 366.5196850393701 83.05511811023622 20.125984251968504 manifestation
362.26771653543307 366.5196850393701 29.480314960629922 20.125984251968504 en
377.00787401574803 366.5196850393701 43.93700787401575 20.125984251968504 1959,
406.20472440944883 366.5196850393701 58.67716535433071 20.125984251968504 pourront
445.3228346456693 366.5196850393701 49.039370078740156 20.125984251968504 toujours

117.63779527559055 382.1102362204724 53.85826771653543 18.141732283464567 compter
156.75590551181102 382.1102362204724 34.2992125984252 18.141732283464567 sur
176.31496062992127 382.1102362204724 29.480314960629922 18.141732283464567 la
191.0551181102362 382.1102362204724 88.15748031496064 18.141732283464567 reconnaissance
264.18897637795277 382.1102362204724 29.480314960629922 18.141732283464567 et
278.92913385826773 382.1102362204724 78.23622047244095 18.141732283464567 l’admiration
342.4251968503937 382.1102362204724 29.480314960629922 18.141732283464567 du
357.1653543307087 382.1102362204724 43.93700787401575 18.141732283464567 monde
386.6456692913386 382.1102362204724 68.5984251968504 18.141732283464567 artistique
435.40157480314963 382.1102362204724 58.67716535433071 18.141732283464567 brésilien.

126.99212598425197 395.7165354330709 32.881889763779526 18.992125984251967 Les
145.98425196850394 395.7165354330709 56.40944881889764 18.992125984251967 peintres
188.2204724409449 395.7165354330709 28.346456692913385 18.992125984251967 et
202.39370078740157 395.7165354330709 56.40944881889764 18.992125984251967 graveurs
244.91338582677164 395.7165354330709 37.7007874015748 18.992125984251967 dont
268.4409448818898 395.7165354330709 32.881889763779526 18.992125984251967 les
287.1496062992126 395.7165354330709 47.05511811023622 18.992125984251967 œuvres
320.0314960629921 395.7165354330709 32.881889763779526 18.992125984251967 ont
339.0236220472441 395.7165354330709 32.881889763779526 18.992125984251967 été
357.73228346456693 395.7165354330709 56.40944881889764 18.992125984251967 retenues
400.251968503937 395.7165354330709 37.7007874015748 18.992125984251967 pour
423.7795275590551 395.7165354330709 42.23622047244095 18.992125984251967 cette
447.3070866141732 395.7165354330709 47.05511811023622 18.992125984251967 Biennale

119.05511811023622 409.6062992125984 28.913385826771652 24.37795275590551 de
133.51181102362204 409.6062992125984 43.37007874015748 24.37795275590551 Paris
162.4251968503937 409.6062992125984 67.46456692913385 24.37795275590551 traduisent
215.43307086614172 409.6062992125984 43.37007874015748 24.37795275590551 assez
244.3464566929134 409.6062992125984 67.46456692913385 24.37795275590551 fidèlement
297.3543307086614 409.6062992125984 57.826771653543304 24.37795275590551 certains
340.4409448818898 409.6062992125984 57.826771653543304 24.37795275590551 courants
383.81102362204723 409.6062992125984 53.00787401574803 24.37795275590551 actuels
422.3622047244094 409.6062992125984 33.732283464566926 24.37795275590551 des
441.6377952755906 409.6062992125984 38.55118110236221 24.37795275590551 arts
460.9133858267717 409.6062992125984 33.732283464566926 24.37795275590551 plas-

118.48818897637796 428.59842519685037 47.05511811023622 18.141732283464567 tiques
151.6535433070866 428.59842519685037 28.346456692913385 18.141732283464567 au
161.00787401574803 428.59842519685037 42.51968503937008 18.141732283464567 Brésil.
