515.3385826771654 625.6062992125984
62.07874015748032 5.102362204724409 64.34645669291339 20.69291338582677 SUISSE

115.65354330708661 30.614173228346456 25.511811023622048 19.275590551181104 A
125.85826771653544 30.614173228346456 30.614173228346456 19.275590551181104 ce
141.16535433070865 30.614173228346456 51.30708661417323 19.275590551181104 groupe
177.16535433070865 30.614173228346456 30.614173228346456 19.275590551181104 de
192.4724409448819 30.614173228346456 51.30708661417323 19.275590551181104 jeunes
228.18897637795277 30.614173228346456 35.71653543307087 19.275590551181104 qui
248.88188976377953 30.614173228346456 71.71653543307086 19.275590551181104 approchent
305.00787401574803 30.614173228346456 76.81889763779527 19.275590551181104 franchement
366.5196850393701 30.614173228346456 30.614173228346456 19.275590551181104 et
381.8267716535433 30.614173228346456 41.10236220472441 19.275590551181104 sans
407.62204724409446 30.614173228346456 51.30708661417323 19.275590551181104 vaines
438.23622047244095 30.614173228346456 61.511811023622045 19.275590551181104 subtilités

105.16535433070867 47.338582677165356 35.43307086614173 17.5748031496063 les
125.29133858267717 47.338582677165356 65.76377952755905 17.5748031496063 problèmes
176.03149606299212 47.338582677165356 30.330708661417322 17.5748031496063 de
191.0551181102362 47.338582677165356 30.330708661417322 17.5748031496063 la
206.36220472440945 47.338582677165356 65.76377952755905 17.5748031496063 peinture,
256.81889763779526 47.338582677165356 70.86614173228347 17.5748031496063 appartient
312.37795275590554 47.338582677165356 40.53543307086614 17.5748031496063 Jean
337.6062992125984 47.338582677165356 50.45669291338583 17.5748031496063 Baier.
373.03937007874015 47.338582677165356 35.43307086614173 17.5748031496063 Ses
393.4488188976378 47.338582677165356 60.661417322834644 17.5748031496063 ouvrages
438.8031496062992 47.338582677165356 60.661417322834644 17.5748031496063 joignent
479.33858267716533 47.338582677165356 20.125984251968504 17.5748031496063 la

106.01574803149606 59.52755905511811 52.15748031496063 17.858267716535433 netteté
144.0 59.52755905511811 61.79527559055118 17.858267716535433 technique
191.6220472440945 59.52755905511811 23.811023622047244 17.858267716535433 à
200.9763779527559 59.52755905511811 28.346456692913385 17.858267716535433 la
215.1496062992126 59.52755905511811 61.79527559055118 17.858267716535433 précision
262.7716535433071 59.52755905511811 28.346456692913385 17.858267716535433 de
276.9448818897638 59.52755905511811 28.346456692913385 17.858267716535433 la
291.11811023622045 59.52755905511811 47.338582677165356 17.858267716535433 forme.
324.2834645669291 59.52755905511811 28.346456692913385 17.858267716535433 Il
338.74015748031496 59.52755905511811 23.811023622047244 17.858267716535433 a
348.09448818897636 59.52755905511811 33.16535433070866 17.858267716535433 dit
367.0866141732283 59.52755905511811 28.346456692913385 17.858267716535433 un
381.25984251968504 59.52755905511811 37.98425196850393 17.858267716535433 jour
405.07086614173227 59.52755905511811 42.803149606299215 17.858267716535433 qu’il
433.7007874015748 59.52755905511811 52.15748031496063 17.858267716535433 voulait
466.86614173228344 59.52755905511811 33.16535433070866 17.858267716535433 faire

105.73228346456693 74.26771653543307 37.7007874015748 20.125984251968504 les
127.2755905511811 74.26771653543307 48.47244094488189 20.125984251968504 Rolls
159.59055118110237 74.26771653543307 32.31496062992126 20.125984251968504 de
175.748031496063 74.26771653543307 32.31496062992126 20.125984251968504 la
191.90551181102362 74.26771653543307 70.01574803149606 20.125984251968504 peinture.
246.04724409448818 74.26771653543307 43.08661417322835 20.125984251968504 Cela
272.9763779527559 74.26771653543307 64.62992125984252 20.125984251968504 signifie
321.4488188976378 74.26771653543307 59.24409448818898 20.125984251968504 qualité
364.53543307086613 74.26771653543307 59.24409448818898 20.125984251968504 maximum
407.90551181102364 74.26771653543307 43.08661417322835 20.125984251968504 dans
429.4488188976378 74.26771653543307 70.01574803149606 20.125984251968504 l’exécution

105.44881889763779 92.40944881889764 51.59055118110236 15.874015748031496 comme
139.748031496063 92.40944881889764 45.63779527559055 15.874015748031496 dans
168.3779527559055 92.40944881889764 34.2992125984252 15.874015748031496 la
185.38582677165354 92.40944881889764 85.88976377952756 15.874015748031496 combinaison
253.98425196850394 92.40944881889764 79.93700787401575 15.874015748031496 d’éléments
316.9133858267717 92.40944881889764 62.92913385826772 15.874015748031496 connus.
362.8346456692913 92.40944881889764 34.2992125984252 15.874015748031496 Le
379.84251968503935 92.40944881889764 68.5984251968504 15.874015748031496 principe
425.76377952755905 92.40944881889764 74.26771653543307 15.874015748031496 fondamental

106.01574803149606 102.04724409448819 30.04724409448819 18.141732283464567 de
121.03937007874016 102.04724409448819 34.86614173228347 18.141732283464567 MM.
141.16535433070865 102.04724409448819 30.04724409448819 18.141732283464567 C.
155.90551181102362 102.04724409448819 30.04724409448819 18.141732283464567 S.
170.9291338582677 102.04724409448819 44.78740157480315 18.141732283464567 Rolls
200.9763779527559 102.04724409448819 30.04724409448819 18.141732283464567 et
215.71653543307087 102.04724409448819 44.78740157480315 18.141732283464567 Henry
245.76377952755905 102.04724409448819 44.78740157480315 18.141732283464567 Royce
275.5275590551181 102.04724409448819 54.70866141732284 18.141732283464567 n’était
315.496062992126 102.04724409448819 30.04724409448819 18.141732283464567 ni
330.5196850393701 102.04724409448819 30.04724409448819 18.141732283464567 la
345.54330708661416 102.04724409448819 69.73228346456693 18.141732283464567 nouveauté,
400.251968503937 102.04724409448819 30.04724409448819 18.141732283464567 ni
415.2755905511811 102.04724409448819 30.04724409448819 18.141732283464567 la
430.2992125984252 102.04724409448819 69.73228346456693 18.141732283464567 sensation,
480.18897637795277 102.04724409448819 19.84251968503937 18.141732283464567 ni

105.73228346456693 115.65354330708661 30.89763779527559 18.708661417322833 la
121.03937007874016 115.65354330708661 46.20472440944882 18.708661417322833 mode.
151.93700787401573 115.65354330708661 30.89763779527559 18.708661417322833 Il
167.24409448818898 115.65354330708661 30.89763779527559 18.708661417322833 en
182.5511811023622 115.65354330708661 30.89763779527559 18.708661417322833 va
198.14173228346456 115.65354330708661 30.89763779527559 18.708661417322833 de
213.4488188976378 115.65354330708661 41.10236220472441 18.708661417322833 même
238.96062992125985 115.65354330708661 41.10236220472441 18.708661417322833 chez
264.755905511811 115.65354330708661 41.10236220472441 18.708661417322833 Jean
290.26771653543307 115.65354330708661 51.30708661417323 18.708661417322833 Baier.
326.26771653543307 115.65354330708661 30.89763779527559 18.708661417322833 Il
341.5748031496063 115.65354330708661 36.0 18.708661417322833 n’a
362.26771653543307 115.65354330708661 36.0 18.708661417322833 pas
382.6771653543307 115.65354330708661 41.10236220472441 18.708661417322833 créé
408.18897637795277 115.65354330708661 61.511811023622045 18.708661417322833 lui-même
454.3937007874016 115.65354330708661 41.10236220472441 18.708661417322833 tous
475.0866141732283 115.65354330708661 25.511811023622048 18.708661417322833 ses

106.58267716535433 130.11023622047244 53.29133858267716 20.69291338582677 moyens
144.0 130.11023622047244 90.4251968503937 20.69291338582677 d’expression,
218.26771653543307 130.11023622047244 42.51968503937008 20.69291338582677 mais
244.91338582677164 130.11023622047244 32.031496062992126 20.69291338582677 il
260.78740157480314 130.11023622047244 37.13385826771653 20.69291338582677 les
282.0472440944882 130.11023622047244 26.64566929133858 20.69291338582677 a
292.81889763779526 130.11023622047244 47.90551181102362 20.69291338582677 menés
324.56692913385825 130.11023622047244 26.64566929133858 20.69291338582677 à
335.33858267716533 130.11023622047244 37.13385826771653 20.69291338582677 une
356.59842519685037 130.11023622047244 79.65354330708661 20.69291338582677 combinaison
420.37795275590554 130.11023622047244 63.77952755905512 20.69291338582677 durable,
462.8976377952756 130.11023622047244 37.13385826771653 20.69291338582677 d’une

106.86614173228347 145.13385826771653 42.803149606299215 19.559055118110237 haute
135.49606299212599 145.13385826771653 52.15748031496063 19.559055118110237 clarté,
173.48031496062993 145.13385826771653 33.16535433070866 19.559055118110237 qui
192.4724409448819 145.13385826771653 33.16535433070866 19.559055118110237 est
211.46456692913387 145.13385826771653 52.15748031496063 19.559055118110237 typique
249.4488188976378 145.13385826771653 28.62992125984252 19.559055118110237 de
263.62204724409446 145.13385826771653 33.16535433070866 19.559055118110237 son
282.61417322834643 145.13385826771653 37.98425196850393 19.559055118110237 art.
306.4251968503937 145.13385826771653 52.15748031496063 19.559055118110237 Certes,
344.40944881889766 145.13385826771653 28.62992125984252 19.559055118110237 il
358.5826771653543 145.13385826771653 23.811023622047244 19.559055118110237 y
368.2204724409449 145.13385826771653 23.811023622047244 19.559055118110237 a
377.5748031496063 145.13385826771653 61.79527559055118 19.559055118110237 également
425.1968503937008 145.13385826771653 28.62992125984252 19.559055118110237 là
439.37007874015745 145.13385826771653 33.16535433070866 19.559055118110237 une
453.54330708661416 145.13385826771653 47.62204724409449 19.559055118110237 attitude

105.44881889763779 164.69291338582678 80.22047244094489 14.456692913385826 typiquement
169.51181102362204 164.69291338582678 58.67716535433071 14.456692913385826 suisse:
212.31496062992127 164.69291338582678 69.44881889763779 14.456692913385826 s’engager
265.8897637795276 164.69291338582678 32.031496062992126 14.456692913385826 en
281.76377952755905 164.69291338582678 53.29133858267716 14.456692913385826 faveur
319.18110236220474 164.69291338582678 48.188976377952756 14.456692913385826 d’une
351.21259842519686 164.69291338582678 48.188976377952756 14.456692913385826 chose
383.244094488189 164.69291338582678 64.06299212598425 14.456692913385826 valable,
431.43307086614175 164.69291338582678 32.031496062992126 14.456692913385826 en
442.20472440944883 164.69291338582678 58.67716535433071 14.456692913385826 acceptant

106.86614173228347 179.71653543307087 29.480314960629922 13.039370078740157 le
121.60629921259843 179.71653543307087 49.32283464566929 13.039370078740157 risque
156.18897637795277 179.71653543307087 49.32283464566929 13.039370078740157 d’être
190.48818897637796 179.71653543307087 44.503937007874015 13.039370078740157 moins
220.251968503937 179.71653543307087 83.90551181102362 13.039370078740157 sensationnel;
289.13385826771656 179.71653543307087 68.88188976377953 13.039370078740157 poursuivre
343.2755905511811 179.71653543307087 34.58267716535433 13.039370078740157 une
363.11811023622045 179.71653543307087 64.06299212598425 13.039370078740157 tradition
412.4409448818898 179.71653543307087 39.40157480314961 13.039370078740157 dont
437.1023622047244 179.71653543307087 29.480314960629922 13.039370078740157 on
447.0236220472441 179.71653543307087 54.14173228346457 13.039370078740157 reconnait

106.2992125984252 193.60629921259843 31.46456692913386 15.307086614173228 le
122.1732283464567 193.60629921259843 78.80314960629921 15.307086614173228 bien-fondé,
185.38582677165354 193.60629921259843 31.46456692913386 15.307086614173228 en
200.9763779527559 193.60629921259843 68.31496062992126 15.307086614173228 renonçant
253.70078740157481 193.60629921259843 26.362204724409448 15.307086614173228 à
264.18897637795277 193.60629921259843 36.8503937007874 15.307086614173228 une
285.1653543307087 193.60629921259843 73.7007874015748 15.307086614173228 expression
342.99212598425197 193.60629921259843 89.29133858267717 15.307086614173228 excessivement
411.59055118110234 193.60629921259843 89.29133858267717 15.307086614173228 individualiste;

106.2992125984252 204.3779527559055 82.20472440944881 16.724409448818896 expérimenter
172.91338582677164 204.3779527559055 36.0 16.724409448818896 les
193.60629921259843 204.3779527559055 51.30708661417323 16.724409448818896 forces
229.3228346456693 204.3779527559055 82.20472440944881 16.724409448818896 silencieuses
296.2204724409449 204.3779527559055 30.89763779527559 16.724409448818896 de
311.5275590551181 204.3779527559055 77.10236220472441 16.724409448818896 l’harmonie,
373.03937007874015 204.3779527559055 30.89763779527559 16.724409448818896 en
388.62992125984255 204.3779527559055 71.71653543307086 16.724409448818896 s’opposant
445.03937007874015 204.3779527559055 30.89763779527559 16.724409448818896 au
455.244094488189 204.3779527559055 46.20472440944882 16.724409448818896 vacarme

106.01574803149606 222.8031496062992 70.86614173228347 16.15748031496063 quotidien.
161.85826771653544 222.8031496062992 45.63779527559055 16.15748031496063 Voilà
192.18897637795277 222.8031496062992 30.330708661417322 16.15748031496063 ce
207.49606299212599 222.8031496062992 35.43307086614173 16.15748031496063 que
227.6220472440945 222.8031496062992 70.86614173228347 16.15748031496063 signifient
283.46456692913387 222.8031496062992 35.43307086614173 16.15748031496063 les
303.59055118110234 222.8031496062992 50.74015748031496 16.15748031496063 champs
339.0236220472441 222.8031496062992 55.84251968503937 16.15748031496063 colorés
379.5590551181102 222.8031496062992 35.43307086614173 16.15748031496063 que
399.9685039370079 222.8031496062992 40.53543307086614 16.15748031496063 Jean
425.1968503937008 222.8031496062992 45.63779527559055 16.15748031496063 Baier
450.4251968503937 222.8031496062992 50.74015748031496 16.15748031496063 cultive.

446.74015748031496 537.4488188976378 38.83464566929134 17.291338582677167 Max
463.18110236220474 537.4488188976378 33.16535433070866 17.291338582677167 Bill

236.9763779527559 553.6062992125984 54.425196850393704 16.440944881889763 Membre
274.96062992125985 553.6062992125984 32.59842519685039 16.440944881889763 de
291.40157480314963 553.6062992125984 32.59842519685039 16.440944881889763 la
307.5590551181102 553.6062992125984 76.25196850393701 16.440944881889763 Commission
367.37007874015745 553.6062992125984 65.19685039370079 16.440944881889763 Fédérale
416.40944881889766 553.6062992125984 37.98425196850393 16.440944881889763 des
432.8503937007874 553.6062992125984 70.58267716535433 16.440944881889763 Beaux

119.33858267716535 598.1102362204724 30.614173228346456 16.440944881889763 108
