515.3385826771654 625.6062992125984
67.18110236220473 5.3858267716535435 98.07874015748031 23.52755905511811 URUGUAV

170.64566929133858 203.5275590551181 70.86614173228347 15.307086614173228 Commissaire
227.6220472440945 203.5275590551181 52.15748031496063 15.307086614173228 Général
265.3228346456693 203.5275590551181 23.52755905511811 15.307086614173228 :
274.96062992125985 203.5275590551181 66.33070866141732 15.307086614173228 Alberto
322.2992125984252 203.5275590551181 70.86614173228347 15.307086614173228 Vigouroux

169.51181102362204 215.71653543307087 72.28346456692914 12.472440944881889 Président
225.0708661417323 215.71653543307087 33.16535433070866 12.472440944881889 de
241.79527559055117 215.71653543307087 33.16535433070866 12.472440944881889 la
252.8503937007874 215.71653543307087 66.61417322834646 12.472440944881889 Commission

170.9291338582677 225.35433070866142 64.34645669291339 15.874015748031496 Nationale
220.251968503937 225.35433070866142 34.58267716535433 15.874015748031496 des
235.2755905511811 225.35433070866142 64.34645669291339 15.874015748031496 Beaux

126.4251968503937 333.07086614173227 65.19685039370079 21.826771653543307 L’Uruguay
176.5984251968504 333.07086614173227 45.07086614173228 21.826771653543307 vient
206.9291338582677 333.07086614173227 40.25196850393701 21.826771653543307 pour
231.8740157480315 333.07086614173227 30.04724409448819 21.826771653543307 la
246.89763779527559 333.07086614173227 60.09448818897638 21.826771653543307 première
292.251968503937 333.07086614173227 40.25196850393701 21.826771653543307 fois
317.1968503937008 333.07086614173227 25.228346456692915 21.826771653543307 à
327.40157480314963 333.07086614173227 30.04724409448819 21.826771653543307 la
342.4251968503937 333.07086614173227 60.09448818897638 21.826771653543307 Biennale
387.496062992126 333.07086614173227 30.04724409448819 21.826771653543307 de
402.5196850393701 333.07086614173227 45.07086614173228 21.826771653543307 Paris
432.56692913385825 333.07086614173227 40.25196850393701 21.826771653543307 pour
452.6929133858268 333.07086614173227 55.275590551181104 21.826771653543307 présenter

117.07086614173228 349.51181102362204 56.69291338582677 17.5748031496063 l’œuvre
158.17322834645668 349.51181102362204 30.89763779527559 17.5748031496063 de
173.76377952755905 349.51181102362204 41.10236220472441 17.5748031496063 deux
199.2755905511811 349.51181102362204 30.89763779527559 17.5748031496063 de
214.86614173228347 349.51181102362204 36.0 17.5748031496063 ses
235.55905511811022 349.51181102362204 61.79527559055118 17.5748031496063 artistes
281.76377952755905 349.51181102362204 36.0 17.5748031496063 les
302.45669291338584 349.51181102362204 41.10236220472441 17.5748031496063 plus
327.9685039370079 349.51181102362204 46.20472440944882 17.5748031496063 doués
358.86614173228344 349.51181102362204 30.89763779527559 17.5748031496063 de
374.45669291338584 349.51181102362204 30.89763779527559 17.5748031496063 la
389.76377952755905 349.51181102362204 61.79527559055118 17.5748031496063 dernière
436.251968503937 349.51181102362204 72.0 17.5748031496063 promotion,
487.5590551181102 349.51181102362204 20.69291338582677 17.5748031496063 le

117.07086614173228 365.1023622047244 58.67716535433071 20.69291338582677 peintre
159.8740157480315 365.1023622047244 42.803149606299215 20.69291338582677 José
186.51968503937007 365.1023622047244 58.67716535433071 20.69291338582677 Gamarra
229.3228346456693 365.1023622047244 32.031496062992126 20.69291338582677 et
245.1968503937008 365.1023622047244 32.031496062992126 20.69291338582677 le
261.3543307086614 365.1023622047244 58.67716535433071 20.69291338582677 graveur
304.15748031496065 365.1023622047244 53.29133858267716 20.69291338582677 Glauco
336.18897637795277 365.1023622047244 64.06299212598425 20.69291338582677 Capozzoli.

125.5748031496063 376.7244094488189 43.653543307086615 17.291338582677167 Tous
152.78740157480314 376.7244094488189 43.653543307086615 17.291338582677167 deux
180.0 376.7244094488189 38.267716535433074 17.291338582677167 ont
202.11023622047244 376.7244094488189 38.267716535433074 17.291338582677167 été
223.93700787401573 376.7244094488189 38.267716535433074 17.291338582677167 les
245.76377952755905 376.7244094488189 65.48031496062993 17.291338582677167 lauréats
294.8031496062992 376.7244094488189 32.881889763779526 17.291338582677167 du
311.244094488189 376.7244094488189 65.48031496062993 17.291338582677167 concours
360.56692913385825 376.7244094488189 65.48031496062993 17.291338582677167 effectué
409.6062992125984 376.7244094488189 38.267716535433074 17.291338582677167 par
431.43307086614175 376.7244094488189 32.881889763779526 17.291338582677167 la
442.48818897637796 376.7244094488189 65.48031496062993 17.291338582677167 Commission

118.20472440944881 392.88188976377955 67.74803149606299 18.708661417322833 Nationale
170.07874015748033 392.88188976377955 36.56692913385827 18.708661417322833 des
191.0551181102362 392.88188976377955 78.23622047244095 18.708661417322833 Beaux-Arts,
253.41732283464566 392.88188976377955 41.669291338582674 18.708661417322833 pour
279.496062992126 392.88188976377955 83.33858267716535 18.708661417322833 sélectionner
347.244094488189 392.88188976377955 36.56692913385827 18.708661417322833 les
368.2204724409449 392.88188976377955 57.25984251968504 18.708661417322833 auteurs
409.8897637795276 392.88188976377955 62.645669291338585 18.708661417322833 destinés
456.66141732283467 392.88188976377955 26.078740157480315 18.708661417322833 à
462.0472440944882 392.88188976377955 46.77165354330709 18.708661417322833 figurer

117.63779527559055 408.755905511811 40.818897637795274 16.724409448818896 dans
143.1496062992126 408.755905511811 45.92125984251968 16.724409448818896 cette
173.76377952755905 408.755905511811 71.43307086614173 16.724409448818896 importante
229.88976377952756 408.755905511811 86.74015748031496 16.724409448818896 manifestation
296.503937007874 408.755905511811 86.74015748031496 16.724409448818896 internationale.

126.99212598425197 418.96062992125985 70.01574803149606 22.11023622047244 Capozzoli
180.8503937007874 418.96062992125985 37.7007874015748 22.11023622047244 est
202.39370078740157 418.96062992125985 32.31496062992126 22.11023622047244 un
218.5511811023622 418.96062992125985 80.78740157480316 22.11023622047244 infatigable
283.18110236220474 418.96062992125985 70.01574803149606 22.11023622047244 chercheur
336.755905511811 418.96062992125985 32.31496062992126 22.11023622047244 de
352.9133858267717 418.96062992125985 75.4015748031496 22.11023622047244 vocations,
412.15748031496065 418.96062992125985 32.31496062992126 22.11023622047244 de
428.31496062992125 418.96062992125985 64.62992125984252 22.11023622047244 matières
476.78740157480314 418.96062992125985 32.31496062992126 22.11023622047244 et
487.5590551181102 418.96062992125985 21.543307086614174 22.11023622047244 de

118.20472440944881 438.8031496062992 86.1732283464567 17.291338582677167 possibilités.
189.35433070866142 438.8031496062992 30.330708661417322 17.291338582677167 Il
204.66141732283464 438.8031496062992 71.14960629921259 17.291338582677167 renouvelle
260.503937007874 438.8031496062992 30.330708661417322 17.291338582677167 ou
275.5275590551181 438.8031496062992 30.330708661417322 17.291338582677167 il
290.8346456692913 438.8031496062992 40.53543307086614 17.291338582677167 crée
316.34645669291336 438.8031496062992 35.43307086614173 17.291338582677167 des
336.4724409448819 438.8031496062992 76.25196850393701 17.291338582677167 techniques,
397.4173228346457 438.8031496062992 30.330708661417322 17.291338582677167 ou
412.7244094488189 438.8031496062992 50.74015748031496 17.291338582677167 encore
448.15748031496065 438.8031496062992 35.43307086614173 17.291338582677167 ses
463.46456692913387 438.8031496062992 45.63779527559055 17.291338582677167 propres

118.20472440944881 449.8582677165354 70.58267716535433 18.4251968503937 méthodes,
172.62992125984252 449.8582677165354 43.37007874015748 18.4251968503937 dans
199.55905511811022 449.8582677165354 32.59842519685039 18.4251968503937 le
216.0 449.8582677165354 37.98425196850393 18.4251968503937 but
237.82677165354332 449.8582677165354 32.59842519685039 18.4251968503937 de
253.98425196850394 449.8582677165354 54.425196850393704 18.4251968503937 donner
291.9685039370079 449.8582677165354 27.212598425196852 18.4251968503937 à
303.0236220472441 449.8582677165354 37.98425196850393 18.4251968503937 ses
324.56692913385825 449.8582677165354 65.19685039370079 18.4251968503937 gravures
373.6062992125984 449.8582677165354 32.59842519685039 18.4251968503937 ou
389.76377952755905 449.8582677165354 27.212598425196852 18.4251968503937 à
400.81889763779526 449.8582677165354 37.98425196850393 18.4251968503937 ses
422.3622047244094 449.8582677165354 87.02362204724409 18.4251968503937 impressions,
487.5590551181102 449.8582677165354 21.826771653543307 18.4251968503937 le

118.77165354330708 467.7165354330709 55.84251968503937 14.173228346456693 maximum
159.30708661417322 467.7165354330709 30.330708661417322 14.173228346456693 de
174.61417322834646 467.7165354330709 55.84251968503937 14.173228346456693 qualité
215.1496062992126 467.7165354330709 40.53543307086614 14.173228346456693 dans
240.66141732283464 467.7165354330709 81.35433070866142 14.173228346456693 l’exécution,
306.70866141732284 467.7165354330709 30.330708661417322 14.173228346456693 en
321.73228346456693 467.7165354330709 60.94488188976378 14.173228346456693 essayant
367.65354330708664 467.7165354330709 30.330708661417322 14.173228346456693 de
382.6771653543307 467.7165354330709 55.84251968503937 14.173228346456693 trouver
423.496062992126 467.7165354330709 60.94488188976378 14.173228346456693 toujours
469.13385826771656 467.7165354330709 30.330708661417322 14.173228346456693 le
479.33858267716533 467.7165354330709 30.330708661417322 14.173228346456693 pro-

118.48818897637796 477.6377952755906 49.60629921259842 20.976377952755904 cessus
153.0708661417323 477.6377952755906 34.58267716535433 20.976377952755904 qui
172.91338582677164 477.6377952755906 64.34645669291339 20.976377952755904 convienne
222.23622047244095 477.6377952755906 29.763779527559056 20.976377952755904 le
237.25984251968504 477.6377952755906 44.503937007874015 20.976377952755904 mieux
267.0236220472441 477.6377952755906 24.661417322834644 20.976377952755904 à
276.9448818897638 477.6377952755906 84.18897637795276 20.976377952755904 l’orientation
346.1102362204724 477.6377952755906 29.763779527559056 20.976377952755904 de
361.13385826771656 477.6377952755906 34.58267716535433 20.976377952755904 son
380.9763779527559 477.6377952755906 49.60629921259842 20.976377952755904 œuvre.
415.5590551181102 477.6377952755906 44.503937007874015 20.976377952755904 C’est
445.3228346456693 477.6377952755906 29.763779527559056 20.976377952755904 un
455.244094488189 477.6377952755906 54.425196850393704 20.976377952755904 excellent

118.48818897637796 492.9448818897638 79.37007874015748 19.84251968503937 dessinateur
181.98425196850394 492.9448818897638 37.13385826771653 19.84251968503937 qui
203.24409448818898 492.9448818897638 42.23622047244095 19.84251968503937 rend
229.60629921259843 492.9448818897638 31.748031496062993 19.84251968503937 la
245.48031496062993 492.9448818897638 58.110236220472444 19.84251968503937 réalité
287.7165354330709 492.9448818897638 42.23622047244095 19.84251968503937 dans
314.0787401574803 492.9448818897638 37.13385826771653 19.84251968503937 des
335.33858267716533 492.9448818897638 73.98425196850394 19.84251968503937 dimensions
393.4488188976378 492.9448818897638 73.98425196850394 19.84251968503937 poétiques,
451.5590551181102 492.9448818897638 31.748031496062993 19.84251968503937 en
462.0472440944882 492.9448818897638 47.62204724409449 19.84251968503937 animant

119.05511811023622 511.65354330708664 88.7244094488189 17.858267716535433 d’expressives
192.18897637795277 511.65354330708664 62.645669291338585 17.858267716535433 estampes
233.85826771653544 511.65354330708664 57.54330708661417 17.858267716535433 lyriques.

127.84251968503936 521.5748031496063 55.275590551181104 19.275590551181104 Gamarra
168.09448818897638 521.5748031496063 35.1496062992126 19.275590551181104 est
188.2204724409449 521.5748031496063 30.04724409448819 19.275590551181104 la
203.24409448818898 521.5748031496063 40.25196850393701 19.275590551181104 plus
228.4724409448819 521.5748031496063 55.275590551181104 19.275590551181104 récente
268.7244094488189 521.5748031496063 70.2992125984252 19.275590551181104 révélation
324.0 521.5748031496063 30.04724409448819 19.275590551181104 de
339.0236220472441 521.5748031496063 45.354330708661415 19.275590551181104 cette
369.07086614173227 521.5748031496063 65.48031496062993 19.275590551181104 nombreuse
419.5275590551181 521.5748031496063 55.275590551181104 19.275590551181104 pléiade
459.7795275590551 521.5748031496063 35.1496062992126 19.275590551181104 qui
474.8031496062992 521.5748031496063 35.1496062992126 19.275590551181104 écrit

118.48818897637796 536.5984251968504 31.181102362204726 16.440944881889763 la
134.07874015748033 536.5984251968504 41.669291338582674 16.440944881889763 plus
160.15748031496062 536.5984251968504 47.05511811023622 16.440944881889763 jeune
191.33858267716536 536.5984251968504 41.669291338582674 16.440944881889763 page
217.41732283464566 536.5984251968504 31.181102362204726 16.440944881889763 de
233.29133858267716 536.5984251968504 31.181102362204726 16.440944881889763 la
248.88188976377953 536.5984251968504 62.645669291338585 16.440944881889763 peinture
295.65354330708664 536.5984251968504 83.33858267716535 16.440944881889763 uruguayenne.
363.68503937007875 536.5984251968504 57.25984251968504 16.440944881889763 Peintre
405.3543307086614 536.5984251968504 62.645669291338585 16.440944881889763 sérieux,
452.40944881889766 536.5984251968504 31.181102362204726 16.440944881889763 il
462.61417322834643 536.5984251968504 47.05511811023622 16.440944881889763 insiste

118.77165354330708 553.3228346456693 55.84251968503937 19.84251968503937 depuis
157.88976377952756 553.3228346456693 67.18110236220473 19.84251968503937 quelques
208.3464566929134 553.3228346456693 55.84251968503937 19.84251968503937 années
247.46456692913387 553.3228346456693 44.78740157480315 19.84251968503937 dans
275.5275590551181 553.3228346456693 33.44881889763779 19.84251968503937 la
292.251968503937 553.3228346456693 94.96062992125984 19.84251968503937 consolidation
370.48818897637796 553.3228346456693 50.45669291338583 19.84251968503937 d’une
403.93700787401576 553.3228346456693 78.23622047244095 19.84251968503937 expression
459.7795275590551 553.3228346456693 50.45669291338583 19.84251968503937 pouvant

131.81102362204723 600.9448818897638 30.330708661417322 18.141732283464567 116
