522.4251968503937 622.7716535433071
439.0866141732283 2.267716535433071 61.79527559055118 23.811023622047244 SUEDE

51.59055118110236 33.16535433070866 77.95275590551181 18.4251968503937 éminemment
112.81889763779527 33.16535433070866 77.95275590551181 18.4251968503937 figuratif,
174.04724409448818 33.16535433070866 55.55905511811024 18.4251968503937 encore
213.16535433070865 33.16535433070866 38.83464566929134 18.4251968503937 que
235.2755905511811 33.16535433070866 55.55905511811024 18.4251968503937 créant
274.3937007874016 33.16535433070866 38.83464566929134 18.4251968503937 des
296.503937007874 33.16535433070866 55.55905511811024 18.4251968503937 mondes
335.62204724409446 33.16535433070866 44.503937007874015 18.4251968503937 très
363.40157480314963 33.16535433070866 77.95275590551181 18.4251968503937 personnels
419.244094488189 33.16535433070866 38.83464566929134 18.4251968503937 gérés

52.15748031496063 51.023622047244096 35.43307086614173 15.874015748031496 par
72.56692913385827 51.023622047244096 35.43307086614173 15.874015748031496 des
92.69291338582677 51.023622047244096 40.53543307086614 15.874015748031496 lois
117.92125984251969 51.023622047244096 35.43307086614173 15.874015748031496 qui
138.33070866141733 51.023622047244096 40.53543307086614 15.874015748031496 leur
163.55905511811022 51.023622047244096 40.53543307086614 15.874015748031496 sont
189.0708661417323 51.023622047244096 60.661417322834644 15.874015748031496 propres.
234.70866141732284 51.023622047244096 30.330708661417322 15.874015748031496 La
249.73228346456693 51.023622047244096 45.63779527559055 15.874015748031496 forme
280.06299212598424 51.023622047244096 35.43307086614173 15.874015748031496 est
300.4724409448819 51.023622047244096 40.53543307086614 15.874015748031496 tout
325.7007874015748 51.023622047244096 25.228346456692915 15.874015748031496 à
335.90551181102364 51.023622047244096 40.53543307086614 15.874015748031496 fait
361.13385826771656 51.023622047244096 55.84251968503937 15.874015748031496 soumise
401.6692913385827 51.023622047244096 25.228346456692915 15.874015748031496 à
406.7716535433071 51.023622047244096 50.74015748031496 15.874015748031496 l’action

52.15748031496063 64.06299212598425 72.85039370078741 15.874015748031496 dramatique
109.41732283464567 64.06299212598425 31.181102362204726 15.874015748031496 du
125.00787401574803 64.06299212598425 57.25984251968504 15.874015748031496 contenu
166.6771653543307 64.06299212598425 31.181102362204726 15.874015748031496 et
182.26771653543307 64.06299212598425 36.56692913385827 15.874015748031496 les
202.96062992125985 64.06299212598425 57.25984251968504 15.874015748031496 mérites
244.62992125984252 64.06299212598425 72.85039370078741 15.874015748031496 décoratifs
301.8897637795276 64.06299212598425 41.669291338582674 15.874015748031496 sont
322.86614173228344 64.06299212598425 57.25984251968504 15.874015748031496 fortuits.

62.07874015748032 75.4015748031496 40.53543307086614 18.992125984251967 Cart
87.59055118110236 75.4015748031496 55.84251968503937 18.992125984251967 Fredrik
128.1259842519685 75.4015748031496 76.25196850393701 18.992125984251967 Reuterswârd
189.0708661417323 75.4015748031496 35.71653543307087 18.992125984251967 est
209.48031496062993 75.4015748031496 66.04724409448819 18.992125984251967 également
260.503937007874 75.4015748031496 30.614173228346456 18.992125984251967 un
275.5275590551181 75.4015748031496 55.84251968503937 18.992125984251967 artiste
316.34645669291336 75.4015748031496 25.511811023622048 18.992125984251967 à
326.5511811023622 75.4015748031496 30.614173228346456 18.992125984251967 la
341.5748031496063 75.4015748031496 40.53543307086614 18.992125984251967 fois
367.0866141732283 75.4015748031496 55.84251968503937 18.992125984251967 suédois
407.90551181102364 75.4015748031496 30.614173228346456 18.992125984251967 et
418.1102362204724 75.4015748031496 40.53543307086614 18.992125984251967 inter-

52.44094488188976 92.40944881889764 68.5984251968504 15.023622047244094 national.
105.16535433070867 92.40944881889764 31.46456692913386 15.023622047244094 Il
121.03937007874016 92.40944881889764 26.362204724409448 15.023622047244094 a
131.5275590551181 92.40944881889764 52.724409448818896 15.023622047244094 exposé
168.3779527559055 92.40944881889764 26.362204724409448 15.023622047244094 —
178.86614173228347 92.40944881889764 42.23622047244095 15.023622047244094 seul
205.22834645669292 92.40944881889764 31.46456692913386 15.023622047244094 ou
221.10236220472441 92.40944881889764 31.46456692913386 15.023622047244094 en
236.9763779527559 92.40944881889764 52.724409448818896 15.023622047244094 groupe
273.8267716535433 92.40944881889764 26.362204724409448 15.023622047244094 —
284.31496062992125 92.40944881889764 42.23622047244095 15.023622047244094 avec
310.6771653543307 92.40944881889764 26.362204724409448 15.023622047244094 «
321.1653543307087 92.40944881889764 52.724409448818896 15.023622047244094 Phases
358.01574803149606 92.40944881889764 26.362204724409448 15.023622047244094 »
368.503937007874 92.40944881889764 31.46456692913386 15.023622047244094 et
384.37795275590554 92.40944881889764 26.362204724409448 15.023622047244094 «
394.86614173228344 92.40944881889764 63.21259842519685 15.023622047244094 Interart
437.1023622047244 92.40944881889764 20.976377952755904 15.023622047244094 ».

52.44094488188976 107.14960629921259 32.59842519685039 17.858267716535433 La
68.5984251968504 107.14960629921259 54.14173228346457 17.858267716535433 poésie
106.58267716535433 107.14960629921259 32.59842519685039 17.858267716535433 et
122.74015748031496 107.14960629921259 32.59842519685039 17.858267716535433 le
139.1811023622047 107.14960629921259 54.14173228346457 17.858267716535433 cinéma
176.88188976377953 107.14960629921259 43.37007874015748 17.858267716535433 sont
204.09448818897638 107.14960629921259 48.75590551181102 17.858267716535433 aussi
236.69291338582678 107.14960629921259 37.98425196850393 17.858267716535433 ses
258.23622047244095 107.14960629921259 54.14173228346457 17.858267716535433 moyens
296.2204724409449 107.14960629921259 92.1259842519685 17.858267716535433 d’expression.
371.90551181102364 107.14960629921259 48.75590551181102 17.858267716535433 Aussi
404.503937007874 107.14960629921259 43.37007874015748 17.858267716535433 bien
426.0472440944882 107.14960629921259 32.59842519685039 17.858267716535433 dans

52.724409448818896 121.32283464566929 30.89763779527559 14.740157480314961 sa
68.03149606299213 121.32283464566929 51.59055118110236 14.740157480314961 poésie
104.03149606299213 121.32283464566929 36.0 14.740157480314961 que
124.7244094488189 121.32283464566929 41.10236220472441 14.740157480314961 dans
150.51968503937007 121.32283464566929 30.89763779527559 14.740157480314961 sa
165.82677165354332 121.32283464566929 66.89763779527559 14.740157480314961 peinture,
217.41732283464566 121.32283464566929 30.89763779527559 14.740157480314961 il
232.7244094488189 121.32283464566929 56.69291338582677 14.740157480314961 ironise
273.8267716535433 121.32283464566929 25.79527559055118 14.740157480314961 —
284.31496062992125 121.32283464566929 36.0 14.740157480314961 non
304.7244094488189 121.32283464566929 41.10236220472441 14.740157480314961 sans
330.5196850393701 121.32283464566929 51.59055118110236 14.740157480314961 humour
366.5196850393701 121.32283464566929 25.79527559055118 14.740157480314961 —
377.00787401574803 121.32283464566929 36.0 14.740157480314961 sur
397.4173228346457 121.32283464566929 36.0 14.740157480314961 les
413.00787401574803 121.32283464566929 46.20472440944882 14.740157480314961 conven-

52.15748031496063 132.9448818897638 46.20472440944882 17.858267716535433 tions
83.05511811023622 132.9448818897638 30.89763779527559 17.858267716535433 de
98.36220472440945 132.9448818897638 30.89763779527559 17.858267716535433 la
113.95275590551181 132.9448818897638 56.69291338582677 17.858267716535433 société
155.0551181102362 132.9448818897638 72.0 17.858267716535433 bourgeoise
211.748031496063 132.9448818897638 25.79527559055118 17.858267716535433 à
221.95275590551182 132.9448818897638 61.79527559055118 17.858267716535433 laquelle
268.15748031496065 132.9448818897638 30.89763779527559 17.858267716535433 il
283.748031496063 132.9448818897638 72.0 17.858267716535433 appartient
340.15748031496065 132.9448818897638 36.0 17.858267716535433 par
360.8503937007874 132.9448818897638 61.79527559055118 17.858267716535433 ailleurs
401.9527559055118 132.9448818897638 56.69291338582677 17.858267716535433 lui

53.29133858267716 147.96850393700788 82.20472440944881 17.007874015748033 Reuterswârd
119.05511811023622 147.96850393700788 54.70866141732284 17.007874015748033 évolue
157.3228346456693 147.96850393700788 87.59055118110236 17.007874015748033 actuellement
228.75590551181102 147.96850393700788 43.93700787401575 17.007874015748033 vers
255.96850393700788 147.96850393700788 38.267716535433074 17.007874015748033 une
278.0787401574803 147.96850393700788 43.93700787401575 17.007874015748033 mise
305.29133858267716 147.96850393700788 32.881889763779526 17.007874015748033 en
321.73228346456693 147.96850393700788 65.76377952755905 17.007874015748033 question
371.33858267716533 147.96850393700788 32.881889763779526 17.007874015748033 du
387.7795275590551 147.96850393700788 43.93700787401575 17.007874015748033 sens
409.6062992125984 147.96850393700788 49.32283464566929 17.007874015748033 convenu

52.44094488188976 162.99212598425197 39.68503937007874 15.590551181102363 des
75.11811023622047 162.99212598425197 56.40944881889764 15.590551181102363 moyens
114.51968503937007 162.99212598425197 90.4251968503937 15.590551181102363 d’expression
188.2204724409449 162.99212598425197 90.4251968503937 15.590551181102363 artistiques,
261.6377952755906 162.99212598425197 50.74015748031496 15.590551181102363 qu’il
295.65354330708664 162.99212598425197 67.74803149606299 15.590551181102363 articule
346.3937007874016 162.99212598425197 34.01574803149607 15.590551181102363 en
363.40157480314963 162.99212598425197 39.68503937007874 15.590551181102363 des
380.40944881889766 162.99212598425197 79.08661417322834 15.590551181102363 combinaisons

53.00787401574803 175.46456692913387 54.14173228346457 19.275590551181104 neuves
90.70866141732283 175.46456692913387 32.31496062992126 19.275590551181104 et
101.48031496062993 175.46456692913387 59.52755905511811 19.275590551181104 fraîches.

62.645669291338585 186.23622047244095 41.669291338582674 24.094488188976378 Erik
88.7244094488189 186.23622047244095 57.54330708661417 24.094488188976378 Tôrning
130.39370078740157 186.23622047244095 26.078740157480315 24.094488188976378 a
140.88188976377953 186.23622047244095 36.56692913385827 24.094488188976378 été
161.85826771653544 186.23622047244095 57.54330708661417 24.094488188976378 l’élève
203.5275590551181 186.23622047244095 57.54330708661417 24.094488188976378 d’Endre
245.48031496062993 186.23622047244095 52.15748031496063 24.094488188976378 Nemes.
281.76377952755905 186.23622047244095 47.05511811023622 24.094488188976378 Après
313.2283464566929 186.23622047244095 36.56692913385827 24.094488188976378 une
334.20472440944883 186.23622047244095 57.54330708661417 24.094488188976378 période
375.87401574803147 186.23622047244095 31.46456692913386 24.094488188976378 où
391.46456692913387 186.23622047244095 31.46456692913386 24.094488188976378 sa
401.9527559055118 186.23622047244095 57.54330708661417 24.094488188976378 peinture,

52.724409448818896 207.7795275590551 59.811023622047244 13.039370078740157 souvent
96.09448818897638 207.7795275590551 54.425196850393704 13.039370078740157 sombre
134.07874015748033 207.7795275590551 32.59842519685039 13.039370078740157 et
150.51968503937007 207.7795275590551 32.59842519685039 13.039370078740157 un
166.6771653543307 207.7795275590551 37.98425196850393 13.039370078740157 peu
188.50393700787401 207.7795275590551 59.811023622047244 13.039370078740157 sévère,
231.8740157480315 207.7795275590551 81.35433070866142 13.039370078740157 constituait
297.07086614173227 207.7795275590551 37.98425196850393 13.039370078740157 des
318.8976377952756 207.7795275590551 75.96850393700787 13.039370078740157 variations
378.70866141732284 207.7795275590551 75.96850393700787 13.039370078740157 abstraites
432.8503937007874 207.7795275590551 27.212598425196852 13.039370078740157 sur

-3.4015748031496065 219.4015748031496 41.10236220472441 18.141732283464567 des
20.125984251968504 219.4015748031496 93.8267716535433 18.141732283464567 observations
96.37795275590551 219.4015748031496 35.1496062992126 18.141732283464567 de
113.95275590551181 219.4015748031496 35.1496062992126 18.141732283464567 la
131.5275590551181 219.4015748031496 64.62992125984252 18.141732283464567 nature,
178.58267716535434 219.4015748031496 64.62992125984252 18.141732283464567 Tôrning
225.35433070866142 219.4015748031496 41.10236220472441 18.141732283464567 est
248.88188976377953 219.4015748031496 58.67716535433071 18.141732283464567 arrivé
289.98425196850394 219.4015748031496 29.19685039370079 18.141732283464567 à
301.6062992125984 219.4015748031496 41.10236220472441 18.141732283464567 une
325.13385826771656 219.4015748031496 64.62992125984252 18.141732283464567 manière
372.18897637795277 219.4015748031496 41.10236220472441 18.141732283464567 qui
389.76377952755905 219.4015748031496 70.2992125984252 18.141732283464567 s’approche

-9.354330708661417 233.85826771653544 39.118110236220474 16.440944881889763 du
10.204724409448819 233.85826771653544 110.83464566929133 16.440944881889763 spontanéisme,
101.48031496062993 233.85826771653544 39.118110236220474 16.440944881889763 en
121.03937007874016 233.85826771653544 97.79527559055119 16.440944881889763 travaillant
199.2755905511811 233.85826771653544 52.15748031496063 16.440944881889763 avec
231.59055118110237 233.85826771653544 45.63779527559055 16.440944881889763 des
257.6692913385827 233.85826771653544 65.19685039370079 16.440944881889763 masses
303.3070866141732 233.85826771653544 78.23622047244095 16.440944881889763 épaisses
361.98425196850394 233.85826771653544 39.118110236220474 16.440944881889763 et
375.0236220472441 233.85826771653544 84.75590551181102 16.440944881889763 dramatiques

-8.503937007874017 250.29921259842519 56.40944881889764 16.724409448818896 dans
26.929133858267715 250.29921259842519 49.32283464566929 16.724409448818896 une
54.99212598425197 250.29921259842519 77.66929133858268 16.724409448818896 échelle
111.68503937007874 250.29921259842519 77.66929133858268 16.724409448818896 réduite
168.09448818897638 250.29921259842519 42.51968503937008 16.724409448818896 de
182.26771653543307 250.29921259842519 77.66929133858268 16.724409448818896 couleurs.

-9.070866141732283 260.2204724409449 63.496062992125985 19.84251968503937 Walter
35.1496062992126 260.2204724409449 82.48818897637796 19.84251968503937 Bengtsson
98.64566929133858 260.2204724409449 44.503937007874015 19.84251968503937 est
124.15748031496064 260.2204724409449 37.98425196850393 19.84251968503937 le
143.1496062992126 260.2204724409449 50.74015748031496 19.84251968503937 seul
174.89763779527559 260.2204724409449 82.48818897637796 19.84251968503937 sculpteur
238.39370078740157 260.2204724409449 44.503937007874015 19.84251968503937 des
263.62204724409446 260.2204724409449 50.74015748031496 19.84251968503937 cinq
295.37007874015745 260.2204724409449 76.25196850393701 19.84251968503937 artistes
352.34645669291336 260.2204724409449 101.48031496062993 19.84251968503937 représentés.
428.59842519685037 260.2204724409449 31.748031496062993 19.84251968503937 Ses

-9.070866141732283 280.06299212598424 91.2755905511811 15.590551181102363 sculptures
62.645669291338585 280.06299212598424 52.15748031496063 15.590551181102363 sont
95.24409448818898 280.06299212598424 71.71653543307086 15.590551181102363 souvent
147.4015748031496 280.06299212598424 58.67716535433071 15.590551181102363 d’une
186.51968503937007 280.06299212598424 71.71653543307086 15.590551181102363 robuste
238.96062992125985 280.06299212598424 97.79527559055119 15.590551181102363 exubérance.
317.1968503937008 280.06299212598424 58.67716535433071 15.590551181102363 Après
356.31496062992125 280.06299212598424 58.67716535433071 15.590551181102363 avoir
388.9133858267717 280.06299212598424 71.71653543307086 15.590551181102363 travaillé

-8.78740157480315 295.0866141732283 77.10236220472441 16.440944881889763 longtemps
50.74015748031496 295.0866141732283 35.71653543307087 16.440944881889763 la
68.31496062992126 295.0866141732283 47.62204724409449 16.440944881889763 tôle
98.07874015748031 295.0866141732283 59.24409448818898 16.440944881889763 soudée
139.748031496063 295.0866141732283 35.71653543307087 16.440944881889763 et
157.60629921259843 295.0866141732283 35.71653543307087 16.440944881889763 le
175.1811023622047 295.0866141732283 53.574803149606296 16.440944881889763 bois,
210.89763779527559 295.0866141732283 35.71653543307087 16.440944881889763 il
228.75590551181102 295.0866141732283 35.71653543307087 16.440944881889763 se
246.61417322834646 295.0866141732283 47.62204724409449 16.440944881889763 sert
276.37795275590554 295.0866141732283 35.71653543307087 16.440944881889763 de
293.9527559055118 295.0866141732283 47.62204724409449 16.440944881889763 plus
323.7165354330709 295.0866141732283 35.71653543307087 16.440944881889763 en
341.5748031496063 295.0866141732283 47.62204724409449 16.440944881889763 plus
371.33858267716533 295.0866141732283 35.71653543307087 16.440944881889763 de
383.244094488189 295.0866141732283 77.10236220472441 16.440944881889763 l’aluminium

-9.070866141732283 306.99212598425197 38.83464566929134 15.874015748031496 et
10.488188976377952 306.99212598425197 45.354330708661415 15.874015748031496 ses
36.28346456692913 306.99212598425197 64.62992125984252 15.874015748031496 formes
81.63779527559055 306.99212598425197 103.74803149606299 15.874015748031496 s’approchent
165.82677165354332 306.99212598425197 38.83464566929134 15.874015748031496 de
185.10236220472441 306.99212598425197 58.39370078740158 15.874015748031496 l’art
217.70078740157481 306.99212598425197 71.14960629921259 15.874015748031496 abstrait.

-9.354330708661417 318.0472440944882 39.68503937007874 23.811023622047244 La
10.488188976377952 318.0472440944882 85.88976377952756 23.811023622047244 sélection
76.53543307086615 318.0472440944882 79.37007874015748 23.811023622047244 suédoise
136.06299212598427 318.0472440944882 33.16535433070866 23.811023622047244 a
149.38582677165354 318.0472440944882 46.20472440944882 23.811023622047244 été
175.748031496063 318.0472440944882 59.52755905511811 23.811023622047244 faite
215.43307086614172 318.0472440944882 46.20472440944882 23.811023622047244 par
242.07874015748033 318.0472440944882 39.68503937007874 23.811023622047244 un
261.9212598425197 318.0472440944882 66.04724409448819 23.811023622047244 comité
308.12598425196853 318.0472440944882 39.68503937007874 23.811023622047244 du
327.9685039370079 318.0472440944882 59.52755905511811 23.811023622047244 Musée
367.65354330708664 318.0472440944882 72.85039370078741 23.811023622047244 Moderne
420.66141732283467 318.0472440944882 39.68503937007874 23.811023622047244 et
433.98425196850394 318.0472440944882 26.362204724409448 23.811023622047244 de

-10.204724409448819 335.62204724409446 102.89763779527559 18.992125984251967 l’Institut
70.58267716535433 335.62204724409446 80.78740157480316 18.992125984251967 Suédois
129.54330708661416 335.62204724409446 36.8503937007874 18.992125984251967 à
136.91338582677164 335.62204724409446 88.15748031496064 18.992125984251967 Stockholm.

352.34645669291336 515.3385826771654 55.275590551181104 21.543307086614174 Gôran
383.244094488189 515.3385826771654 79.93700787401575 21.543307086614174 Sôderstrôm,

252.8503937007874 534.6141732283464 53.85826771653543 14.740157480314961 Chargé
290.5511811023622 534.6141732283464 37.7007874015748 14.740157480314961 des
312.09448818897636 534.6141732283464 80.78740157480316 14.740157480314961 Expositions
371.33858267716533 534.6141732283464 91.55905511811024 14.740157480314961 Internationales

273.25984251968504 550.488188976378 36.56692913385827 19.275590551181104 au
291.68503937007875 550.488188976378 54.99212598425197 19.275590551181104 Musée
328.53543307086613 550.488188976378 67.18110236220473 19.275590551181104 Moderne
377.29133858267716 550.488188976378 36.56692913385827 19.275590551181104 de
389.4803149606299 550.488188976378 73.41732283464567 19.275590551181104 Stockholm.

410.1732283464567 591.0236220472441 31.181102362204726 20.409448818897637 105
