501.1653543307087 625.6062992125984
423.496062992126 2.8346456692913384 60.94488188976378 19.275590551181104 ISRAEL

33.732283464566926 29.763779527559056 30.330708661417322 24.944881889763778 de
49.039370078740156 29.763779527559056 65.48031496062993 24.944881889763778 constater
99.21259842519684 29.763779527559056 30.330708661417322 24.944881889763778 un
114.51968503937007 29.763779527559056 45.354330708661415 24.944881889763778 fait.
144.56692913385828 29.763779527559056 70.58267716535433 24.944881889763778 Néanmoins,
200.1259842519685 29.763779527559056 40.25196850393701 24.944881889763778 pour
225.35433070866142 29.763779527559056 40.25196850393701 24.944881889763778 ceux
250.58267716535434 29.763779527559056 35.1496062992126 24.944881889763778 qui
270.70866141732284 29.763779527559056 40.25196850393701 24.944881889763778 sont
295.93700787401576 29.763779527559056 80.50393700787401 24.944881889763778 familiarisés
361.4173228346457 29.763779527559056 40.25196850393701 24.944881889763778 avec
381.54330708661416 29.763779527559056 60.37795275590551 24.944881889763778 l’ambiance

34.58267716535433 47.90551181102362 72.0 18.708661417322833 matérielle
91.2755905511811 47.90551181102362 30.89763779527559 18.708661417322833 et
106.58267716535433 47.90551181102362 87.59055118110236 18.708661417322833 psychologique
178.86614173228347 47.90551181102362 30.89763779527559 18.708661417322833 du
194.17322834645668 47.90551181102362 46.488188976377955 18.708661417322833 pays,
225.0708661417323 47.90551181102362 30.89763779527559 18.708661417322833 il
240.66141732283464 47.90551181102362 25.79527559055118 18.708661417322833 y
250.86614173228347 47.90551181102362 25.79527559055118 18.708661417322833 a
261.07086614173227 47.90551181102362 41.10236220472441 18.708661417322833 dans
286.86614173228344 47.90551181102362 66.89763779527559 18.708661417322833 plusieurs
338.45669291338584 47.90551181102362 51.59055118110236 18.708661417322833 toiles
374.45669291338584 47.90551181102362 61.79527559055118 18.708661417322833 exposées
415.5590551181102 47.90551181102362 25.79527559055118 18.708661417322833 ici

34.86614173228347 63.21259842519685 40.818897637795274 21.25984251968504 plus
60.37795275590551 63.21259842519685 45.92125984251968 21.25984251968504 d’une
90.99212598425197 63.21259842519685 61.22834645669291 21.25984251968504 allusion
136.62992125984252 63.21259842519685 25.511811023622048 21.25984251968504 à
146.83464566929135 63.21259842519685 45.92125984251968 21.25984251968504 cette
177.4488188976378 63.21259842519685 66.33070866141732 21.25984251968504 ambiance.
228.4724409448819 63.21259842519685 40.818897637795274 21.25984251968504 Elle
253.70078740157481 63.21259842519685 35.71653543307087 21.25984251968504 est
274.1102362204724 63.21259842519685 40.818897637795274 21.25984251968504 plus
299.62204724409446 63.21259842519685 61.22834645669291 21.25984251968504 lisible,
345.54330708661416 63.21259842519685 40.818897637795274 21.25984251968504 plus
371.0551181102362 63.21259842519685 61.22834645669291 21.25984251968504 évidente
411.59055118110234 63.21259842519685 30.614173228346456 21.25984251968504 dans

35.1496062992126 73.98425196850394 60.37795275590551 20.976377952755904 certains
80.50393700787401 73.98425196850394 60.37795275590551 20.976377952755904 dessins.
125.85826771653544 73.98425196850394 65.48031496062993 20.976377952755904 Toutefois
176.03149606299212 73.98425196850394 40.25196850393701 20.976377952755904 ceux
201.25984251968504 73.98425196850394 35.1496062992126 20.976377952755904 qui
221.38582677165354 73.98425196850394 65.48031496062993 20.976377952755904 cherchent
271.84251968503935 73.98425196850394 50.45669291338583 20.976377952755904 encore
306.99212598425197 73.98425196850394 40.25196850393701 20.976377952755904 dans
332.2204724409449 73.98425196850394 30.330708661417322 20.976377952755904 la
347.244094488189 73.98425196850394 60.37795275590551 20.976377952755904 peinture
387.496062992126 73.98425196850394 55.275590551181104 20.976377952755904 l’expres-

35.1496062992126 89.5748031496063 42.803149606299215 21.25984251968504 sion
62.07874015748032 89.5748031496063 32.31496062992126 21.25984251968504 de
77.95275590551181 89.5748031496063 75.11811023622047 21.25984251968504 l’ambiance
137.1968503937008 89.5748031496063 80.50393700787401 21.25984251968504 spécifique,
201.54330708661416 89.5748031496063 32.31496062992126 21.25984251968504 du
217.41732283464566 89.5748031496063 53.574803149606296 21.25984251968504 climat
255.11811023622047 89.5748031496063 75.11811023622047 21.25984251968504 émotionnel
314.0787401574803 89.5748031496063 42.803149606299215 21.25984251968504 dans
341.00787401574803 89.5748031496063 53.574803149606296 21.25984251968504 lequel
378.4251968503937 89.5748031496063 37.41732283464567 21.25984251968504 vit
399.9685039370079 89.5748031496063 32.31496062992126 21.25984251968504 et
410.45669291338584 89.5748031496063 32.31496062992126 21.25984251968504 crée

35.71653543307087 103.18110236220473 72.28346456692914 23.52755905511811 l’artiste,
92.40944881889764 103.18110236220473 41.10236220472441 23.52755905511811 ceux
118.20472440944881 103.18110236220473 36.0 23.52755905511811 qui
138.61417322834646 103.18110236220473 72.28346456692914 23.52755905511811 souhaitent
195.30708661417322 103.18110236220473 36.0 23.52755905511811 une
216.0 103.18110236220473 97.79527559055119 23.52755905511811 différenciation
298.48818897637796 103.18110236220473 82.48818897637796 23.52755905511811 géographique
365.38582677165357 103.18110236220473 30.89763779527559 23.52755905511811 ou
375.87401574803147 103.18110236220473 66.89763779527559 23.52755905511811 idéologique

35.1496062992126 118.20472440944881 37.13385826771653 19.559055118110237 des
56.40944881889764 118.20472440944881 68.88188976377953 19.559055118110237 tendances
109.41732283464567 118.20472440944881 42.23622047244095 19.559055118110237 dans
135.7795275590551 118.20472440944881 47.62204724409449 19.559055118110237 l’art
167.5275590551181 118.20472440944881 53.00787401574803 19.559055118110237 seront
204.66141732283464 118.20472440944881 42.23622047244095 19.559055118110237 sans
231.0236220472441 118.20472440944881 47.62204724409449 19.559055118110237 doute
262.7716535433071 118.20472440944881 58.110236220472444 19.559055118110237 surpris
305.29133858267716 118.20472440944881 26.362204724409448 19.559055118110237 —
315.7795275590551 118.20472440944881 31.748031496062993 19.559055118110237 et
331.65354330708664 118.20472440944881 68.88188976377953 19.559055118110237 peut-être
384.66141732283467 118.20472440944881 42.23622047244095 19.559055118110237 même
405.6377952755906 118.20472440944881 37.13385826771653 19.559055118110237 déçus

35.1496062992126 131.81102362204723 25.511811023622048 20.976377952755904 —
45.354330708661415 131.81102362204723 30.614173228346456 20.976377952755904 de
60.661417322834644 131.81102362204723 30.614173228346456 20.976377952755904 ne
75.96850393700787 131.81102362204723 35.71653543307087 20.976377952755904 pas
96.37795275590551 131.81102362204723 71.43307086614173 20.976377952755904 découvrir,
152.50393700787401 131.81102362204723 40.818897637795274 20.976377952755904 dans
178.01574803149606 131.81102362204723 30.614173228346456 20.976377952755904 ce
193.3228346456693 131.81102362204723 35.71653543307087 20.976377952755904 qui
213.73228346456693 131.81102362204723 71.43307086614173 20.976377952755904 représente
270.1417322834646 131.81102362204723 35.71653543307087 20.976377952755904 ici
290.5511811023622 131.81102362204723 30.614173228346456 20.976377952755904 un
305.8582677165354 131.81102362204723 56.125984251968504 20.976377952755904 certain
346.6771653543307 131.81102362204723 51.023622047244096 20.976377952755904 aspect
382.3937007874016 131.81102362204723 30.614173228346456 20.976377952755904 de
397.7007874015748 131.81102362204723 30.614173228346456 20.976377952755904 la
407.90551181102364 131.81102362204723 35.71653543307087 20.976377952755904 jeune

35.71653543307087 146.26771653543307 66.04724409448819 22.677165354330707 peinture
85.32283464566929 146.26771653543307 88.15748031496064 22.677165354330707 israélienne,
156.75590551181102 146.26771653543307 33.16535433070866 22.677165354330707 ni
173.48031496062993 146.26771653543307 33.16535433070866 22.677165354330707 un
189.92125984251967 146.26771653543307 44.22047244094488 22.677165354330707 écho
217.41732283464566 146.26771653543307 33.16535433070866 22.677165354330707 du
234.14173228346456 146.26771653543307 71.71653543307086 22.677165354330707 dynamisme
289.13385826771656 146.26771653543307 66.04724409448819 22.677165354330707 créateur
338.74015748031496 146.26771653543307 33.16535433070866 22.677165354330707 de
355.46456692913387 146.26771653543307 33.16535433070866 22.677165354330707 ce
371.90551181102364 146.26771653543307 49.60629921259842 22.677165354330707 pays,
405.07086614173227 146.26771653543307 33.16535433070866 22.677165354330707 ni
416.12598425196853 146.26771653543307 27.496062992125985 22.677165354330707 une

36.0 159.59055118110237 54.425196850393704 20.409448818897637 image,
73.98425196850394 159.59055118110237 43.653543307086615 20.409448818897637 plus
101.19685039370079 159.59055118110237 32.59842519685039 20.409448818897637 ou
117.63779527559055 159.59055118110237 49.039370078740156 20.409448818897637 moins
150.23622047244095 159.59055118110237 70.58267716535433 20.409448818897637 poétisée,
204.66141732283464 159.59055118110237 32.59842519685039 20.409448818897637 du
220.8188976377953 159.59055118110237 59.811023622047244 20.409448818897637 paysage
264.4724409448819 159.59055118110237 32.59842519685039 20.409448818897637 et
280.62992125984255 159.59055118110237 37.98425196850393 20.409448818897637 des
302.45669291338584 159.59055118110237 65.19685039370079 20.409448818897637 visages,
351.496062992126 159.59055118110237 32.59842519685039 20.409448818897637 si
367.65354330708664 159.59055118110237 76.25196850393701 20.409448818897637 émouvants,
422.0787401574803 159.59055118110237 21.826771653543307 20.409448818897637 de

35.71653543307087 175.1811023622047 31.46456692913386 21.25984251968504 la
51.30708661417323 175.1811023622047 47.05511811023622 21.25984251968504 Terre
82.77165354330708 175.1811023622047 36.56692913385827 21.25984251968504 des
103.46456692913385 175.1811023622047 73.13385826771653 21.25984251968504 Prophètes.
161.00787401574803 175.1811023622047 52.44094488188976 21.25984251968504 Qu’ils
197.85826771653544 175.1811023622047 31.46456692913386 21.25984251968504 se
213.4488188976378 175.1811023622047 68.03149606299213 21.25984251968504 résignent
265.8897637795276 175.1811023622047 41.95275590551181 21.25984251968504 donc
291.9685039370079 175.1811023622047 26.078740157480315 21.25984251968504 à
302.45669291338584 175.1811023622047 31.46456692913386 21.25984251968504 ne
318.0472440944882 175.1811023622047 36.56692913385827 21.25984251968504 pas
339.0236220472441 175.1811023622047 68.03149606299213 21.25984251968504 retrouver
391.18110236220474 175.1811023622047 41.95275590551181 21.25984251968504 tout
412.15748031496065 175.1811023622047 31.46456692913386 21.25984251968504 cela

36.28346456692913 190.20472440944883 41.38582677165354 21.25984251968504 dans
62.07874015748032 190.20472440944883 30.89763779527559 21.25984251968504 le
77.38582677165354 190.20472440944883 51.59055118110236 21.25984251968504 groupe
113.66929133858268 190.20472440944883 72.28346456692914 21.25984251968504 israélien,
170.36220472440945 190.20472440944883 36.0 21.25984251968504 car
191.0551181102362 190.20472440944883 36.0 21.25984251968504 ces
211.46456692913387 190.20472440944883 51.59055118110236 21.25984251968504 jeunes
247.748031496063 190.20472440944883 61.79527559055118 21.25984251968504 artistes
293.9527559055118 190.20472440944883 30.89763779527559 21.25984251968504 ne
309.54330708661416 190.20472440944883 67.18110236220473 21.25984251968504 cherchent
361.13385826771656 190.20472440944883 36.0 21.25984251968504 pas
376.7244094488189 190.20472440944883 67.18110236220473 21.25984251968504 l’invention

36.28346456692913 206.9291338582677 43.653543307086615 17.858267716535433 d’un
63.496062992125985 206.9291338582677 54.425196850393704 17.858267716535433 idiome
101.48031496062993 206.9291338582677 70.86614173228347 17.858267716535433 régional,
155.90551181102362 206.9291338582677 43.653543307086615 17.858267716535433 mais
183.11811023622047 206.9291338582677 65.19685039370079 17.858267716535433 désirent
232.15748031496062 206.9291338582677 76.25196850393701 17.858267716535433 s’intégrer
291.9685039370079 206.9291338582677 37.98425196850393 17.858267716535433 aux
313.79527559055117 206.9291338582677 81.63779527559055 17.858267716535433 recherches,
373.6062992125984 206.9291338582677 70.86614173228347 17.858267716535433 s’assimiler

35.43307086614173 221.66929133858267 35.43307086614173 18.4251968503937 au
53.29133858267716 221.66929133858267 65.19685039370079 18.4251968503937 langage
100.62992125984252 221.66929133858267 76.81889763779527 18.4251968503937 universel
159.8740157480315 221.66929133858267 35.43307086614173 18.4251968503937 de
177.4488188976378 221.66929133858267 53.29133858267716 18.4251968503937 l’art
207.21259842519686 221.66929133858267 88.7244094488189 18.4251968503937 contemporain.

47.05511811023622 235.2755905511811 46.488188976377955 18.4251968503937 Ainsi
77.95275590551181 235.2755905511811 30.89763779527559 18.4251968503937 la
93.54330708661418 235.2755905511811 62.07874015748032 18.4251968503937 Biennale
140.03149606299212 235.2755905511811 30.89763779527559 18.4251968503937 de
155.33858267716536 235.2755905511811 46.488188976377955 18.4251968503937 Paris
186.23622047244095 235.2755905511811 36.0 18.4251968503937 est
206.9291338582677 235.2755905511811 41.38582677165354 18.4251968503937 pour
232.7244094488189 235.2755905511811 36.0 18.4251968503937 eux
253.41732283464566 235.2755905511811 36.0 18.4251968503937 une
274.1102362204724 235.2755905511811 67.18110236220473 18.4251968503937 occasion,
325.7007874015748 235.2755905511811 51.59055118110236 18.4251968503937 unique
361.98425196850394 235.2755905511811 41.38582677165354 18.4251968503937 dans
387.7795275590551 235.2755905511811 36.0 18.4251968503937 son
403.0866141732283 235.2755905511811 41.38582677165354 18.4251968503937 genre,

36.56692913385827 246.61417322834646 32.31496062992126 21.543307086614174 de
52.724409448818896 246.61417322834646 75.11811023622047 21.543307086614174 confronter
111.68503937007874 246.61417322834646 48.188976377952756 21.543307086614174 leurs
143.71653543307087 246.61417322834646 58.960629921259844 21.543307086614174 efforts
186.8031496062992 246.61417322834646 42.803149606299215 21.543307086614174 avec
213.4488188976378 246.61417322834646 42.803149606299215 21.543307086614174 ceux
240.3779527559055 246.61417322834646 32.31496062992126 21.543307086614174 de
256.53543307086613 246.61417322834646 48.188976377952756 21.543307086614174 leurs
288.56692913385825 246.61417322834646 69.73228346456693 21.543307086614174 collègues
342.4251968503937 246.61417322834646 32.31496062992126 21.543307086614174 de
358.2992125984252 246.61417322834646 64.34645669291339 21.543307086614174 partout.
406.7716535433071 246.61417322834646 32.31496062992126 21.543307086614174 Ce
417.25984251968504 246.61417322834646 26.929133858267715 21.543307086614174 qui

36.8503937007874 260.2204724409449 62.92913385826772 21.826771653543307 explique
83.90551181102362 260.2204724409449 31.46456692913386 21.826771653543307 le
99.49606299212599 260.2204724409449 47.05511811023622 21.826771653543307 grand
130.96062992125985 260.2204724409449 57.54330708661417 21.826771653543307 intérêt
172.91338582677164 260.2204724409449 41.95275590551181 21.826771653543307 qu’a
198.99212598425197 260.2204724409449 57.54330708661417 21.826771653543307 éveillé
240.9448818897638 260.2204724409449 41.95275590551181 21.826771653543307 chez
267.3070866141732 260.2204724409449 36.56692913385827 21.826771653543307 nos
288.2834645669291 260.2204724409449 52.44094488188976 21.826771653543307 jeunes
324.8503937007874 260.2204724409449 47.05511811023622 21.826771653543307 cette
356.31496062992125 260.2204724409449 73.41732283464567 21.826771653543307 importante
408.755905511811 260.2204724409449 36.56692913385827 21.826771653543307 mani-

36.28346456692913 279.21259842519686 70.2992125984252 18.708661417322833 festation
90.4251968503937 279.21259842519686 75.68503937007874 18.708661417322833 artistique
149.95275590551182 279.21259842519686 54.14173228346457 18.708661417322833 qu’est
187.93700787401573 279.21259842519686 32.59842519685039 18.708661417322833 la
204.09448818897638 279.21259842519686 64.91338582677166 18.708661417322833 Biennale
252.8503937007874 279.21259842519686 32.59842519685039 18.708661417322833 de
263.62204724409446 279.21259842519686 43.37007874015748 18.708661417322833 Paris.

362.5511811023622 288.0 54.70866141732284 21.826771653543307 Haîm
390.0472440944882 288.0 54.70866141732284 21.826771653543307 Gamzu.

174.04724409448818 426.3307086614173 72.0 22.11023622047244 SECTION
226.48818897637796 426.3307086614173 52.44094488188976 22.11023622047244 ARTS
252.56692913385828 426.3307086614173 78.80314960629921 22.11023622047244 PLASTIQUES

193.60629921259843 450.99212598425197 75.68503937007874 22.96062992125984 PEINTURE
250.29921259842519 450.99212598425197 37.7007874015748 22.96062992125984 ET
262.7716535433071 450.99212598425197 50.45669291338583 22.96062992125984 DESSIN

60.37795275590551 474.5196850393701 69.73228346456693 21.543307086614174 Audrey
113.95275590551181 474.5196850393701 85.88976377952756 21.543307086614174 BERGNER
183.96850393700788 474.5196850393701 37.7007874015748 21.543307086614174 née
205.22834645669292 474.5196850393701 26.929133858267715 21.543307086614174 à
216.0 474.5196850393701 53.574803149606296 21.543307086614174 Sydney
253.70078740157481 474.5196850393701 32.31496062992126 21.543307086614174 en
264.18897637795277 474.5196850393701 37.7007874015748 21.543307086614174 1927.

61.79527559055118 488.9763779527559 55.84251968503937 19.84251968503937 1
103.46456692913385 488.9763779527559 46.488188976377955 19.84251968503937 Images
136.06299212598427 488.9763779527559 27.77952755905512 19.84251968503937 du
149.95275590551182 488.9763779527559 51.023622047244096 19.84251968503937 désert,
187.08661417322836 488.9763779527559 37.13385826771653 19.84251968503937 1961
210.33070866141733 488.9763779527559 51.023622047244096 19.84251968503937 (huile,
242.64566929133858 488.9763779527559 46.488188976377955 19.84251968503937 130x97).

62.07874015748032 497.1968503937008 53.574803149606296 22.11023622047244 2
102.33070866141732 497.1968503937008 49.039370078740156 22.11023622047244 Paysage
138.04724409448818 497.1968503937008 31.181102362204726 22.11023622047244 aux
155.90551181102362 497.1968503937008 44.503937007874015 22.11023622047244 tentes
187.08661417322836 497.1968503937008 62.36220472440945 22.11023622047244 bédouines,
236.1259842519685 497.1968503937008 35.71653543307087 22.11023622047244 1961
258.5196850393701 497.1968503937008 49.039370078740156 22.11023622047244 (huile,
294.23622047244095 497.1968503937008 53.574803149606296 22.11023622047244 73x116).
329.9527559055118 497.1968503937008 53.574803149606296 22.11023622047244 Collection

60.09448818897638 516.7559055118111 44.22047244094488 15.023622047244094 Mme
85.32283464566929 516.7559055118111 37.98425196850393 15.023622047244094 H.
104.31496062992126 516.7559055118111 75.68503937007874 15.023622047244094 Bergman,
154.77165354330708 516.7559055118111 69.44881889763779 15.023622047244094 Tel

60.37795275590551 528.6614173228346 70.58267716535433 19.559055118110237 Shlomo
114.51968503937007 528.6614173228346 81.35433070866142 19.559055118110237 CASSOS
179.71653543307087 528.6614173228346 32.59842519685039 19.559055118110237 né
195.8740157480315 528.6614173228346 27.212598425196852 19.559055118110237 à
206.64566929133858 528.6614173228346 75.96850393700787 19.559055118110237 Casablanca
266.45669291338584 528.6614173228346 32.59842519685039 19.559055118110237 en
277.2283464566929 528.6614173228346 37.98425196850393 19.559055118110237 1936.

62.07874015748032 541.4173228346457 55.55905511811024 20.409448818897637 3
103.46456692913385 541.4173228346457 73.98425196850394 20.409448818897637 Construction
163.55905511811022 541.4173228346457 27.77952755905512 20.409448818897637 n°
177.4488188976378 541.4173228346457 27.77952755905512 20.409448818897637 1,
191.33858267716536 541.4173228346457 36.8503937007874 20.409448818897637 1961
214.58267716535434 541.4173228346457 50.74015748031496 20.409448818897637 (huile,
246.89763779527559 541.4173228346457 50.74015748031496 20.409448818897637 120x80)*.

62.36220472440945 554.7401574803149 53.00787401574803 21.826771653543307 4
102.04724409448819 554.7401574803149 70.58267716535433 21.826771653543307 Construction
159.59055118110237 554.7401574803149 26.362204724409448 21.826771653543307 n°
172.62992125984252 554.7401574803149 26.362204724409448 21.826771653543307 2,
185.95275590551182 554.7401574803149 35.1496062992126 21.826771653543307 1961
208.06299212598427 554.7401574803149 48.47244094488189 21.826771653543307 (huile,
238.6771653543307 554.7401574803149 44.22047244094488 21.826771653543307 116x83).

399.11811023622045 594.992125984252 28.913385826771652 14.740157480314961 65
