480.18897637795277 628.7244094488188
37.7007874015748 29.763779527559056 36.0 18.992125984251967 Les
58.110236220472444 29.763779527559056 51.30708661417323 18.992125984251967 livres
94.11023622047244 29.763779527559056 36.0 18.992125984251967 sur
114.80314960629921 29.763779527559056 51.30708661417323 18.992125984251967 l’art,
150.8031496062992 29.763779527559056 36.0 18.992125984251967 les
171.21259842519686 29.763779527559056 51.30708661417323 18.992125984251967 revues
207.21259842519686 29.763779527559056 77.10236220472441 18.992125984251967 artistiques
269.00787401574803 29.763779527559056 30.89763779527559 18.992125984251967 et
284.31496062992125 29.763779527559056 36.0 18.992125984251967 les
305.00787401574803 29.763779527559056 87.30708661417323 18.992125984251967 reproductions
376.7244094488189 29.763779527559056 30.89763779527559 18.992125984251967 de
387.21259842519686 29.763779527559056 51.30708661417323 18.992125984251967 tableaux

28.913385826771652 45.92125984251968 43.653543307086615 15.874015748031496 sont
56.125984251968504 45.92125984251968 60.09448818897638 15.874015748031496 exposés
99.77952755905511 45.92125984251968 27.212598425196852 15.874015748031496 à
110.83464566929133 45.92125984251968 87.30708661417323 15.874015748031496 Johannesburg
181.70078740157481 45.92125984251968 65.48031496062993 15.874015748031496 quelques
231.0236220472441 45.92125984251968 49.039370078740156 15.874015748031496 jours
263.62204724409446 45.92125984251968 27.212598425196852 15.874015748031496 à
274.6771653543307 45.92125984251968 49.039370078740156 15.874015748031496 peine
307.5590551181102 45.92125984251968 49.039370078740156 15.874015748031496 après
340.15748031496065 45.92125984251968 49.039370078740156 15.874015748031496 avoir
373.03937007874015 45.92125984251968 38.267716535433074 15.874015748031496 été
389.4803149606299 45.92125984251968 49.039370078740156 15.874015748031496 exposés

28.062992125984252 58.110236220472444 28.062992125984252 16.724409448818896 à
39.40157480314961 58.110236220472444 56.125984251968504 16.724409448818896 Paris,
78.80314960629921 58.110236220472444 28.062992125984252 16.724409448818896 à
89.85826771653544 58.110236220472444 61.79527559055118 16.724409448818896 Londres
134.9291338582677 58.110236220472444 33.732283464566926 16.724409448818896 ou
151.93700787401573 58.110236220472444 28.062992125984252 16.724409448818896 à
162.99212598425197 58.110236220472444 73.13385826771653 16.724409448818896 New-York.
219.4015748031496 58.110236220472444 33.732283464566926 16.724409448818896 On
236.40944881889763 58.110236220472444 39.40157480314961 16.724409448818896 les
258.8031496062992 58.110236220472444 56.125984251968504 16.724409448818896 achète
298.20472440944883 58.110236220472444 33.732283464566926 16.724409448818896 et
314.92913385826773 58.110236220472444 33.732283464566926 16.724409448818896 on
331.93700787401576 58.110236220472444 39.40157480314961 16.724409448818896 les
354.3307086614173 58.110236220472444 61.79527559055118 16.724409448818896 étudie.
393.73228346456693 58.110236220472444 45.07086614173228 16.724409448818896 Musées

28.913385826771652 72.85039370078741 31.181102362204726 15.590551181102363 et
44.503937007874015 72.85039370078741 62.36220472440945 15.590551181102363 galeries
91.2755905511811 72.85039370078741 57.25984251968504 15.590551181102363 privées
132.66141732283464 72.85039370078741 57.25984251968504 15.590551181102363 prêtent
174.33070866141733 72.85039370078741 36.28346456692913 15.590551181102363 les
195.0236220472441 72.85039370078741 51.874015748031496 15.590551181102363 œuvres
231.59055118110237 72.85039370078741 51.874015748031496 15.590551181102363 qu’ils
267.87401574803147 72.85039370078741 67.46456692913385 15.590551181102363 possèdent
319.748031496063 72.85039370078741 36.28346456692913 15.590551181102363 aux
340.7244094488189 72.85039370078741 77.95275590551181 15.590551181102363 expositions
397.7007874015748 72.85039370078741 41.669291338582674 15.590551181102363 inter-

28.913385826771652 86.74015748031496 78.80314960629921 16.724409448818896 nationales
90.70866141732283 86.74015748031496 89.85826771653544 16.724409448818896 itinérantes.
163.84251968503938 86.74015748031496 67.46456692913385 16.724409448818896 Nombreux
214.58267716535434 86.74015748031496 45.07086614173228 16.724409448818896 sont
242.64566929133858 86.74015748031496 39.40157480314961 16.724409448818896 les
265.03937007874015 86.74015748031496 56.125984251968504 16.724409448818896 jeunes
304.4409448818898 86.74015748031496 67.46456692913385 16.724409448818896 artistes
355.18110236220474 86.74015748031496 39.40157480314961 16.724409448818896 qui
377.5748031496063 86.74015748031496 33.732283464566926 16.724409448818896 se
388.9133858267717 86.74015748031496 50.74015748031496 16.724409448818896 rendent

28.62992125984252 99.77952755905511 95.5275590551181 17.5748031496063 régulièrement
107.43307086614173 99.77952755905511 33.732283464566926 17.5748031496063 en
118.77165354330708 99.77952755905511 50.74015748031496 17.5748031496063 Europe.

38.55118110236221 110.26771653543307 37.41732283464567 17.007874015748033 Les
60.09448818897638 110.26771653543307 53.574803149606296 17.007874015748033 jeunes
97.51181102362204 110.26771653543307 64.06299212598425 17.007874015748033 artistes
145.41732283464566 110.26771653543307 90.70866141732283 17.007874015748033 sud-africains
220.251968503937 110.26771653543307 42.803149606299215 17.007874015748033 sont
246.89763779527559 110.26771653543307 74.83464566929133 17.007874015748033 conscients
305.8582677165354 110.26771653543307 32.031496062992126 17.007874015748033 de
321.73228346456693 110.26771653543307 80.22047244094489 17.007874015748033 l’existence
385.79527559055117 110.26771653543307 42.803149606299215 17.007874015748033 d’un
407.33858267716533 110.26771653543307 32.031496062992126 17.007874015748033 mou-

29.19685039370079 122.74015748031496 50.74015748031496 17.5748031496063 vement
64.62992125984252 122.74015748031496 91.2755905511811 17.5748031496063 international.
140.88188976377953 122.74015748031496 30.330708661417322 17.5748031496063 Il
155.90551181102362 122.74015748031496 45.63779527559055 17.5748031496063 n’est
186.51968503937007 122.74015748031496 35.43307086614173 17.5748031496063 pas
206.64566929133858 122.74015748031496 40.53543307086614 17.5748031496063 rare
232.15748031496062 122.74015748031496 35.43307086614173 17.5748031496063 que
252.28346456692913 122.74015748031496 35.43307086614173 17.5748031496063 des
272.6929133858268 122.74015748031496 50.74015748031496 17.5748031496063 motifs
308.12598425196853 122.74015748031496 45.63779527559055 17.5748031496063 tirés
338.45669291338584 122.74015748031496 30.330708661417322 17.5748031496063 de
353.76377952755905 122.74015748031496 45.63779527559055 17.5748031496063 l’art
378.99212598425197 122.74015748031496 60.94488188976378 17.5748031496063 autochtone

28.913385826771652 137.48031496062993 66.61417322834646 16.440944881889763 figurent
79.08661417322834 137.48031496062993 44.503937007874015 16.440944881889763 dans
106.86614173228347 137.48031496062993 49.889763779527556 16.440944881889763 leurs
140.03149606299212 137.48031496062993 60.94488188976378 16.440944881889763 œuvres.
184.53543307086613 137.48031496062993 49.889763779527556 16.440944881889763 Mais,
217.70078740157481 137.48031496062993 33.44881889763779 16.440944881889763 en
234.4251968503937 137.48031496062993 44.503937007874015 16.440944881889763 plus
262.20472440944883 137.48031496062993 33.44881889763779 16.440944881889763 de
278.92913385826773 137.48031496062993 49.889763779527556 16.440944881889763 cela,
312.09448818897636 137.48031496062993 33.44881889763779 16.440944881889763 le
328.81889763779526 137.48031496062993 60.94488188976378 16.440944881889763 profane
373.3228346456693 137.48031496062993 33.44881889763779 16.440944881889763 ne
390.0472440944882 137.48031496062993 44.503937007874015 16.440944881889763 sera
412.15748031496065 137.48031496062993 27.77952755905512 16.440944881889763 pas

30.04724409448819 149.95275590551182 73.7007874015748 15.590551181102363 embarrassé
88.15748031496064 149.95275590551182 42.23622047244095 15.590551181102363 pour
114.51968503937007 149.95275590551182 68.31496062992126 15.590551181102363 discerner
166.96062992125985 149.95275590551182 31.46456692913386 15.590551181102363 ce
182.83464566929135 149.95275590551182 42.23622047244095 15.590551181102363 qui,
209.1968503937008 149.95275590551182 42.23622047244095 15.590551181102363 dans
235.55905511811022 149.95275590551182 47.338582677165356 15.590551181102363 leurs
267.0236220472441 149.95275590551182 73.7007874015748 15.590551181102363 peintures,
324.8503937007874 149.95275590551182 42.23622047244095 15.590551181102363 peut
351.21259842519686 149.95275590551182 42.23622047244095 15.590551181102363 être
372.4724409448819 149.95275590551182 68.31496062992126 15.590551181102363 spécifique-

30.330708661417322 165.82677165354332 43.653543307086615 17.291338582677167 ment
52.15748031496063 165.82677165354332 81.92125984251969 17.291338582677167 sud

39.68503937007874 170.36220472440945 32.031496062992126 23.244094488188978 La
55.84251968503937 170.36220472440945 90.70866141732283 23.244094488188978 participation
130.6771653543307 170.36220472440945 90.70866141732283 23.244094488188978 suf-africaine
205.51181102362204 170.36220472440945 26.64566929133858 23.244094488188978 à
216.0 170.36220472440945 32.031496062992126 23.244094488188978 la
232.15748031496062 170.36220472440945 58.67716535433071 23.244094488188978 seconde
274.96062992125985 170.36220472440945 64.06299212598425 23.244094488188978 Biennale
322.86614173228344 170.36220472440945 32.031496062992126 23.244094488188978 de
339.0236220472441 170.36220472440945 48.188976377952756 23.244094488188978 Paris
371.0551181102362 170.36220472440945 26.64566929133858 23.244094488188978 a
381.8267716535433 170.36220472440945 37.41732283464567 23.244094488188978 été
397.7007874015748 170.36220472440945 42.803149606299215 23.244094488188978 rendue

30.330708661417322 190.77165354330708 69.16535433070867 18.4251968503937 possible
82.20472440944881 190.77165354330708 51.874015748031496 18.4251968503937 grâce
116.78740157480316 190.77165354330708 34.58267716535433 18.4251968503937 au
134.07874015748033 190.77165354330708 69.16535433070867 18.4251968503937 concours
186.23622047244095 190.77165354330708 69.16535433070867 18.4251968503937 matériel
238.11023622047244 190.77165354330708 34.58267716535433 18.4251968503937 de
255.4015748031496 190.77165354330708 34.58267716535433 18.4251968503937 la
272.6929133858268 190.77165354330708 86.74015748031496 18.4251968503937 Schlesinger
342.1417322834646 190.77165354330708 98.07874015748031 18.4251968503937 Organisation,
417.25984251968504 190.77165354330708 22.96062992125984 18.4251968503937 un

30.330708661417322 202.39370078740157 53.29133858267716 25.79527559055118 groupe
67.74803149606299 202.39370078740157 69.16535433070867 25.79527559055118 financier
121.03937007874016 202.39370078740157 90.70866141732283 25.79527559055118 sud-africain.
195.59055118110237 202.39370078740157 32.031496062992126 25.79527559055118 Il
211.46456692913387 202.39370078740157 69.16535433070867 25.79527559055118 convenait
265.03937007874015 202.39370078740157 32.031496062992126 25.79527559055118 de
280.9133858267717 202.39370078740157 37.41732283464567 25.79527559055118 lui
302.1732283464567 202.39370078740157 32.031496062992126 25.79527559055118 en
318.3307086614173 202.39370078740157 53.29133858267716 25.79527559055118 porter
355.46456692913387 202.39370078740157 74.55118110236221 25.79527559055118 témoignage
408.755905511811 202.39370078740157 32.031496062992126 25.79527559055118 ici.

343.84251968503935 532.0629921259842 35.43307086614173 21.25984251968504 P.
361.7007874015748 532.0629921259842 35.43307086614173 21.25984251968504 A.
373.3228346456693 532.0629921259842 70.58267716535433 21.25984251968504 Hendricks,

171.49606299212599 551.9055118110236 70.86614173228347 18.708661417322833 Directeur
225.92125984251967 551.9055118110236 32.59842519685039 18.708661417322833 de
242.36220472440945 551.9055118110236 32.59842519685039 18.708661417322833 la
258.8031496062992 551.9055118110236 43.653543307086615 18.708661417322833 City
286.01574803149606 551.9055118110236 38.267716535433074 18.708661417322833 Art
307.84251968503935 551.9055118110236 60.09448818897638 18.708661417322833 Gallery
351.496062992126 551.9055118110236 32.59842519685039 18.708661417322833 de
362.26771653543307 551.9055118110236 81.92125984251969 18.708661417322833 Johannesburg.
