483.0236220472441 625.6062992125984
394.5826771653543 1.984251968503937 88.44094488188976 17.858267716535433 DANEMARK

90.70866141732283 90.14173228346456 68.03149606299213 17.007874015748033 Commissaire
145.13385826771653 90.14173228346456 54.425196850393704 17.007874015748033 Général:
186.23622047244095 90.14173228346456 49.889763779527556 17.007874015748033 Erik
217.98425196850394 90.14173228346456 45.354330708661415 17.007874015748033 Tialve

90.70866141732283 95.24409448818898 39.40157480314961 21.543307086614174 Chef
115.37007874015748 95.24409448818898 29.480314960629922 21.543307086614174 du
130.11023622047244 95.24409448818898 54.14173228346457 21.543307086614174 Service
169.51181102362204 95.24409448818898 54.14173228346457 21.543307086614174 Adjoint
208.91338582677164 95.24409448818898 29.480314960629922 21.543307086614174 au
223.6535433070866 95.24409448818898 64.06299212598425 21.543307086614174 Ministère
272.9763779527559 95.24409448818898 29.480314960629922 21.543307086614174 de
287.7165354330709 95.24409448818898 73.98425196850394 21.543307086614174 l’Education
341.8582677165354 95.24409448818898 59.24409448818898 21.543307086614174 Nationale.

43.653543307086615 175.46456692913387 34.86614173228347 22.393700787401574 Le
60.94488188976378 175.46456692913387 52.15748031496063 22.393700787401574 monde
95.5275590551181 175.46456692913387 34.86614173228347 22.393700787401574 se
113.10236220472441 175.46456692913387 57.826771653543304 22.393700787401574 trouve
153.63779527559055 175.46456692913387 46.20472440944882 22.393700787401574 dans
182.5511811023622 175.46456692913387 40.53543307086614 22.393700787401574 une
205.79527559055117 175.46456692913387 63.77952755905512 22.393700787401574 période
252.0 175.46456692913387 34.86614173228347 22.393700787401574 de
269.29133858267716 175.46456692913387 98.36220472440945 22.393700787401574 développement
350.3622047244094 175.46456692913387 40.53543307086614 22.393700787401574 qui
373.6062992125984 175.46456692913387 57.826771653543304 22.393700787401574 semble
408.18897637795277 175.46456692913387 34.86614173228347 22.393700787401574 plus

34.01574803149607 192.4724409448819 66.33070866141732 20.125984251968504 étrange
82.20472440944881 192.4724409448819 42.23622047244095 20.125984251968504 que
106.2992125984252 192.4724409448819 66.33070866141732 20.125984251968504 jamais;
154.48818897637796 192.4724409448819 48.188976377952756 20.125984251968504 nous
184.53543307086613 192.4724409448819 48.188976377952756 20.125984251968504 n’en
214.58267716535434 192.4724409448819 84.4724409448819 20.125984251968504 apercevons
280.9133858267717 192.4724409448819 48.188976377952756 20.125984251968504 même
310.96062992125985 192.4724409448819 42.23622047244095 20.125984251968504 pas
335.0551181102362 192.4724409448819 60.37795275590551 20.125984251968504 encore
377.29133858267716 192.4724409448819 42.23622047244095 20.125984251968504 les
395.43307086614175 192.4724409448819 48.188976377952756 20.125984251968504 consé-

35.1496062992126 205.51181102362204 58.39370078740158 22.11023622047244 quences
77.66929133858268 205.51181102362204 31.748031496062993 22.11023622047244 et
93.54330708661418 205.51181102362204 37.13385826771653 22.11023622047244 les
114.80314960629921 205.51181102362204 74.26771653543307 22.11023622047244 résultats.
173.1968503937008 205.51181102362204 31.748031496062993 22.11023622047244 Il
189.0708661417323 205.51181102362204 37.13385826771653 22.11023622047244 est
210.33070866141733 205.51181102362204 58.39370078740158 22.11023622047244 évident
252.56692913385828 205.51181102362204 37.13385826771653 22.11023622047244 que
273.8267716535433 205.51181102362204 37.13385826771653 22.11023622047244 les
295.0866141732283 205.51181102362204 74.26771653543307 22.11023622047244 beaux-arts
353.4803149606299 205.51181102362204 58.39370078740158 22.11023622047244 doivent
390.61417322834643 205.51181102362204 53.00787401574803 22.11023622047244 refléter

36.0 223.08661417322836 64.62992125984252 19.84251968503937 l’époque,
85.88976377952756 223.08661417322836 39.68503937007874 19.84251968503937 cela
110.55118110236221 223.08661417322836 24.944881889763778 19.84251968503937 a
120.4724409448819 223.08661417322836 69.44881889763779 19.84251968503937 d’ailleurs
175.1811023622047 223.08661417322836 59.52755905511811 19.84251968503937 toujours
219.96850393700788 223.08661417322836 34.86614173228347 19.84251968503937 été
239.81102362204723 223.08661417322836 29.763779527559056 19.84251968503937 le
254.83464566929135 223.08661417322836 39.68503937007874 19.84251968503937 cas.
279.496062992126 223.08661417322836 39.68503937007874 19.84251968503937 Dans
304.4409448818898 223.08661417322836 39.68503937007874 19.84251968503937 tous
329.38582677165357 223.08661417322836 34.86614173228347 19.84251968503937 les
349.2283464566929 223.08661417322836 44.78740157480315 19.84251968503937 pays,
378.99212598425197 223.08661417322836 34.86614173228347 19.84251968503937 les
394.01574803149606 223.08661417322836 49.60629921259842 19.84251968503937 artistes

34.2992125984252 233.29133858267716 79.37007874015748 20.125984251968504 cherchent
95.5275590551181 233.29133858267716 30.614173228346456 20.125984251968504 à
107.71653543307086 233.29133858267716 85.60629921259843 20.125984251968504 s’exprimer
175.1811023622047 233.29133858267716 42.803149606299215 20.125984251968504 par
199.55905511811022 233.29133858267716 36.56692913385827 20.125984251968504 de
217.98425196850394 233.29133858267716 73.41732283464567 20.125984251968504 nouveaux
272.9763779527559 233.29133858267716 61.22834645669291 20.125984251968504 moyens
315.7795275590551 233.29133858267716 36.56692913385827 20.125984251968504 et
334.20472440944883 233.29133858267716 42.803149606299215 20.125984251968504 les
358.5826771653543 233.29133858267716 85.60629921259843 20.125984251968504 programmes
419.81102362204723 233.29133858267716 24.37795275590551 20.125984251968504 se

36.0 248.31496062992127 69.16535433070867 21.25984251968504 succèdent
89.29133858267717 248.31496062992127 26.64566929133858 21.25984251968504 à
99.77952755905511 248.31496062992127 37.13385826771653 21.25984251968504 une
121.03937007874016 248.31496062992127 58.39370078740158 21.25984251968504 vitesse
163.55905511811022 248.31496062992127 79.65354330708661 21.25984251968504 effrayante;
227.33858267716536 248.31496062992127 31.748031496062993 21.25984251968504 la
243.21259842519686 248.31496062992127 69.16535433070867 21.25984251968504 nouveauté
296.2204724409449 248.31496062992127 31.748031496062993 21.25984251968504 de
312.37795275590554 248.31496062992127 42.51968503937008 21.25984251968504 l’an
338.74015748031496 248.31496062992127 58.39370078740158 21.25984251968504 dernier
381.25984251968504 248.31496062992127 37.13385826771653 21.25984251968504 est
397.13385826771656 248.31496062992127 47.90551181102362 21.25984251968504 démodée

29.763779527559056 269.00787401574803 76.81889763779527 17.291338582677167 aujourd’hui.

45.92125984251968 275.244094488189 70.58267716535433 21.543307086614174 Autrefois,
101.48031496062993 275.244094488189 30.330708661417322 21.543307086614174 il
116.50393700787401 275.244094488189 55.55905511811024 21.543307086614174 fallait
157.03937007874015 275.244094488189 30.330708661417322 21.543307086614174 un
172.06299212598427 275.244094488189 50.45669291338583 21.543307086614174 siècle
207.49606299212599 275.244094488189 40.25196850393701 21.543307086614174 pour
232.7244094488189 275.244094488189 50.45669291338583 21.543307086614174 former
267.87401574803147 275.244094488189 30.330708661417322 21.543307086614174 le
283.18110236220474 275.244094488189 45.354330708661415 21.543307086614174 style
313.2283464566929 275.244094488189 45.354330708661415 21.543307086614174 d’une
343.5590551181102 275.244094488189 55.55905511811024 21.543307086614174 époque,
378.99212598425197 275.244094488189 65.48031496062993 21.543307086614174 aujourd’hui

36.28346456692913 292.81889763779526 37.13385826771653 22.11023622047244 les
57.54330708661417 292.81889763779526 26.64566929133858 22.11023622047244 «
68.31496062992126 292.81889763779526 47.90551181102362 22.11023622047244 ismes
100.06299212598425 292.81889763779526 26.64566929133858 22.11023622047244 »
110.83464566929133 292.81889763779526 85.03937007874016 22.11023622047244 apparaissent
179.71653543307087 292.81889763779526 85.03937007874016 22.11023622047244 constamment.
248.88188976377953 292.81889763779526 31.748031496062993 22.11023622047244 Il
264.755905511811 292.81889763779526 31.748031496062993 22.11023622047244 en
280.62992125984255 292.81889763779526 26.64566929133858 22.11023622047244 a
291.40157480314963 292.81889763779526 37.13385826771653 22.11023622047244 été
312.66141732283467 292.81889763779526 47.90551181102362 22.11023622047244 ainsi
344.40944881889766 292.81889763779526 53.00787401574803 22.11023622047244 depuis
376.15748031496065 292.81889763779526 69.16535433070867 22.11023622047244 impression-

37.13385826771653 304.7244094488189 50.45669291338583 22.11023622047244 nisme.
72.56692913385827 304.7244094488189 60.37795275590551 22.11023622047244 Est-elle
117.92125984251969 304.7244094488189 50.45669291338583 22.11023622047244 saine,
153.0708661417323 304.7244094488189 45.354330708661415 22.11023622047244 cette
183.4015748031496 304.7244094488189 85.60629921259843 22.11023622047244 précipitation
253.98425196850394 304.7244094488189 30.330708661417322 22.11023622047244 en
269.00787401574803 304.7244094488189 55.55905511811024 22.11023622047244 matière
309.25984251968504 304.7244094488189 50.45669291338583 22.11023622047244 d’art?
344.6929133858268 304.7244094488189 30.330708661417322 22.11023622047244 Je
359.7165354330709 304.7244094488189 30.330708661417322 22.11023622047244 ne
374.74015748031496 304.7244094488189 30.330708661417322 22.11023622047244 le
389.76377952755905 304.7244094488189 45.354330708661415 22.11023622047244 crois
414.99212598425197 304.7244094488189 30.330708661417322 22.11023622047244 pas.

36.56692913385827 322.86614173228344 92.1259842519685 17.5748031496063 Donne-t-elle
111.4015748031496 322.86614173228344 34.58267716535433 17.5748031496063 de
128.69291338582678 322.86614173228344 46.20472440944882 17.5748031496063 plus
157.3228346456693 322.86614173228344 57.54330708661417 17.5748031496063 grands
197.5748031496063 322.86614173228344 80.50393700787401 17.5748031496063 résultats?
261.07086614173227 322.86614173228344 92.1259842519685 17.5748031496063 Certainement
335.90551181102364 322.86614173228344 46.20472440944882 17.5748031496063 pas.
364.81889763779526 322.86614173228344 46.20472440944882 17.5748031496063 Mais
393.4488188976378 322.86614173228344 51.874015748031496 17.5748031496063 l’art
422.3622047244094 322.86614173228344 22.96062992125984 17.5748031496063 ne

37.41732283464567 335.90551181102364 62.07874015748032 19.559055118110237 s’arrête
83.90551181102362 335.90551181102364 36.28346456692913 19.559055118110237 pas
104.5984251968504 335.90551181102364 36.28346456692913 19.559055118110237 aux
125.29133858267717 335.90551181102364 77.66929133858268 19.559055118110237 convenances
187.37007874015748 335.90551181102364 31.181102362204726 19.559055118110237 et
202.96062992125985 335.90551181102364 31.181102362204726 19.559055118110237 la
218.5511811023622 335.90551181102364 56.976377952755904 19.559055118110237 vitesse
259.93700787401576 335.90551181102364 31.181102362204726 19.559055118110237 et
275.5275590551181 335.90551181102364 77.66929133858268 19.559055118110237 l’agitation
337.6062992125984 335.90551181102364 31.181102362204726 19.559055118110237 de
352.9133858267717 335.90551181102364 36.28346456692913 19.559055118110237 nos
373.6062992125984 335.90551181102364 46.488188976377955 19.559055118110237 jours
399.68503937007875 335.90551181102364 46.488188976377955 19.559055118110237 doivent

37.41732283464567 351.7795275590551 85.03937007874016 20.125984251968504 naturellement
107.71653543307086 351.7795275590551 54.99212598425197 20.125984251968504 influer
147.68503937007873 351.7795275590551 35.1496062992126 20.125984251968504 sur
162.70866141732284 351.7795275590551 39.968503937007874 20.125984251968504 l’art.

46.77165354330709 362.5511811023622 32.881889763779526 22.11023622047244 Le
63.21259842519685 362.5511811023622 65.76377952755905 22.11023622047244 Danemark
112.25196850393701 362.5511811023622 27.212598425196852 22.11023622047244 a
123.30708661417323 362.5511811023622 32.881889763779526 22.11023622047244 de
139.748031496063 362.5511811023622 60.09448818897638 22.11023622047244 nouveau
183.4015748031496 362.5511811023622 38.267716535433074 22.11023622047244 été
205.22834645669292 362.5511811023622 54.70866141732284 22.11023622047244 invité
243.49606299212599 362.5511811023622 27.212598425196852 22.11023622047244 à
254.5511811023622 362.5511811023622 76.53543307086615 22.11023622047244 participer
314.6456692913386 362.5511811023622 27.212598425196852 22.11023622047244 à
325.7007874015748 362.5511811023622 32.881889763779526 22.11023622047244 la
341.8582677165354 362.5511811023622 65.76377952755905 22.11023622047244 Biennale
391.18110236220474 362.5511811023622 32.881889763779526 22.11023622047244 de
402.23622047244095 362.5511811023622 43.653543307086615 22.11023622047244 Paris.

37.41732283464567 377.29133858267716 44.78740157480315 22.11023622047244 Nous
65.48031496062993 377.29133858267716 28.062992125984252 22.11023622047244 y
76.81889763779527 377.29133858267716 56.125984251968504 22.11023622047244 serons
115.93700787401575 377.29133858267716 83.90551181102362 22.11023622047244 représentés
183.11811023622047 377.29133858267716 39.118110236220474 22.11023622047244 par
205.51181102362204 377.29133858267716 67.18110236220473 22.11023622047244 quelques
255.96850393700788 377.29133858267716 56.125984251968504 22.11023622047244 jeunes
295.0866141732283 377.29133858267716 67.18110236220473 22.11023622047244 artistes
339.87401574803147 377.29133858267716 106.2992125984252 22.11023622047244 expérimentalistes

37.13385826771653 393.1653543307087 38.267716535433074 17.5748031496063 qui
58.960629921259844 393.1653543307087 65.48031496062993 17.5748031496063 adhèrent
108.0 393.1653543307087 43.653543307086615 17.5748031496063 tout
135.21259842519686 393.1653543307087 92.69291338582677 17.5748031496063 naturellement
211.748031496063 393.1653543307087 27.212598425196852 17.5748031496063 à
222.51968503937007 393.1653543307087 32.881889763779526 17.5748031496063 la
238.96062992125985 393.1653543307087 65.48031496062993 17.5748031496063 tendance
288.2834645669291 393.1653543307087 38.267716535433074 17.5748031496063 qui
310.1102362204724 393.1653543307087 38.267716535433074 17.5748031496063 est
331.93700787401576 393.1653543307087 54.70866141732284 17.5748031496063 l’idée
369.9212598425197 393.1653543307087 43.653543307086615 17.5748031496063 même
397.4173228346457 393.1653543307087 32.881889763779526 17.5748031496063 de
408.18897637795277 393.1653543307087 38.267716535433074 17.5748031496063 cette

37.13385826771653 404.2204724409449 83.05511811023622 24.094488188976378 exposition.
103.74803149606299 404.2204724409449 38.83464566929134 24.094488188976378 Ces
125.85826771653544 404.2204724409449 55.275590551181104 24.094488188976378 jeunes
164.69291338582678 404.2204724409449 66.33070866141732 24.094488188976378 peintres
214.58267716535434 404.2204724409449 33.16535433070866 24.094488188976378 et
231.0236220472441 404.2204724409449 77.38582677165354 24.094488188976378 sculpteurs
291.9685039370079 404.2204724409449 38.83464566929134 24.094488188976378 ont
314.0787401574803 404.2204724409449 38.83464566929134 24.094488188976378 une
336.18897637795277 404.2204724409449 49.889763779527556 24.094488188976378 façon
369.6377952755906 404.2204724409449 33.16535433070866 24.094488188976378 de
380.6929133858268 404.2204724409449 66.33070866141732 24.094488188976378 s’exprimer

37.7007874015748 422.92913385826773 76.53543307086615 15.874015748031496 abstraite,
97.79527559055119 422.92913385826773 60.09448818897638 15.874015748031496 marquée
141.4488188976378 422.92913385826773 38.267716535433074 15.874015748031496 par
163.2755905511811 422.92913385826773 32.881889763779526 15.874015748031496 le
179.43307086614172 422.92913385826773 70.86614173228347 15.874015748031496 sentiment
234.14173228346456 422.92913385826773 70.86614173228347 15.874015748031496 personnel
288.8503937007874 422.92913385826773 32.881889763779526 15.874015748031496 de
305.00787401574803 422.92913385826773 54.70866141732284 15.874015748031496 chacun
343.2755905511811 422.92913385826773 49.039370078740156 15.874015748031496 d’eux
376.15748031496065 422.92913385826773 70.86614173228347 15.874015748031496 vis-à-vis
425.1968503937008 422.92913385826773 21.826771653543307 15.874015748031496 de

37.7007874015748 439.65354330708664 32.59842519685039 18.4251968503937 ce
53.85826771653543 439.65354330708664 54.425196850393704 18.4251968503937 qu’ils
91.84251968503936 439.65354330708664 70.58267716535433 18.4251968503937 cherchent
146.26771653543307 439.65354330708664 27.212598425196852 18.4251968503937 à
151.6535433070866 439.65354330708664 59.811023622047244 18.4251968503937 exprimer.

47.62204724409449 448.4409448818898 34.58267716535433 22.11023622047244 Le
64.91338582677166 448.4409448818898 75.11811023622047 22.11023622047244 sculpteur
122.74015748031496 448.4409448818898 69.44881889763779 22.11023622047244 Vandborg
174.89763779527559 448.4409448818898 40.53543307086614 22.11023622047244 est
197.85826771653544 448.4409448818898 40.53543307086614 22.11023622047244 une
221.10236220472441 448.4409448818898 81.07086614173228 22.11023622047244 exception,
284.59842519685037 448.4409448818898 34.58267716535433 22.11023622047244 il
302.1732283464567 448.4409448818898 40.53543307086614 22.11023622047244 est
325.13385826771656 448.4409448818898 34.58267716535433 22.11023622047244 un
342.70866141732284 448.4409448818898 40.53543307086614 22.11023622047244 bon
365.6692913385827 448.4409448818898 63.77952755905512 22.11023622047244 exemple
412.15748031496065 448.4409448818898 34.58267716535433 22.11023622047244 de
423.496062992126 448.4409448818898 23.244094488188978 22.11023622047244 la

37.98425196850393 465.73228346456693 65.48031496062993 18.992125984251967 tendance
87.02362204724409 465.73228346456693 38.267716535433074 18.992125984251967 qui
108.85039370078741 465.73228346456693 54.70866141732284 18.992125984251967 existe
147.11811023622047 465.73228346456693 49.039370078740156 18.992125984251967 aussi
179.71653543307087 465.73228346456693 43.653543307086615 18.992125984251967 dans
207.21259842519686 465.73228346456693 49.039370078740156 18.992125984251967 l’art
239.81102362204723 465.73228346456693 54.70866141732284 18.992125984251967 danois
278.0787401574803 465.73228346456693 49.039370078740156 18.992125984251967 jeune
310.96062992125985 465.73228346456693 32.881889763779526 18.992125984251967 de
327.11811023622045 465.73228346456693 60.09448818897638 18.992125984251967 vouloir
370.7716535433071 465.73228346456693 76.53543307086615 18.992125984251967 s’exprimer
425.4803149606299 465.73228346456693 21.826771653543307 18.992125984251967 de

38.83464566929134 478.20472440944883 60.09448818897638 20.976377952755904 manière
82.48818897637796 478.20472440944883 87.30708661417323 20.976377952755904 naturaliste,
153.35433070866142 478.20472440944883 43.653543307086615 20.976377952755904 sans
180.56692913385828 478.20472440944883 70.86614173228347 20.976377952755904 cependant
235.2755905511811 478.20472440944883 70.86614173228347 20.976377952755904 emprunter
289.7007874015748 478.20472440944883 38.267716535433074 20.976377952755904 les
311.5275590551181 478.20472440944883 65.48031496062993 20.976377952755904 sentiers
360.56692913385825 478.20472440944883 54.425196850393704 20.976377952755904 battus
398.8346456692913 478.20472440944883 32.59842519685039 20.976377952755904 du
409.6062992125984 478.20472440944883 38.267716535433074 20.976377952755904 natu-

39.118110236220474 496.06299212598424 56.125984251968504 20.125984251968504 ralisme
79.93700787401575 496.06299212598424 30.614173228346456 20.125984251968504 et
95.24409448818898 496.06299212598424 30.614173228346456 20.125984251968504 de
110.55118110236221 496.06299212598424 30.614173228346456 20.125984251968504 la
120.4724409448819 496.06299212598424 61.22834645669291 20.125984251968504 tradition.

375.3070866141732 546.8031496062993 39.118110236220474 21.25984251968504 Kai
392.31496062992125 546.8031496062993 56.125984251968504 21.25984251968504 Mottlau.
