515.3385826771654 622.7716535433071
73.41732283464567 1.984251968503937 93.54330708661418 21.25984251968504 POLOGNE

174.89763779527559 124.44094488188976 26.64566929133858 19.275590551181104 Commissaire
196.15748031496062 124.44094488188976 21.25984251968504 19.275590551181104 Général:
212.03149606299212 124.44094488188976 22.96062992125984 19.275590551181104 Halina
229.88976377952756 124.44094488188976 35.43307086614173 19.275590551181104 Chrostowska
258.23622047244095 124.44094488188976 17.858267716535433 19.275590551181104 Peintre.

126.99212598425197 208.62992125984252 30.614173228346456 20.69291338582677 La
142.29921259842519 208.62992125984252 61.511811023622045 20.69291338582677 présente
188.50393700787401 208.62992125984252 61.511811023622045 20.69291338582677 Biennale
234.4251968503937 208.62992125984252 92.1259842519685 20.69291338582677 Internationale
311.244094488189 208.62992125984252 30.614173228346456 20.69291338582677 de
326.8346456692913 208.62992125984252 46.20472440944882 20.69291338582677 Paris
357.4488188976378 208.62992125984252 56.40944881889764 20.69291338582677 suscite
398.5511811023622 208.62992125984252 41.10236220472441 20.69291338582677 chez
424.06299212598424 208.62992125984252 41.10236220472441 20.69291338582677 nous
449.5748031496063 208.62992125984252 30.614173228346456 20.69291338582677 un
459.7795275590551 208.62992125984252 46.20472440944882 20.69291338582677 intérét

116.22047244094489 223.37007874015748 37.98425196850393 19.275590551181104 tout
140.03149606299212 223.37007874015748 76.25196850393701 19.275590551181104 particulier,
201.82677165354332 223.37007874015748 42.803149606299215 19.275590551181104 grâce
230.45669291338584 223.37007874015748 23.811023622047244 19.275590551181104 à
240.09448818897638 223.37007874015748 28.62992125984252 19.275590551181104 la
254.26771653543307 223.37007874015748 71.43307086614173 19.275590551181104 possibilité
311.5275590551181 223.37007874015748 52.44094488188976 19.275590551181104 qu’elle
349.51181102362204 223.37007874015748 42.803149606299215 19.275590551181104 offre
378.1417322834646 223.37007874015748 28.62992125984252 19.275590551181104 de
392.31496062992125 223.37007874015748 66.61417322834646 19.275590551181104 confronter
444.755905511811 223.37007874015748 33.44881889763779 19.275590551181104 les
458.92913385826773 223.37007874015748 47.62204724409449 19.275590551181104 diverses

115.93700787401575 234.4251968503937 45.07086614173228 21.543307086614174 idées
145.98425196850394 234.4251968503937 70.01574803149606 21.543307086614174 créatrices
200.9763779527559 234.4251968503937 34.86614173228347 21.543307086614174 des
221.10236220472441 234.4251968503937 49.889763779527556 21.543307086614174 jeunes
255.96850393700788 234.4251968503937 64.91338582677166 21.543307086614174 artistes.
306.1417322834646 234.4251968503937 30.04724409448819 21.543307086614174 Le
320.88188976377955 234.4251968503937 49.889763779527556 21.543307086614174 rythme
356.0314960629921 234.4251968503937 60.09448818897638 21.543307086614174 accéléré
401.1023622047244 234.4251968503937 30.04724409448819 21.543307086614174 de
416.12598425196853 234.4251968503937 30.04724409448819 21.543307086614174 la
430.86614173228344 234.4251968503937 34.86614173228347 21.543307086614174 vie
445.8897637795276 234.4251968503937 60.09448818897638 21.543307086614174 polonaise,

115.93700787401575 250.58267716535434 75.11811023622047 17.858267716535433 conséquence
176.03149606299212 250.58267716535434 30.04724409448819 17.858267716535433 de
191.0551181102362 250.58267716535434 70.01574803149606 17.858267716535433 l’histoire
246.33070866141733 250.58267716535434 60.09448818897638 17.858267716535433 récente,
291.40157480314963 250.58267716535434 30.04724409448819 17.858267716535433 si
306.4251968503937 250.58267716535434 75.11811023622047 17.858267716535433 dramatique,
366.23622047244095 250.58267716535434 30.04724409448819 17.858267716535433 et
381.25984251968504 250.58267716535434 35.1496062992126 17.858267716535433 des
401.38582677165357 250.58267716535434 60.09448818897638 17.858267716535433 violents
441.3543307086614 250.58267716535434 65.19685039370079 17.858267716535433 changements

115.93700787401575 263.62204724409446 55.84251968503937 18.141732283464567 qu’elle
156.4724409448819 263.62204724409446 30.330708661417322 18.141732283464567 ne
171.7795275590551 263.62204724409446 45.63779527559055 18.141732283464567 cesse
202.11023622047244 263.62204724409446 81.07086614173228 18.141732283464567 d’engendrer,
268.15748031496065 263.62204724409446 45.63779527559055 18.141732283464567 offre
298.48818897637796 263.62204724409446 25.228346456692915 18.141732283464567 à
308.6929133858268 263.62204724409446 30.330708661417322 18.141732283464567 la
324.0 263.62204724409446 45.63779527559055 18.141732283464567 jeune
354.3307086614173 263.62204724409446 71.14960629921259 18.141732283464567 génération
410.1732283464567 263.62204724409446 25.228346456692915 18.141732283464567 —
420.37795275590554 263.62204724409446 60.94488188976378 18.141732283464567 toujours
466.01574803149606 263.62204724409446 30.330708661417322 18.141732283464567 la
476.2204724409449 263.62204724409446 30.330708661417322 18.141732283464567 plus

115.37007874015748 278.3622047244094 60.09448818897638 18.4251968503937 sensible
160.7244094488189 278.3622047244094 30.04724409448819 18.4251968503937 et
175.748031496063 278.3622047244094 30.04724409448819 18.4251968503937 la
190.77165354330708 278.3622047244094 40.25196850393701 18.4251968503937 plus
215.71653543307087 278.3622047244094 65.19685039370079 18.4251968503937 novatrice
265.8897637795276 278.3622047244094 25.228346456692915 18.4251968503937 —
276.09448818897636 278.3622047244094 35.1496062992126 18.4251968503937 des
296.2204724409449 278.3622047244094 70.2992125984252 18.4251968503937 conditions
351.21259842519686 278.3622047244094 40.25196850393701 18.4251968503937 très
376.4409448818898 278.3622047244094 70.2992125984252 18.4251968503937 favorables
431.43307086614175 278.3622047244094 30.04724409448819 18.4251968503937 au
441.6377952755906 278.3622047244094 65.19685039370079 18.4251968503937 mûrissement

115.37007874015748 289.4173228346457 40.25196850393701 15.874015748031496 d’un
140.5984251968504 289.4173228346457 35.43307086614173 15.874015748031496 art
160.7244094488189 289.4173228346457 45.354330708661415 15.874015748031496 riche
191.0551181102362 289.4173228346457 30.330708661417322 15.874015748031496 et
201.25984251968504 289.4173228346457 65.48031496062993 15.874015748031496 hétérogène.

124.7244094488189 300.4724409448819 37.7007874015748 19.84251968503937 Les
146.26771653543307 300.4724409448819 86.1732283464567 19.84251968503937 propositions
216.28346456692913 300.4724409448819 37.7007874015748 19.84251968503937 que
237.82677165354332 300.4724409448819 37.7007874015748 19.84251968503937 les
259.37007874015745 300.4724409448819 53.85826771653543 19.84251968503937 jeunes
297.07086614173227 300.4724409448819 64.62992125984252 19.84251968503937 Polonais
345.25984251968504 300.4724409448819 70.01574803149606 19.84251968503937 formulent
399.11811023622045 300.4724409448819 43.08661417322835 19.84251968503937 dans
426.0472440944882 300.4724409448819 37.7007874015748 19.84251968503937 les
442.20472440944883 300.4724409448819 64.62992125984252 19.84251968503937 différents

114.80314960629921 309.54330708661416 64.62992125984252 27.212598425196852 domaines
163.2755905511811 309.54330708661416 32.31496062992126 27.212598425196852 de
179.43307086614172 309.54330708661416 48.47244094488189 27.212598425196852 l’art
211.46456692913387 309.54330708661416 32.31496062992126 27.212598425196852 ne
227.6220472440945 309.54330708661416 59.24409448818898 27.212598425196852 peuvent
270.70866141732284 309.54330708661416 53.85826771653543 27.212598425196852 rester
308.40944881889766 309.54330708661416 43.08661417322835 27.212598425196852 sans
335.0551181102362 309.54330708661416 48.47244094488189 27.212598425196852 échos
367.37007874015745 309.54330708661416 43.08661417322835 27.212598425196852 dans
394.2992125984252 309.54330708661416 80.50393700787401 27.212598425196852 l’abondance
458.6456692913386 309.54330708661416 37.7007874015748 27.212598425196852 des
474.8031496062992 309.54330708661416 32.31496062992126 27.212598425196852 évé-

115.08661417322834 328.81889763779526 53.85826771653543 18.992125984251967 nements
154.20472440944883 328.81889763779526 29.480314960629922 18.992125984251967 de
168.9448818897638 328.81889763779526 44.22047244094488 18.992125984251967 l’art
198.4251968503937 328.81889763779526 58.960629921259844 18.992125984251967 moderne.
242.64566929133858 328.81889763779526 44.22047244094488 18.992125984251967 Elles
271.84251968503935 328.81889763779526 63.77952755905512 18.992125984251967 jouissent
320.88188976377955 328.81889763779526 53.85826771653543 18.992125984251967 souvent
360.2834645669291 328.81889763779526 44.22047244094488 18.992125984251967 d’une
389.76377952755905 328.81889763779526 39.118110236220474 18.992125984251967 très
414.1417322834646 328.81889763779526 44.22047244094488 18.992125984251967 haute
438.8031496062992 328.81889763779526 68.5984251968504 18.992125984251967 appréciation

114.23622047244095 342.70866141732284 46.488188976377955 18.708661417322833 comme
145.13385826771653 342.70866141732284 30.89763779527559 18.708661417322833 ce
160.7244094488189 342.70866141732284 36.28346456692913 18.708661417322833 fut
181.41732283464566 342.70866141732284 36.28346456692913 18.708661417322833 par
202.11023622047244 342.70866141732284 56.976377952755904 18.708661417322833 exemple
243.49606299212599 342.70866141732284 30.89763779527559 18.708661417322833 le
258.8031496062992 342.70866141732284 36.28346456692913 18.708661417322833 cas
279.496062992126 342.70866141732284 30.89763779527559 18.708661417322833 de
295.0866141732283 342.70866141732284 36.28346456692913 18.708661417322833 Jan
315.7795275590551 342.70866141732284 82.77165354330708 18.708661417322833 Lebensztein,
382.96062992125985 342.70866141732284 41.38582677165354 18.708661417322833 dont
408.755905511811 342.70866141732284 36.28346456692913 18.708661417322833 les
429.4488188976378 342.70866141732284 51.59055118110236 18.708661417322833 œuvres
460.62992125984255 342.70866141732284 46.488188976377955 18.708661417322833 pleines

114.51968503937007 353.1968503937008 30.89763779527559 20.125984251968504 de
129.82677165354332 353.1968503937008 56.976377952755904 20.125984251968504 vigueur
171.21259842519686 353.1968503937008 30.89763779527559 20.125984251968504 et
186.8031496062992 353.1968503937008 30.89763779527559 20.125984251968504 de
202.39370078740157 353.1968503937008 56.976377952755904 20.125984251968504 gravité
243.7795275590551 353.1968503937008 36.28346456692913 20.125984251968504 ont
264.4724409448819 353.1968503937008 51.59055118110236 20.125984251968504 obtenu
300.4724409448819 353.1968503937008 30.89763779527559 20.125984251968504 le
316.06299212598424 353.1968503937008 46.488188976377955 20.125984251968504 Grand
347.244094488189 353.1968503937008 41.38582677165354 20.125984251968504 Prix
373.03937007874015 353.1968503937008 30.89763779527559 20.125984251968504 de
388.34645669291336 353.1968503937008 30.89763779527559 20.125984251968504 la
403.93700787401576 353.1968503937008 46.488188976377955 20.125984251968504 Ville
435.11811023622045 353.1968503937008 30.89763779527559 20.125984251968504 de
450.4251968503937 353.1968503937008 46.488188976377955 20.125984251968504 Paris
481.6062992125984 353.1968503937008 25.79527559055118 20.125984251968504 à
486.70866141732284 353.1968503937008 20.69291338582677 20.125984251968504 la

113.66929133858268 366.8031496062992 76.53543307086615 15.023622047244094 précédente
168.3779527559055 366.8031496062992 60.09448818897638 15.023622047244094 Biennale.

124.15748031496064 380.12598425196853 46.488188976377955 21.543307086614174 Comme
155.0551181102362 380.12598425196853 31.181102362204726 21.543307086614174 il
170.64566929133858 380.12598425196853 25.79527559055118 21.543307086614174 y
181.13385826771653 380.12598425196853 25.79527559055118 21.543307086614174 a
191.33858267716536 380.12598425196853 41.38582677165354 21.543307086614174 deux
217.41732283464566 380.12598425196853 41.38582677165354 21.543307086614174 ans,
243.21259842519686 380.12598425196853 36.28346456692913 21.543307086614174 les
263.90551181102364 380.12598425196853 51.874015748031496 21.543307086614174 œuvres
300.18897637795277 380.12598425196853 62.07874015748032 21.543307086614174 exposées
346.96062992125985 380.12598425196853 46.488188976377955 21.543307086614174 n’ont
377.8582677165354 380.12598425196853 72.56692913385827 21.543307086614174 aucunement
434.8346456692913 380.12598425196853 31.181102362204726 21.543307086614174 la
445.3228346456693 380.12598425196853 62.07874015748032 21.543307086614174 prétention

114.51968503937007 394.86614173228344 28.913385826771652 22.393700787401574 de
128.9763779527559 394.86614173228344 72.0 22.393700787401574 représenter
186.51968503937007 394.86614173228344 28.913385826771652 22.393700787401574 la
200.9763779527559 394.86614173228344 57.54330708661417 22.393700787401574 totalité
244.06299212598427 394.86614173228344 33.732283464566926 22.393700787401574 des
263.33858267716533 394.86614173228344 62.36220472440945 22.393700787401574 tendances
311.5275590551181 394.86614173228344 72.0 22.393700787401574 artistiques
369.07086614173227 394.86614173228344 33.732283464566926 22.393700787401574 qui
388.34645669291336 394.86614173228344 28.913385826771652 22.393700787401574 se
402.5196850393701 394.86614173228344 38.55118110236221 22.393700787401574 font
426.61417322834643 394.86614173228344 38.55118110236221 22.393700787401574 jour
450.70866141732284 394.86614173228344 28.913385826771652 22.393700787401574 en
460.34645669291336 394.86614173228344 47.90551181102362 22.393700787401574 Pologne.

113.66929133858268 406.48818897637796 30.330708661417322 19.275590551181104 Il
128.9763779527559 406.48818897637796 25.228346456692915 19.275590551181104 y
138.89763779527559 406.48818897637796 50.45669291338583 19.275590551181104 manque
174.33070866141733 406.48818897637796 30.330708661417322 19.275590551181104 de
189.63779527559055 406.48818897637796 60.661417322834644 19.275590551181104 nombreux
234.99212598425197 406.48818897637796 50.45669291338583 19.275590551181104 jeunes
270.4251968503937 406.48818897637796 60.661417322834644 19.275590551181104 artistes
315.7795275590551 406.48818897637796 30.330708661417322 19.275590551181104 de
331.0866141732283 406.48818897637796 50.45669291338583 19.275590551181104 talent
366.5196850393701 406.48818897637796 40.53543307086614 19.275590551181104 dont
391.748031496063 406.48818897637796 55.55905511811024 19.275590551181104 l’œuvre
432.2834645669291 406.48818897637796 35.43307086614173 19.275590551181104 est
452.40944881889766 406.48818897637796 35.43307086614173 19.275590551181104 une
467.43307086614175 406.48818897637796 40.53543307086614 19.275590551181104 conti-

114.23622047244095 420.9448818897638 54.14173228346457 16.724409448818896 nuation
153.63779527559055 420.9448818897638 29.480314960629922 16.724409448818896 de
168.3779527559055 420.9448818897638 29.480314960629922 16.724409448818896 la
183.11811023622047 420.9448818897638 68.88188976377953 16.724409448818896 tradition.
237.25984251968504 420.9448818897638 29.480314960629922 16.724409448818896 Il
252.0 420.9448818897638 24.661417322834644 16.724409448818896 y
261.9212598425197 420.9448818897638 49.32283464566929 16.724409448818896 manque
296.503937007874 420.9448818897638 44.22047244094488 16.724409448818896 aussi
325.98425196850394 420.9448818897638 59.24409448818898 16.724409448818896 beaucoup
370.20472440944883 420.9448818897638 29.480314960629922 16.724409448818896 de
385.2283464566929 420.9448818897638 39.40157480314961 16.724409448818896 ceux
409.6062992125984 420.9448818897638 39.40157480314961 16.724409448818896 dont
434.26771653543307 420.9448818897638 34.58267716535433 16.724409448818896 les
449.00787401574803 420.9448818897638 59.24409448818898 16.724409448818896 recherches

113.66929133858268 432.56692913385825 57.25984251968504 22.677165354330707 hardies
155.0551181102362 432.56692913385825 31.181102362204726 22.677165354330707 de
170.64566929133858 432.56692913385825 62.36220472440945 22.677165354330707 nouveaux
217.41732283464566 432.56692913385825 51.874015748031496 22.677165354330707 moyens
253.70078740157481 432.56692913385825 83.05511811023622 22.677165354330707 d’expression
321.1653543307087 432.56692913385825 62.36220472440945 22.677165354330707 auraient
367.93700787401576 432.56692913385825 31.181102362204726 22.677165354330707 pu
383.5275590551181 432.56692913385825 51.874015748031496 22.677165354330707 rendre
420.09448818897636 432.56692913385825 46.77165354330709 22.677165354330707 cette
445.8897637795276 432.56692913385825 62.36220472440945 22.677165354330707 exposition

113.38582677165354 447.0236220472441 50.74015748031496 21.543307086614174 encore
148.8188976377953 447.0236220472441 40.53543307086614 21.543307086614174 plus
174.33070866141733 447.0236220472441 86.1732283464567 21.543307086614174 intéressante,
245.1968503937008 447.0236220472441 50.74015748031496 21.543307086614174 encore
280.62992125984255 447.0236220472441 40.53543307086614 21.543307086614174 plus
306.1417322834646 447.0236220472441 75.96850393700787 21.543307086614174 attrayante.
366.8031496062992 447.0236220472441 30.330708661417322 21.543307086614174 Il
382.1102362204724 447.0236220472441 35.43307086614173 21.543307086614174 est
402.23622047244095 447.0236220472441 65.76377952755905 21.543307086614174 toutefois
447.87401574803147 447.0236220472441 60.94488188976378 21.543307086614174 impossible

113.66929133858268 461.76377952755905 70.01574803149606 20.409448818897637 d’englober
168.66141732283464 461.76377952755905 39.968503937007874 20.409448818897637 dans
193.88976377952756 461.76377952755905 30.04724409448819 20.409448818897637 un
208.91338582677164 461.76377952755905 45.07086614173228 20.409448818897637 cadre
238.6771653543307 461.76377952755905 30.04724409448819 20.409448818897637 si
253.70078740157481 461.76377952755905 49.889763779527556 20.409448818897637 étroit
288.8503937007874 461.76377952755905 45.07086614173228 20.409448818897637 toute
318.8976377952756 461.76377952755905 30.04724409448819 20.409448818897637 la
333.9212598425197 461.76377952755905 60.09448818897638 20.409448818897637 richesse
378.70866141732284 461.76377952755905 34.86614173228347 20.409448818897637 des
398.8346456692913 461.76377952755905 79.93700787401575 20.409448818897637 propositions
458.92913385826773 461.76377952755905 49.889763779527556 20.409448818897637 offertes

113.10236220472441 474.5196850393701 36.0 20.69291338582677 par
133.51181102362204 474.5196850393701 61.79527559055118 20.69291338582677 diverses
180.0 474.5196850393701 92.40944881889764 20.69291338582677 individualités
257.1023622047244 474.5196850393701 77.10236220472441 20.69291338582677 créatrices,
318.61417322834643 474.5196850393701 41.10236220472441 20.69291338582677 dont
344.40944881889766 474.5196850393701 72.0 20.69291338582677 l’adhésion
400.81889763779526 474.5196850393701 25.79527559055118 20.69291338582677 à
411.3070866141732 474.5196850393701 30.89763779527559 20.69291338582677 la
421.51181102362204 474.5196850393701 87.30708661417323 20.69291338582677 contemporanéité

113.38582677165354 486.99212598425197 30.89763779527559 17.858267716535433 se
128.69291338582678 486.99212598425197 66.61417322834646 17.858267716535433 manifeste
180.0 486.99212598425197 30.89763779527559 17.858267716535433 en
195.59055118110237 486.99212598425197 36.0 17.858267716535433 une
216.0 486.99212598425197 92.40944881889764 17.858267716535433 interprétation
293.1023622047244 486.99212598425197 77.10236220472441 17.858267716535433 personnelle
354.61417322834643 486.99212598425197 30.89763779527559 17.858267716535433 de
369.9212598425197 486.99212598425197 30.89763779527559 17.858267716535433 la
385.2283464566929 486.99212598425197 61.511811023622045 17.858267716535433 réalité,
431.43307086614175 486.99212598425197 30.89763779527559 17.858267716535433 en
447.0236220472441 486.99212598425197 36.0 17.858267716535433 une
462.3307086614173 486.99212598425197 46.20472440944882 17.858267716535433 volonté

113.38582677165354 498.3307086614173 29.19685039370079 22.96062992125984 de
127.84251968503936 498.3307086614173 73.41732283464567 22.96062992125984 transmettre
186.51968503937007 498.3307086614173 63.496062992125985 22.96062992125984 l’échelle
235.55905511811022 498.3307086614173 29.19685039370079 22.96062992125984 la
250.01574803149606 498.3307086614173 39.118110236220474 22.96062992125984 plus
274.6771653543307 498.3307086614173 43.93700787401575 22.96062992125984 large
303.87401574803147 498.3307086614173 63.496062992125985 22.96062992125984 possible,
352.62992125984255 498.3307086614173 39.118110236220474 22.96062992125984 mais
377.29133858267716 498.3307086614173 58.67716535433071 22.96062992125984 toujours
421.2283464566929 498.3307086614173 39.118110236220474 22.96062992125984 très
440.78740157480314 498.3307086614173 68.31496062992126 22.96062992125984 personnelle,

113.38582677165354 509.6692913385827 37.41732283464567 25.79527559055118 des
134.9291338582677 509.6692913385827 80.22047244094489 25.79527559055118 sentiments,
198.99212598425197 509.6692913385827 37.41732283464567 25.79527559055118 des
220.251968503937 509.6692913385827 74.83464566929133 25.79527559055118 ambiances,
279.21259842519686 509.6692913385827 37.41732283464567 25.79527559055118 des
300.4724409448819 509.6692913385827 69.44881889763779 25.79527559055118 émotions,
354.0472440944882 509.6692913385827 32.031496062992126 25.79527559055118 en
370.20472440944883 509.6692913385827 32.031496062992126 25.79527559055118 un
386.0787401574803 509.6692913385827 37.41732283464567 25.79527559055118 mot
407.62204724409446 509.6692913385827 48.188976377952756 25.79527559055118 toute
434.26771653543307 509.6692913385827 74.83464566929133 25.79527559055118 l’atmosphère

113.10236220472441 524.4094488188977 79.08661417322834 15.874015748031496 spécifique
175.1811023622047 524.4094488188977 33.732283464566926 15.874015748031496 de
192.18897637795277 524.4094488188977 33.732283464566926 15.874015748031496 la
203.5275590551181 524.4094488188977 33.732283464566926 15.874015748031496 vie.

123.59055118110236 536.0314960629921 39.118110236220474 25.228346456692915 Les
145.98425196850394 536.0314960629921 55.84251968503937 25.228346456692915 œuvres
185.10236220472441 536.0314960629921 67.18110236220473 25.228346456692915 exposées
235.55905511811022 536.0314960629921 33.44881889763779 25.228346456692915 ne
252.28346456692913 536.0314960629921 44.78740157480315 25.228346456692915 sont
280.06299212598424 536.0314960629921 50.173228346456696 25.228346456692915 qu’un
313.79527559055117 536.0314960629921 67.18110236220473 25.228346456692915 exemple,
363.9685039370079 536.0314960629921 33.44881889763779 25.228346456692915 un
380.6929133858268 536.0314960629921 61.511811023622045 25.228346456692915 exemple
425.4803149606299 536.0314960629921 55.84251968503937 25.228346456692915 choisi
464.59842519685037 536.0314960629921 44.78740157480315 25.228346456692915 avec
486.99212598425197 536.0314960629921 22.393700787401574 25.228346456692915 le

113.66929133858268 551.9055118110236 41.669291338582674 19.275590551181104 plus
139.748031496063 551.9055118110236 46.77165354330709 19.275590551181104 grand
170.9291338582677 551.9055118110236 46.77165354330709 19.275590551181104 soin,
202.11023622047244 551.9055118110236 41.669291338582674 19.275590551181104 afin
228.18897637795277 551.9055118110236 31.181102362204726 19.275590551181104 de
243.7795275590551 551.9055118110236 57.25984251968504 19.275590551181104 montrer
285.4488188976378 551.9055118110236 41.669291338582674 19.275590551181104 tout
311.5275590551181 551.9055118110236 31.181102362204726 19.275590551181104 le
327.11811023622045 551.9055118110236 46.77165354330709 19.275590551181104 poids
358.5826771653543 551.9055118110236 78.23622047244095 19.275590551181104 quantitatif
420.9448818897638 551.9055118110236 31.181102362204726 19.275590551181104 de
436.81889763779526 551.9055118110236 31.181102362204726 19.275590551181104 la
447.0236220472441 551.9055118110236 62.645669291338585 19.275590551181104 discussion

125.5748031496063 594.7086614173228 27.77952755905512 15.874015748031496 94
