515.3385826771654 622.7716535433071
226.77165354330708 43.93700787401575 43.93700787401575 19.275590551181104 C-
248.88188976377953 43.93700787401575 109.41732283464567 19.275590551181104 PROPOSITION
329.1023622047244 43.93700787401575 80.22047244094489 19.275590551181104 PLASTIQUE

259.0866141732283 59.52755905511811 48.47244094488189 16.15748031496063 pour
289.4173228346457 59.52755905511811 36.28346456692913 16.15748031496063 un
307.5590551181102 59.52755905511811 48.47244094488189 16.15748031496063 lieu
331.65354330708664 59.52755905511811 42.51968503937008 16.15748031496063 sacré

242.64566929133858 76.53543307086615 61.22834645669291 17.858267716535433 Atelier
287.1496062992126 76.53543307086615 94.39370078740157 17.858267716535433 Henri-Georges
359.43307086614175 76.53543307086615 33.44881889763779 17.858267716535433 ADAM

203.24409448818898 92.40944881889764 29.480314960629922 15.307086614173228 de
217.98425196850394 92.40944881889764 53.85826771653543 15.307086614173228 l’École
257.1023622047244 92.40944881889764 63.77952755905512 15.307086614173228 Nationale
306.1417322834646 92.40944881889764 68.5984251968504 15.307086614173228 Supérieure
360.0 92.40944881889764 34.2992125984252 15.307086614173228 des
374.74015748031496 92.40944881889764 58.960629921259844 15.307086614173228 Beaux

129.54330708661416 102.61417322834646 36.0 22.393700787401574 Ces
149.95275590551182 102.61417322834646 56.69291338582677 22.393700787401574 formes,
191.33858267716536 102.61417322834646 30.89763779527559 22.393700787401574 en
206.64566929133858 102.61417322834646 66.89763779527559 22.393700787401574 apparence
258.23622047244095 102.61417322834646 92.69291338582677 22.393700787401574 dissemblables,
335.33858267716533 102.61417322834646 30.89763779527559 22.393700787401574 se
350.92913385826773 102.61417322834646 41.10236220472441 22.393700787401574 sont
376.7244094488189 102.61417322834646 61.79527559055118 22.393700787401574 groupées
422.92913385826773 102.61417322834646 30.89763779527559 22.393700787401574 en
433.4173228346457 102.61417322834646 77.10236220472441 22.393700787401574 architecture,

119.33858267716535 119.33858267716535 57.826771653543304 21.25984251968504 laissant
162.70866141732284 119.33858267716535 48.188976377952756 21.25984251968504 surgir
196.7244094488189 119.33858267716535 33.732283464566926 21.25984251968504 aux
216.0 119.33858267716535 48.188976377952756 21.25984251968504 points
249.73228346456693 119.33858267716535 48.188976377952756 21.25984251968504 riches
283.46456692913387 119.33858267716535 28.913385826771652 21.25984251968504 la
297.9212598425197 119.33858267716535 57.826771653543304 21.25984251968504 peinture
341.5748031496063 119.33858267716535 28.913385826771652 21.25984251968504 et
356.0314960629921 119.33858267716535 28.913385826771652 21.25984251968504 la
370.48818897637796 119.33858267716535 67.74803149606299 21.25984251968504 sculpture.
423.496062992126 119.33858267716535 43.37007874015748 21.25984251968504 Ceci,
452.6929133858268 119.33858267716535 38.55118110236221 21.25984251968504 pour
476.78740157480314 119.33858267716535 33.732283464566926 21.25984251968504 que
491.244094488189 119.33858267716535 19.275590551181104 21.25984251968504 le

119.05511811023622 134.9291338582677 76.25196850393701 17.858267716535433 spectateur,
180.28346456692913 134.9291338582677 51.023622047244096 17.858267716535433 invité
215.71653543307087 134.9291338582677 25.511811023622048 17.858267716535433 à
225.92125984251967 134.9291338582677 35.71653543307087 17.858267716535433 une
246.33070866141733 134.9291338582677 76.25196850393701 17.858267716535433 circulation
307.5590551181102 134.9291338582677 71.14960629921259 17.858267716535433 intérieure
363.40157480314963 134.9291338582677 66.04724409448819 17.858267716535433 provoquée
414.4251968503937 134.9291338582677 35.71653543307087 17.858267716535433 par
434.8346456692913 134.9291338582677 30.614173228346456 17.858267716535433 le
445.03937007874015 134.9291338582677 66.04724409448819 17.858267716535433 dépaysement

118.48818897637796 151.93700787401573 69.73228346456693 17.007874015748033 poétique,
172.06299212598427 151.93700787401573 64.34645669291339 17.007874015748033 devienne
215.1496062992126 151.93700787401573 48.188976377952756 17.007874015748033 acteur.

138.89763779527559 165.54330708661416 79.93700787401575 18.992125984251967 Jocelyne
202.96062992125985 165.54330708661416 85.32283464566929 18.992125984251967 ANTOINE
272.12598425196853 165.54330708661416 37.13385826771653 18.992125984251967 née
293.38582677165357 165.54330708661416 26.64566929133858 18.992125984251967 à
303.87401574803147 165.54330708661416 42.51968503937008 18.992125984251967 Lyon
330.5196850393701 165.54330708661416 32.031496062992126 18.992125984251967 en
346.6771653543307 165.54330708661416 42.51968503937008 18.992125984251967 1936
373.3228346456693 165.54330708661416 63.77952755905512 18.992125984251967 (peintre
421.2283464566929 165.54330708661416 69.16535433070867 18.992125984251967 verrier),
469.13385826771656 165.54330708661416 42.51968503937008 18.992125984251967 ateler

139.1811023622047 183.4015748031496 74.55118110236221 24.661417322834644 Francis
197.85826771653544 183.4015748031496 85.03937007874016 24.661417322834644 BURETTE
266.74015748031496 183.4015748031496 32.031496062992126 24.661417322834644 né
282.8976377952756 183.4015748031496 26.64566929133858 24.661417322834644 à
293.38582677165357 183.4015748031496 85.03937007874016 24.661417322834644 Valenciennes
362.5511811023622 183.4015748031496 32.031496062992126 24.661417322834644 en
378.4251968503937 183.4015748031496 42.51968503937008 24.661417322834644 1930
399.68503937007875 183.4015748031496 74.55118110236221 24.661417322834644 (sculpteur).

139.748031496063 201.82677165354332 73.98425196850394 15.023622047244094 Bernard
197.85826771653544 201.82677165354332 89.85826771653544 15.023622047244094 COLLETTE
271.84251968503935 201.82677165354332 68.5984251968504 15.023622047244094 D.P.L.G.,
324.8503937007874 201.82677165354332 31.748031496062993 15.023622047244094 né
340.7244094488189 201.82677165354332 26.362204724409448 15.023622047244094 à
351.21259842519686 201.82677165354332 63.496062992125985 15.023622047244094 Asnières
398.8346456692913 201.82677165354332 31.748031496062993 15.023622047244094 en
409.3228346456693 201.82677165354332 31.748031496062993 15.023622047244094 1932

138.89763779527559 215.71653543307087 73.98425196850394 11.338582677165354 Georges
197.00787401574803 215.71653543307087 73.98425196850394 11.338582677165354 DYENS
255.11811023622047 215.71653543307087 31.748031496062993 11.338582677165354 né
270.99212598425197 215.71653543307087 26.362204724409448 11.338582677165354 à
281.76377952755905 215.71653543307087 47.62204724409449 11.338582677165354 Tunis
313.51181102362204 215.71653543307087 31.748031496062993 11.338582677165354 en
329.1023622047244 215.71653543307087 42.23622047244095 11.338582677165354 1932
350.3622047244094 215.71653543307087 73.98425196850394 11.338582677165354 (sculpteur).

139.1811023622047 225.35433070866142 86.74015748031496 12.755905511811024 Jacqueline
210.61417322834646 225.35433070866142 76.53543307086615 12.755905511811024 HUREAU
271.84251968503935 225.35433070866142 35.71653543307087 12.755905511811024 née
292.251968503937 225.35433070866142 25.511811023622048 12.755905511811024 à
302.45669291338584 225.35433070866142 45.92125984251968 12.755905511811024 Paris
333.3543307086614 225.35433070866142 30.614173228346456 12.755905511811024 en
348.66141732283467 225.35433070866142 40.818897637795274 12.755905511811024 1935
374.1732283464567 225.35433070866142 61.22834645669291 12.755905511811024 (peintre
420.09448818897636 225.35433070866142 66.33070866141732 12.755905511811024 verrier),
466.01574803149606 225.35433070866142 45.92125984251968 12.755905511811024 atelier

132.09448818897638 236.69291338582678 55.84251968503937 13.88976377952756 Aujame.

138.89763779527559 238.39370078740157 67.18110236220473 24.094488188976378 Janine
190.48818897637796 238.39370078740157 72.56692913385827 24.094488188976378 TASSY
247.46456692913387 238.39370078740157 36.28346456692913 24.094488188976378 née
268.15748031496065 238.39370078740157 25.79527559055118 24.094488188976378 à
278.6456692913386 238.39370078740157 62.07874015748032 24.094488188976378 Bordeaux
325.13385826771656 238.39370078740157 31.181102362204726 24.094488188976378 en
340.7244094488189 238.39370078740157 41.38582677165354 24.094488188976378 1931
361.4173228346457 238.39370078740157 72.56692913385827 24.094488188976378 (sculpteur).

197.29133858267716 270.99212598425197 49.32283464566929 22.393700787401574 D-
221.95275590551182 270.99212598425197 82.20472440944881 22.393700787401574 ESPACE
279.496062992126 270.99212598425197 65.76377952755905 22.393700787401574 POUR
320.59842519685037 270.99212598425197 73.98425196850394 22.393700787401574 AUTRE
361.7007874015748 270.99212598425197 57.54330708661417 22.393700787401574 CHOSE

129.25984251968504 300.755905511811 43.653543307086615 14.740157480314961 Dans
156.4724409448819 300.755905511811 32.881889763779526 14.740157480314961 le
172.91338582677164 300.755905511811 60.09448818897638 14.740157480314961 domaine
216.56692913385828 300.755905511811 38.267716535433074 14.740157480314961 des
238.6771653543307 300.755905511811 87.59055118110236 14.740157480314961 perspectives
309.54330708661416 300.755905511811 71.14960629921259 14.740157480314961 inventées
364.251968503937 300.755905511811 60.09448818897638 14.740157480314961 surgira
407.90551181102364 300.755905511811 71.14960629921259 14.740157480314961 peut-être
462.61417322834643 300.755905511811 32.881889763779526 14.740157480314961 le
473.6692913385827 300.755905511811 38.267716535433074 14.740157480314961 monde

118.77165354330708 311.81102362204723 30.614173228346456 15.874015748031496 de
134.07874015748033 311.81102362204723 56.125984251968504 15.874015748031496 demain,
174.89763779527559 311.81102362204723 45.92125984251968 15.874015748031496 celui
205.51181102362204 311.81102362204723 40.818897637795274 15.874015748031496 qui,
231.30708661417322 311.81102362204723 40.818897637795274 15.874015748031496 dans
256.81889763779526 311.81102362204723 35.71653543307087 15.874015748031496 les
277.2283464566929 311.81102362204723 61.22834645669291 15.874015748031496 facettes
323.1496062992126 311.81102362204723 30.614173228346456 15.874015748031496 du
338.45669291338584 311.81102362204723 61.22834645669291 15.874015748031496 cristal,
384.37795275590554 311.81102362204723 61.22834645669291 15.874015748031496 opposait
430.5826771653543 311.81102362204723 45.92125984251968 15.874015748031496 comme
461.1968503937008 311.81102362204723 35.71653543307087 15.874015748031496 une
476.503937007874 311.81102362204723 35.71653543307087 15.874015748031496 maté-

119.05511811023622 327.11811023622045 75.11811023622047 20.125984251968504 rialisation
179.1496062992126 327.11811023622045 30.04724409448819 20.125984251968504 de
189.35433070866142 327.11811023622045 70.01574803149606 20.125984251968504 visionnaire.

138.61417322834646 352.06299212598424 68.88188976377953 22.393700787401574 Michel
191.6220472440945 352.06299212598424 90.14173228346456 22.393700787401574 ANDRAULT
265.8897637795276 352.06299212598424 31.748031496062993 22.393700787401574 né
281.76377952755905 352.06299212598424 26.362204724409448 22.393700787401574 à
292.251968503937 352.06299212598424 68.88188976377953 22.393700787401574 Montrouge
345.25984251968504 352.06299212598424 31.748031496062993 22.393700787401574 en
361.13385826771656 352.06299212598424 42.51968503937008 22.393700787401574 1926
382.3937007874016 352.06299212598424 84.75590551181102 22.393700787401574 (architecte)*.

138.89763779527559 373.8897637795276 79.93700787401575 12.472440944881889 Augustin
202.96062992125985 373.8897637795276 90.70866141732283 12.472440944881889 CARDENAS
277.79527559055117 373.8897637795276 32.031496062992126 12.472440944881889 né
293.6692913385827 373.8897637795276 26.64566929133858 12.472440944881889 à
304.4409448818898 373.8897637795276 42.803149606299215 12.472440944881889 Cuba
331.0866141732283 373.8897637795276 32.031496062992126 12.472440944881889 en
346.96062992125985 373.8897637795276 42.803149606299215 12.472440944881889 1927
368.503937007874 373.8897637795276 74.83464566929133 12.472440944881889 (sculpteur).

139.46456692913387 382.1102362204724 64.06299212598425 14.456692913385826 Pierre
188.50393700787401 382.1102362204724 68.88188976377953 14.456692913385826 PARAT
242.64566929133858 382.1102362204724 29.480314960629922 14.456692913385826 né
257.38582677165357 382.1102362204724 24.661417322834644 14.456692913385826 à
267.3070866141732 382.1102362204724 68.88188976377953 14.456692913385826 Versailles
321.4488188976378 382.1102362204724 29.480314960629922 14.456692913385826 en
336.18897637795277 382.1102362204724 39.40157480314961 14.456692913385826 1928
356.0314960629921 382.1102362204724 73.7007874015748 14.456692913385826 (architecte).

139.1811023622047 392.88188976377955 65.48031496062993 15.590551181102363 Gérard
189.63779527559055 392.88188976377955 75.4015748031496 15.590551181102363 SINGER
250.01574803149606 392.88188976377955 30.04724409448819 15.590551181102363 né
265.03937007874015 392.88188976377955 25.228346456692915 15.590551181102363 à
274.96062992125985 392.88188976377955 45.354330708661415 15.590551181102363 Paris
305.29133858267716 392.88188976377955 30.04724409448819 15.590551181102363 en
320.31496062992125 392.88188976377955 40.25196850393701 15.590551181102363 1929
340.4409448818898 392.88188976377955 60.37795275590551 15.590551181102363 (peintre).

263.33858267716533 409.8897637795276 45.63779527559055 17.5748031496063 E-
278.6456692913386 409.8897637795276 90.99212598425197 17.5748031496063 AUDITORIUM

130.11023622047244 426.0472440944882 35.43307086614173 16.440944881889763 Une
150.23622047244095 426.0472440944882 45.354330708661415 16.440944881889763 salle
180.56692913385828 426.0472440944882 30.330708661417322 16.440944881889763 de
195.59055118110237 426.0472440944882 75.68503937007874 16.440944881889763 spectacles,
256.251968503937 426.0472440944882 30.330708661417322 16.440944881889763 de
271.2755905511811 426.0472440944882 80.78740157480316 16.440944881889763 conférences,
336.755905511811 426.0472440944882 65.48031496062993 16.440944881889763 doit-elle
387.21259842519686 426.0472440944882 40.25196850393701 16.440944881889763 être
412.4409448818898 426.0472440944882 30.330708661417322 16.440944881889763 un
427.748031496063 426.0472440944882 40.25196850393701 16.440944881889763 lieu
452.9763779527559 426.0472440944882 50.45669291338583 16.440944881889763 neutre
483.0236220472441 426.0472440944882 30.330708661417322 16.440944881889763 pour

119.62204724409449 442.20472440944883 45.354330708661415 11.05511811023622 mieux
149.95275590551182 442.20472440944883 70.58267716535433 11.05511811023622 accueillir
205.51181102362204 442.20472440944883 50.45669291338583 11.05511811023622 toutes
240.66141732283464 442.20472440944883 35.43307086614173 11.05511811023622 les
260.78740157480314 442.20472440944883 75.68503937007874 11.05511811023622 expériences
321.4488188976378 442.20472440944883 35.43307086614173 11.05511811023622 qui
341.5748031496063 442.20472440944883 25.228346456692915 11.05511811023622 y
351.7795275590551 442.20472440944883 60.661417322834644 11.05511811023622 seraient
397.13385826771656 442.20472440944883 55.55905511811024 11.05511811023622 faites?
437.38582677165357 442.20472440944883 65.48031496062993 11.05511811023622 L’extrême
482.74015748031496 442.20472440944883 30.330708661417322 11.05511811023622 neu-

119.05511811023622 451.5590551181102 54.14173228346457 15.307086614173228 tralité
158.45669291338584 451.5590551181102 44.22047244094488 15.307086614173228 n’est
187.93700787401573 451.5590551181102 34.58267716535433 15.307086614173228 pas
207.49606299212599 451.5590551181102 68.88188976377953 15.307086614173228 l’absence,
261.9212598425197 451.5590551181102 29.480314960629922 15.307086614173228 et
276.66141732283467 451.5590551181102 29.480314960629922 15.307086614173228 le
291.40157480314963 451.5590551181102 34.58267716535433 15.307086614173228 mur
310.96062992125985 451.5590551181102 29.480314960629922 15.307086614173228 nu
325.98425196850394 451.5590551181102 39.40157480314961 15.307086614173228 peut
350.3622047244094 451.5590551181102 39.40157480314961 15.307086614173228 être
375.0236220472441 451.5590551181102 29.480314960629922 15.307086614173228 le
390.0472440944882 451.5590551181102 39.40157480314961 15.307086614173228 plus
414.4251968503937 451.5590551181102 59.24409448818898 15.307086614173228 agressif
458.92913385826773 451.5590551181102 29.480314960629922 15.307086614173228 et
473.6692913385827 451.5590551181102 29.480314960629922 15.307086614173228 le
483.59055118110234 451.5590551181102 29.480314960629922 15.307086614173228 plus

119.05511811023622 461.4803149606299 74.83464566929133 14.173228346456693 encombrant.
178.86614173228347 461.4803149606299 79.65354330708661 14.173228346456693 L’essentiel,
243.7795275590551 461.4803149606299 44.78740157480315 14.173228346456693 c’est
273.8267716535433 461.4803149606299 30.04724409448819 14.173228346456693 de
288.56692913385825 461.4803149606299 44.78740157480315 14.173228346456693 créer
318.61417322834643 461.4803149606299 39.968503937007874 14.173228346456693 dans
343.5590551181102 461.4803149606299 30.04724409448819 14.173228346456693 la
358.5826771653543 461.4803149606299 44.78740157480315 14.173228346456693 salle
388.34645669291336 461.4803149606299 79.65354330708661 14.173228346456693 l’atmosphère
453.25984251968504 461.4803149606299 59.811023622047244 14.173228346456693 vivante,
493.2283464566929 461.4803149606299 19.84251968503937 14.173228346456693 où

120.18897637795276 474.23622047244095 43.653543307086615 13.606299212598426 l’air
149.38582677165354 474.23622047244095 48.47244094488189 13.606299212598426 vibre,
183.4015748031496 474.23622047244095 29.19685039370079 13.606299212598426 où
197.85826771653544 474.23622047244095 38.83464566929134 13.606299212598426 l’on
222.23622047244095 474.23622047244095 38.83464566929134 13.606299212598426 peut
246.61417322834646 474.23622047244095 58.39370078740158 13.606299212598426 attendre
290.26771653543307 474.23622047244095 38.83464566929134 13.606299212598426 plus
314.6456692913386 474.23622047244095 29.19685039370079 13.606299212598426 et
329.1023622047244 474.23622047244095 43.653543307086615 13.606299212598426 mieux
353.4803149606299 474.23622047244095 68.03149606299213 13.606299212598426 qu’ailleurs.

140.03149606299212 488.6929133858268 76.25196850393701 15.023622047244094 François
200.9763779527559 488.6929133858268 81.35433070866142 15.023622047244094 DUFRENE
267.0236220472441 488.6929133858268 30.614173228346456 15.023622047244094 né
282.3307086614173 488.6929133858268 25.511811023622048 15.023622047244094 à
292.53543307086613 488.6929133858268 45.63779527559055 15.023622047244094 Paris
323.1496062992126 488.6929133858268 30.614173228346456 15.023622047244094 en
333.07086614173227 488.6929133858268 35.71653543307087 15.023622047244094 1930.

140.31496062992127 500.88188976377955 65.48031496062993 17.5748031496063 Pierre
190.77165354330708 500.88188976377955 85.60629921259843 17.5748031496063 FAUCHEUX
261.3543307086614 500.88188976377955 30.330708661417322 17.5748031496063 né
276.37795275590554 500.88188976377955 25.228346456692915 17.5748031496063 à
286.2992125984252 500.88188976377955 45.354330708661415 17.5748031496063 Paris
316.62992125984255 500.88188976377955 30.330708661417322 17.5748031496063 en
326.8346456692913 500.88188976377955 35.1496062992126 17.5748031496063 1924.

139.46456692913387 506.5511811023622 76.81889763779527 19.84251968503937 Raymond
199.84251968503938 506.5511811023622 76.81889763779527 19.84251968503937 HAINS
260.2204724409449 506.5511811023622 32.881889763779526 19.84251968503937 né
276.66141732283467 506.5511811023622 27.496062992125985 19.84251968503937 à
287.7165354330709 506.5511811023622 87.8740157480315 19.84251968503937 Saint-Brieuc
359.1496062992126 506.5511811023622 32.881889763779526 19.84251968503937 en
369.9212598425197 506.5511811023622 38.55118110236221 19.84251968503937 1926.

139.46456692913387 516.7559055118111 75.68503937007874 24.37795275590551 Jacques
198.99212598425197 516.7559055118111 32.59842519685039 24.37795275590551 de
215.1496062992126 516.7559055118111 32.59842519685039 24.37795275590551 la
231.59055118110237 516.7559055118111 92.1259842519685 24.37795275590551 VILLEGLE
307.2755905511811 516.7559055118111 32.59842519685039 24.37795275590551 né
323.43307086614175 516.7559055118111 26.929133858267715 24.37795275590551 à
334.20472440944883 516.7559055118111 59.52755905511811 24.37795275590551 Quimper
377.5748031496063 516.7559055118111 32.59842519685039 24.37795275590551 en
388.34645669291336 516.7559055118111 37.98425196850393 24.37795275590551 1926.

133.79527559055117 602.9291338582677 29.763779527559056 17.291338582677167 136
