515.3385826771654 625.6062992125984
54.425196850393704 7.086614173228346 121.60629921259843 23.811023622047244 ÉTATS

156.18897637795277 127.55905511811024 62.36220472440945 18.141732283464567 Commissaire
206.36220472440945 127.55905511811024 45.92125984251968 18.141732283464567 Général
239.5275590551181 127.55905511811024 20.69291338582677 18.141732283464567 :
248.03149606299212 127.55905511811024 58.39370078740158 18.141732283464567 Darthea
289.7007874015748 127.55905511811024 49.889763779527556 18.141732283464567 Speyer

155.0551181102362 136.06299212598427 55.55905511811024 13.606299212598426 Attaché
195.59055118110237 136.06299212598427 60.661417322834644 13.606299212598426 Culturel
235.84251968503938 136.06299212598427 30.330708661417322 13.606299212598426 près

155.33858267716536 144.56692913385828 78.51968503937007 18.141732283464567 l’Ambassade
217.98425196850394 144.56692913385828 36.56692913385827 18.141732283464567 des
238.96062992125985 144.56692913385828 73.41732283464567 18.141732283464567 Etats-Unis
296.78740157480314 144.56692913385828 26.078740157480315 18.141732283464567 à
301.8897637795276 144.56692913385828 41.95275590551181 18.141732283464567 Paris.

110.55118110236221 225.0708661417323 41.95275590551181 18.708661417322833 Pour
136.62992125984252 225.0708661417323 31.46456692913386 18.708661417322833 la
152.2204724409449 225.0708661417323 62.92913385826772 18.708661417322833 deuxième
199.55905511811022 225.0708661417323 47.05511811023622 18.708661417322833 fois,
231.0236220472441 225.0708661417323 31.46456692913386 18.708661417322833 la
246.61417322834646 225.0708661417323 62.92913385826772 18.708661417322833 Biennale
293.9527559055118 225.0708661417323 31.46456692913386 18.708661417322833 de
309.54330708661416 225.0708661417323 47.05511811023622 18.708661417322833 Paris
341.00787401574803 225.0708661417323 47.05511811023622 18.708661417322833 offre
372.4724409448819 225.0708661417323 36.56692913385827 18.708661417322833 aux
393.4488188976378 225.0708661417323 52.44094488188976 18.708661417322833 jeunes
430.01574803149606 225.0708661417323 62.92913385826772 18.708661417322833 artistes
471.9685039370079 225.0708661417323 20.976377952755904 18.708661417322833 du

101.48031496062993 242.36220472440945 47.05511811023622 15.590551181102363 monde
132.66141732283464 242.36220472440945 52.15748031496063 15.590551181102363 entier
169.22834645669292 242.36220472440945 73.13385826771653 15.590551181102363 l’occasion
226.77165354330708 242.36220472440945 31.46456692913386 15.590551181102363 de
242.64566929133858 242.36220472440945 47.05511811023622 15.590551181102363 faire
273.8267716535433 242.36220472440945 31.46456692913386 15.590551181102363 le
289.7007874015748 242.36220472440945 47.05511811023622 15.590551181102363 point
320.88188976377955 242.36220472440945 31.46456692913386 15.590551181102363 et
336.755905511811 242.36220472440945 31.46456692913386 15.590551181102363 de
352.34645669291336 242.36220472440945 31.46456692913386 15.590551181102363 se
367.93700787401576 242.36220472440945 78.51968503937007 15.590551181102363 confronter.
430.86614173228344 242.36220472440945 36.56692913385827 15.590551181102363 Les
446.45669291338584 242.36220472440945 47.05511811023622 15.590551181102363 limites

100.91338582677166 257.9527559055118 68.88188976377953 12.472440944881889 strictes,
154.20472440944883 257.9527559055118 31.748031496062993 12.472440944881889 en
170.07874015748033 257.9527559055118 31.748031496062993 12.472440944881889 ce
185.95275590551182 257.9527559055118 37.13385826771653 12.472440944881889 qui
207.21259842519686 257.9527559055118 63.77952755905512 12.472440944881889 concerne
254.83464566929135 257.9527559055118 47.90551181102362 12.472440944881889 l’âge
286.86614173228344 257.9527559055118 37.13385826771653 12.472440944881889 des
308.12598425196853 257.9527559055118 68.88188976377953 12.472440944881889 exposants
361.13385826771656 257.9527559055118 31.748031496062993 12.472440944881889 et
377.00787401574803 257.9527559055118 63.77952755905512 12.472440944881889 l’espace
424.9133858267717 257.9527559055118 37.13385826771653 12.472440944881889 qui
445.8897637795276 257.9527559055118 42.51968503937008 12.472440944881889 leur
467.1496062992126 257.9527559055118 26.64566929133858 12.472440944881889 est

100.91338582677166 269.29133858267716 62.07874015748032 16.724409448818896 proposé,
147.4015748031496 269.29133858267716 30.89763779527559 16.724409448818896 ne
162.70866141732284 269.29133858267716 56.69291338582677 16.724409448818896 peuvent
204.09448818897638 269.29133858267716 67.18110236220473 16.724409448818896 permettre
255.96850393700788 269.29133858267716 30.89763779527559 16.724409448818896 de
271.2755905511811 269.29133858267716 51.59055118110236 16.724409448818896 donner
307.5590551181102 269.29133858267716 36.28346456692913 16.724409448818896 une
328.251968503937 269.29133858267716 36.28346456692913 16.724409448818896 vue
348.9448818897638 269.29133858267716 62.07874015748032 16.724409448818896 complète
395.43307086614175 269.29133858267716 36.28346456692913 16.724409448818896 sur
416.12598425196853 269.29133858267716 36.28346456692913 16.724409448818896 les
431.43307086614175 269.29133858267716 62.07874015748032 16.724409448818896 tentatives

100.62992125984252 284.31496062992125 44.78740157480315 15.590551181102363 d’une
130.6771653543307 284.31496062992125 69.73228346456693 15.590551181102363 génération
185.38582677165354 284.31496062992125 39.68503937007874 15.590551181102363 dans
210.33070866141733 284.31496062992125 29.763779527559056 15.590551181102363 un
225.0708661417323 284.31496062992125 39.68503937007874 15.590551181102363 pays
250.01574803149606 284.31496062992125 34.86614173228347 15.590551181102363 tel
269.8582677165354 284.31496062992125 34.86614173228347 15.590551181102363 que
289.7007874015748 284.31496062992125 34.86614173228347 15.590551181102363 les
309.8267716535433 284.31496062992125 74.55118110236221 15.590551181102363 Etats-Unis.
369.3543307086614 284.31496062992125 39.68503937007874 15.590551181102363 Tout
394.2992125984252 284.31496062992125 44.78740157480315 15.590551181102363 choix
424.06299212598424 284.31496062992125 39.68503937007874 15.590551181102363 peut
443.90551181102364 284.31496062992125 49.889763779527556 15.590551181102363 paraître

96.66141732283465 299.33858267716533 59.24409448818898 14.456692913385826 arbitraire.

109.98425196850394 311.5275590551181 46.77165354330709 23.52755905511811 Cette
141.16535433070865 311.5275590551181 46.77165354330709 23.52755905511811 année
172.06299212598427 311.5275590551181 36.28346456692913 23.52755905511811 les
193.03937007874015 311.5275590551181 51.874015748031496 23.52755905511811 œuvres
229.3228346456693 311.5275590551181 56.976377952755904 23.52755905511811 réunies
270.70866141732284 311.5275590551181 36.28346456692913 23.52755905511811 ont
291.68503937007875 311.5275590551181 36.28346456692913 23.52755905511811 été
312.37795275590554 311.5275590551181 67.46456692913385 23.52755905511811 réalisées
364.251968503937 311.5275590551181 36.28346456692913 23.52755905511811 par
384.9448818897638 311.5275590551181 36.28346456692913 23.52755905511811 des
405.9212598425197 311.5275590551181 62.36220472440945 23.52755905511811 artistes
447.3070866141732 311.5275590551181 46.77165354330709 23.52755905511811 attirés

100.34645669291339 328.81889763779526 35.71653543307087 14.456692913385826 par
120.75590551181102 328.81889763779526 30.614173228346456 14.456692913385826 la
136.06299212598427 328.81889763779526 56.40944881889764 14.456692913385826 France.
177.16535433070865 328.81889763779526 35.71653543307087 14.456692913385826 Les
197.5748031496063 328.81889763779526 35.71653543307087 14.456692913385826 uns
217.98425196850394 328.81889763779526 40.818897637795274 14.456692913385826 sont
243.49606299212599 328.81889763779526 40.818897637795274 14.456692913385826 très
269.29133858267716 328.81889763779526 56.40944881889764 14.456692913385826 jeunes,
310.1102362204724 328.81889763779526 30.614173228346456 14.456692913385826 en
325.4173228346457 328.81889763779526 51.30708661417323 14.456692913385826 pleine
361.4173228346457 328.81889763779526 71.71653543307086 14.456692913385826 découverte
417.54330708661416 328.81889763779526 76.81889763779527 14.456692913385826 d’eux-mêmes
473.9527559055118 328.81889763779526 20.409448818897637 14.456692913385826 et

100.06299212598425 341.29133858267716 32.031496062992126 15.590551181102363 du
116.22047244094489 341.29133858267716 53.574803149606296 15.590551181102363 monde.
153.63779527559055 341.29133858267716 64.34645669291339 15.590551181102363 D’autres
201.82677165354332 341.29133858267716 42.803149606299215 15.590551181102363 déjà
228.75590551181102 341.29133858267716 32.031496062992126 15.590551181102363 se
244.62992125984252 341.29133858267716 42.803149606299215 15.590551181102363 sont
266.1732283464567 341.29133858267716 58.960629921259844 15.590551181102363 affirmés.

108.85039370078741 355.748031496063 32.031496062992126 18.992125984251967 On
125.00787401574803 355.748031496063 74.83464566929133 18.992125984251967 retrouvera
183.96850393700788 355.748031496063 32.031496062992126 18.992125984251967 la
199.84251968503938 355.748031496063 64.34645669291339 18.992125984251967 tendance
248.03149606299212 355.748031496063 69.73228346456693 18.992125984251967 dominante
301.6062992125984 355.748031496063 32.031496062992126 18.992125984251967 de
317.76377952755905 355.748031496063 58.960629921259844 18.992125984251967 l’école
360.56692913385825 355.748031496063 32.031496062992126 18.992125984251967 de
376.4409448818898 355.748031496063 69.73228346456693 18.992125984251967 New-York,
424.62992125984255 355.748031496063 69.73228346456693 18.992125984251967 vigoureuse,

100.34645669291339 369.3543307086614 58.67716535433071 17.291338582677167 parfois
142.86614173228347 369.3543307086614 58.67716535433071 17.291338582677167 jusqu’à
185.66929133858267 369.3543307086614 32.031496062992126 17.291338582677167 la
201.54330708661416 369.3543307086614 69.16535433070867 17.291338582677167 violence,
254.83464566929135 369.3543307086614 42.51968503937008 17.291338582677167 mais
281.4803149606299 369.3543307086614 69.16535433070867 17.291338582677167 certaines
334.7716535433071 369.3543307086614 53.29133858267716 17.291338582677167 œuvres
371.90551181102364 369.3543307086614 58.67716535433071 17.291338582677167 mettent
414.4251968503937 369.3543307086614 32.031496062992126 17.291338582677167 en
430.5826771653543 369.3543307086614 58.67716535433071 17.291338582677167 lumière
467.7165354330709 369.3543307086614 26.64566929133858 17.291338582677167 des

100.34645669291339 386.3622047244094 73.7007874015748 15.023622047244094 recherches
158.45669291338584 386.3622047244094 42.23622047244095 15.023622047244094 tout
184.8188976377953 386.3622047244094 26.362204724409448 15.023622047244094 à
195.30708661417322 386.3622047244094 42.23622047244095 15.023622047244094 fait
221.38582677165354 386.3622047244094 79.08661417322834 15.023622047244094 différentes
284.59842519685037 386.3622047244094 31.46456692913386 15.023622047244094 de
300.4724409448819 386.3622047244094 57.826771653543304 15.023622047244094 matière
342.70866141732284 386.3622047244094 31.46456692913386 15.023622047244094 ou
358.2992125984252 386.3622047244094 84.18897637795276 15.023622047244094 d’atmosphère
426.8976377952756 386.3622047244094 47.338582677165356 15.023622047244094 qu’il
452.9763779527559 386.3622047244094 42.23622047244095 15.023622047244094 serait

100.34645669291339 400.81889763779526 31.46456692913386 14.740157480314961 du
115.93700787401575 400.81889763779526 47.05511811023622 14.740157480314961 reste
147.11811023622047 400.81889763779526 68.03149606299213 14.740157480314961 difficile
199.55905511811022 400.81889763779526 31.46456692913386 14.740157480314961 ou
215.1496062992126 400.81889763779526 41.669291338582674 14.740157480314961 même
241.22834645669292 400.81889763779526 41.669291338582674 14.740157480314961 faux
267.3070866141732 400.81889763779526 31.46456692913386 14.740157480314961 de
282.8976377952756 400.81889763779526 57.54330708661417 14.740157480314961 vouloir
324.8503937007874 400.81889763779526 57.54330708661417 14.740157480314961 classer
366.5196850393701 400.81889763779526 41.669291338582674 14.740157480314961 dans
392.59842519685037 400.81889763779526 31.46456692913386 14.740157480314961 un
403.0866141732283 400.81889763779526 47.05511811023622 14.740157480314961 groupe.

109.7007874015748 414.1417322834646 29.763779527559056 18.4251968503937 Il
124.44094488188976 414.1417322834646 34.58267716535433 18.4251968503937 est
144.28346456692913 414.1417322834646 73.98425196850394 18.4251968503937 intéressant
203.5275590551181 414.1417322834646 29.763779527559056 18.4251968503937 de
218.26771653543307 414.1417322834646 39.40157480314961 18.4251968503937 voir
242.9291338582677 414.1417322834646 54.425196850393704 18.4251968503937 chacun,
282.61417322834643 414.1417322834646 24.661417322834644 18.4251968503937 à
292.251968503937 414.1417322834646 54.425196850393704 18.4251968503937 l’heure
331.93700787401576 414.1417322834646 29.763779527559056 18.4251968503937 la
346.6771653543307 414.1417322834646 39.40157480314961 18.4251968503937 plus
371.33858267716533 414.1417322834646 54.425196850393704 18.4251968503937 fraîche
411.0236220472441 414.1417322834646 29.763779527559056 18.4251968503937 de
425.76377952755905 414.1417322834646 29.763779527559056 18.4251968503937 sa
435.68503937007875 414.1417322834646 59.24409448818898 18.4251968503937 recherche,

100.62992125984252 426.3307086614173 55.55905511811024 18.992125984251967 prouver
141.16535433070865 426.3307086614173 30.330708661417322 18.992125984251967 sa
156.18897637795277 426.3307086614173 55.55905511811024 18.992125984251967 volonté
196.7244094488189 426.3307086614173 30.330708661417322 18.992125984251967 et
211.748031496063 426.3307086614173 70.86614173228347 18.992125984251967 s’exprimer
267.59055118110234 426.3307086614173 40.53543307086614 18.992125984251967 avec
292.81889763779526 426.3307086614173 65.76377952755905 18.992125984251967 sincérité
343.2755905511811 426.3307086614173 35.43307086614173 18.992125984251967 aux
363.40157480314963 426.3307086614173 50.45669291338583 18.992125984251967 prises
398.8346456692913 426.3307086614173 40.53543307086614 18.992125984251967 avec
424.06299212598424 426.3307086614173 35.43307086614173 18.992125984251967 les
439.37007874015745 426.3307086614173 55.55905511811024 18.992125984251967 problèmes

100.62992125984252 444.4724409448819 96.66141732283465 16.15748031496063 d’aujourd’hui,
181.13385826771653 444.4724409448819 42.803149606299215 16.15748031496063 avec
208.06299212598427 444.4724409448819 37.7007874015748 16.15748031496063 ses
229.3228346456693 444.4724409448819 58.960629921259844 16.15748031496063 propres
267.0236220472441 444.4724409448819 64.34645669291339 16.15748031496063 problèmes.

109.98425196850394 457.79527559055117 39.40157480314961 17.858267716535433 Neuf
134.64566929133858 457.79527559055117 64.34645669291339 17.858267716535433 peintres,
183.96850393700788 457.79527559055117 29.763779527559056 17.858267716535433 un
198.70866141732284 457.79527559055117 69.16535433070867 17.858267716535433 sculpteur,
253.13385826771653 457.79527559055117 39.40157480314961 17.858267716535433 cinq
277.79527559055117 457.79527559055117 59.24409448818898 17.858267716535433 graveurs
322.2992125984252 457.79527559055117 34.58267716535433 17.858267716535433 ont
342.1417322834646 457.79527559055117 39.40157480314961 17.858267716535433 donc
366.8031496062992 457.79527559055117 29.763779527559056 17.858267716535433 le
381.54330708661416 457.79527559055117 64.34645669291339 17.858267716535433 privilège
430.86614173228344 457.79527559055117 34.58267716535433 17.858267716535433 que
445.8897637795276 457.79527559055117 49.32283464566929 17.858267716535433 d’autres

100.62992125984252 471.9685039370079 50.173228346456696 20.409448818897637 auront
135.7795275590551 471.9685039370079 24.944881889763778 20.409448818897637 à
145.70078740157481 471.9685039370079 39.968503937007874 20.409448818897637 leur
170.9291338582677 471.9685039370079 45.07086614173228 20.409448818897637 tour,
200.9763779527559 471.9685039370079 30.04724409448819 20.409448818897637 de
216.0 471.9685039370079 54.99212598425197 20.409448818897637 prendre
255.96850393700788 471.9685039370079 39.968503937007874 20.409448818897637 part
280.9133858267717 471.9685039370079 24.944881889763778 20.409448818897637 à
290.8346456692913 471.9685039370079 45.07086614173228 20.409448818897637 cette
320.88188976377955 471.9685039370079 54.99212598425197 20.409448818897637 vivante
356.0314960629921 471.9685039370079 60.09448818897638 20.409448818897637 rencontre.

109.7007874015748 485.29133858267716 62.36220472440945 17.291338582677167 Peut-on
155.0551181102362 485.29133858267716 62.36220472440945 17.291338582677167 déceler
200.69291338582678 485.29133858267716 34.01574803149607 17.291338582677167 un
217.70078740157481 485.29133858267716 51.023622047244096 17.291338582677167 trait
251.71653543307087 485.29133858267716 56.69291338582677 17.291338582677167 commun
291.40157480314963 485.29133858267716 68.31496062992126 17.291338582677167 expliqué
342.70866141732284 485.29133858267716 39.68503937007874 17.291338582677167 par
365.38582677165357 485.29133858267716 39.68503937007874 17.291338582677167 une
388.06299212598424 485.29133858267716 62.36220472440945 17.291338582677167 origine
433.7007874015748 485.29133858267716 68.31496062992126 17.291338582677167 commune,
479.0551181102362 485.29133858267716 17.007874015748033 17.291338582677167 à

100.06299212598425 500.0314960629921 55.275590551181104 20.125984251968504 travers
140.31496062992127 500.0314960629921 40.25196850393701 20.125984251968504 tant
165.25984251968504 500.0314960629921 30.04724409448819 20.125984251968504 de
180.28346456692913 500.0314960629921 70.2992125984252 20.125984251968504 diversité?
235.55905511811022 500.0314960629921 24.944881889763778 20.125984251968504 A
245.48031496062993 500.0314960629921 60.09448818897638 20.125984251968504 pareille
290.8346456692913 500.0314960629921 65.19685039370079 20.125984251968504 question,
341.00787401574803 500.0314960629921 30.04724409448819 20.125984251968504 la
356.0314960629921 500.0314960629921 65.19685039370079 20.125984251968504 Biennale,
406.20472440944883 500.0314960629921 35.1496062992126 20.125984251968504 par
426.0472440944882 500.0314960629921 35.1496062992126 20.125984251968504 son
441.07086614173227 500.0314960629921 55.275590551181104 20.125984251968504 ampleufr,

100.62992125984252 515.3385826771654 43.93700787401575 19.559055118110237 peut
127.84251968503936 515.3385826771654 71.14960629921259 19.559055118110237 permettre
182.5511811023622 515.3385826771654 49.32283464566929 19.559055118110237 sinon
215.43307086614172 515.3385826771654 32.881889763779526 19.559055118110237 de
231.8740157480315 515.3385826771654 65.76377952755905 19.559055118110237 répondre
281.1968503937008 515.3385826771654 32.881889763779526 19.559055118110237 du
297.6377952755906 515.3385826771654 49.32283464566929 19.559055118110237 moins
330.5196850393701 515.3385826771654 32.881889763779526 19.559055118110237 de
341.5748031496063 515.3385826771654 54.70866141732284 19.559055118110237 méditer.

408.18897637795277 557.5748031496063 60.661417322834644 23.52755905511811 Darthea
446.74015748031496 557.5748031496063 49.60629921259842 23.52755905511811 Speyer.
