515.3385826771654 625.6062992125984
74.83464566929133 4.251968503937008 79.65354330708661 21.543307086614174 IRLANDE

163.84251968503938 235.84251968503938 65.48031496062993 19.84251968503937 Commissaire
216.0 235.84251968503938 52.44094488188976 19.84251968503937 Général:
255.4015748031496 235.84251968503938 52.44094488188976 19.84251968503937 James
290.26771653543307 235.84251968503938 47.90551181102362 19.84251968503937 White

162.99212598425197 250.86614173228347 81.07086614173228 12.755905511811024 Conservateur
229.03937007874015 250.86614173228347 30.330708661417322 12.755905511811024 en
239.24409448818898 250.86614173228347 30.330708661417322 12.755905511811024 Chef

162.99212598425197 257.6692913385827 30.89763779527559 17.858267716535433 du
178.29921259842519 257.6692913385827 46.488188976377955 17.858267716535433 Musée
209.1968503937008 257.6692913385827 46.488188976377955 17.858267716535433 d’Art
240.3779527559055 257.6692913385827 56.69291338582677 17.858267716535433 Moderne
281.4803149606299 257.6692913385827 30.89763779527559 17.858267716535433 de
291.68503937007875 257.6692913385827 46.488188976377955 17.858267716535433 Dublin.

119.33858267716535 337.8897637795276 28.913385826771652 17.291338582677167 En
133.79527559055117 337.8897637795276 72.56692913385827 17.291338582677167 choisissant
191.90551181102362 337.8897637795276 48.47244094488189 17.291338582677167 quatre
225.63779527559055 337.8897637795276 62.92913385826772 17.291338582677167 peintres,
274.1102362204724 337.8897637795276 28.913385826771652 17.291338582677167 un
288.56692913385825 337.8897637795276 53.29133858267716 17.291338582677167 graveur
327.11811023622045 337.8897637795276 28.913385826771652 17.291338582677167 et
341.5748031496063 337.8897637795276 38.55118110236221 17.291338582677167 deux
365.9527559055118 337.8897637795276 67.74803149606299 17.291338582677167 sculpteurs
418.96062992125985 337.8897637795276 38.55118110236221 17.291338582677167 pour
438.23622047244095 337.8897637795276 62.92913385826772 17.291338582677167 représenter

109.13385826771653 353.4803149606299 60.661417322834644 19.275590551181104 l’Irlande
155.6220472440945 353.4803149606299 23.244094488188978 19.275590551181104 à
164.9763779527559 353.4803149606299 28.062992125984252 19.275590551181104 la
179.1496062992126 353.4803149606299 56.125984251968504 19.275590551181104 Biennale
221.10236220472441 353.4803149606299 28.062992125984252 19.275590551181104 de
235.2755905511811 353.4803149606299 46.77165354330709 19.275590551181104 Paris,
267.87401574803147 353.4803149606299 41.95275590551181 19.275590551181104 notre
295.93700787401576 353.4803149606299 32.59842519685039 19.275590551181104 but
314.6456692913386 353.4803149606299 23.244094488188978 19.275590551181104 a
324.0 353.4803149606299 32.59842519685039 19.275590551181104 été
342.70866141732284 353.4803149606299 28.062992125984252 19.275590551181104 de
356.59842519685037 353.4803149606299 51.30708661417323 19.275590551181104 montrer
394.01574803149606 353.4803149606299 46.77165354330709 19.275590551181104 quelle
426.61417322834643 353.4803149606299 32.59842519685039 19.275590551181104 est
445.3228346456693 353.4803149606299 28.062992125984252 19.275590551181104 la
454.6771653543307 353.4803149606299 46.77165354330709 19.275590551181104 tendance

108.0 369.9212598425197 65.48031496062993 14.173228346456693 dominante
158.45669291338584 369.9212598425197 70.58267716535433 14.173228346456693 culturelle
214.01574803149606 369.9212598425197 35.43307086614173 14.173228346456693 des
234.14173228346456 369.9212598425197 50.45669291338583 14.173228346456693 jeunes
269.5748031496063 369.9212598425197 60.661417322834644 14.173228346456693 artistes
314.92913385826773 369.9212598425197 70.58267716535433 14.173228346456693 irlandais.
370.48818897637796 369.9212598425197 35.43307086614173 14.173228346456693 Ils
390.61417322834643 369.9212598425197 75.68503937007874 14.173228346456693 s’efforcent
451.2755905511811 369.9212598425197 30.330708661417322 14.173228346456693 de
461.4803149606299 369.9212598425197 40.25196850393701 14.173228346456693 rendre

108.0 384.37795275590554 35.43307086614173 13.606299212598426 des
128.1259842519685 384.37795275590554 50.45669291338583 13.606299212598426 thèmes
163.55905511811022 384.37795275590554 75.68503937007874 13.606299212598426 figuratifs,
224.2204724409449 384.37795275590554 25.228346456692915 13.606299212598426 à
234.14173228346456 384.37795275590554 50.45669291338583 13.606299212598426 l’aide
269.5748031496063 384.37795275590554 45.354330708661415 13.606299212598426 d’une
299.90551181102364 384.37795275590554 65.48031496062993 13.606299212598426 technique
350.3622047244094 384.37795275590554 95.81102362204724 13.606299212598426 expressionniste
431.1496062992126 384.37795275590554 30.330708661417322 13.606299212598426 et
446.1732283464567 384.37795275590554 55.55905511811024 13.606299212598426 fluide,
481.6062992125984 384.37795275590554 20.125984251968504 13.606299212598426 le

107.43307086614173 399.68503937007875 47.338582677165356 15.023622047244094 sujet
139.1811023622047 399.68503937007875 62.92913385826772 15.023622047244094 occupant
186.23622047244095 399.68503937007875 62.92913385826772 15.023622047244094 toujours
233.5748031496063 399.68503937007875 31.46456692913386 15.023622047244094 la
249.4488188976378 399.68503937007875 62.92913385826772 15.023622047244094 première
296.503937007874 399.68503937007875 47.338582677165356 15.023622047244094 place
328.251968503937 399.68503937007875 41.95275590551181 15.023622047244094 dans
354.3307086614173 399.68503937007875 41.95275590551181 15.023622047244094 leur
380.6929133858268 399.68503937007875 57.826771653543304 15.023622047244094 esprit.
422.6456692913386 399.68503937007875 31.46456692913386 15.023622047244094 En
438.5196850393701 399.68503937007875 41.95275590551181 15.023622047244094 même
459.496062992126 399.68503937007875 41.95275590551181 15.023622047244094 temps,

107.43307086614173 411.59055118110234 30.330708661417322 15.874015748031496 la
122.74015748031496 411.59055118110234 55.55905511811024 15.874015748031496 matière
162.99212598425197 411.59055118110234 30.330708661417322 15.874015748031496 et
178.29921259842519 411.59055118110234 30.330708661417322 15.874015748031496 le
193.60629921259843 411.59055118110234 70.86614173228347 15.874015748031496 traitement
249.16535433070865 411.59055118110234 30.330708661417322 15.874015748031496 de
264.18897637795277 411.59055118110234 45.63779527559055 15.874015748031496 cette
294.5196850393701 411.59055118110234 55.55905511811024 15.874015748031496 matière
335.0551181102362 411.59055118110234 65.76377952755905 15.874015748031496 demeurent
385.79527559055117 411.59055118110234 30.330708661417322 15.874015748031496 le
400.81889763779526 411.59055118110234 45.63779527559055 15.874015748031496 souci
431.1496062992126 411.59055118110234 70.86614173228347 15.874015748031496 primordial
481.8897637795276 411.59055118110234 20.125984251968504 15.874015748031496 de

107.43307086614173 424.34645669291336 72.56692913385827 17.291338582677167 l’artiste.
164.40944881889763 424.34645669291336 51.874015748031496 17.291338582677167 Autant
200.69291338582678 424.34645669291336 41.38582677165354 17.291338582677167 dire
226.77165354330708 424.34645669291336 36.28346456692913 17.291338582677167 que
247.46456692913387 424.34645669291336 36.28346456692913 17.291338582677167 les
268.15748031496065 424.34645669291336 72.56692913385827 17.291338582677167 recherches
325.4173228346457 424.34645669291336 51.874015748031496 17.291338582677167 faites
361.7007874015748 424.34645669291336 41.38582677165354 17.291338582677167 dans
387.496062992126 424.34645669291336 31.181102362204726 17.291338582677167 le
403.0866141732283 424.34645669291336 56.976377952755904 17.291338582677167 domaine
444.755905511811 424.34645669291336 51.874015748031496 17.291338582677167 obscur
475.65354330708664 424.34645669291336 26.078740157480315 17.291338582677167 des

106.86614173228347 438.8031496062992 66.89763779527559 23.244094488188978 couleurs
157.03937007874015 438.8031496062992 33.44881889763779 23.244094488188978 ou
173.76377952755905 438.8031496062992 55.55905511811024 23.244094488188978 autres
212.88188976377953 438.8031496062992 66.89763779527559 23.244094488188978 matières
262.7716535433071 438.8031496062992 33.44881889763779 23.244094488188978 ne
279.496062992126 438.8031496062992 44.503937007874015 23.244094488188978 sont
307.5590551181102 438.8031496062992 55.55905511811024 23.244094488188978 qu’une
346.3937007874016 438.8031496062992 72.28346456692914 23.244094488188978 tentative
401.9527559055118 438.8031496062992 44.503937007874015 23.244094488188978 pour
430.01574803149606 438.8031496062992 72.28346456692914 23.244094488188978 découvrir
479.90551181102364 438.8031496062992 22.393700787401574 23.244094488188978 un

106.58267716535433 453.8267716535433 70.86614173228347 17.5748031496063 spécimen
159.8740157480315 453.8267716535433 64.91338582677166 17.5748031496063 nouveau
206.9291338582677 453.8267716535433 35.43307086614173 17.5748031496063 et
218.83464566929135 453.8267716535433 41.38582677165354 17.5748031496063 rare.

117.63779527559055 469.13385826771656 67.74803149606299 18.4251968503937 L’artiste
169.51181102362204 469.13385826771656 67.74803149606299 18.4251968503937 irlandais
221.66929133858267 469.13385826771656 26.078740157480315 18.4251968503937 a
231.8740157480315 469.13385826771656 62.36220472440945 18.4251968503937 toujours
278.92913385826773 469.13385826771656 31.181102362204726 18.4251968503937 vu
294.5196850393701 469.13385826771656 31.181102362204726 18.4251968503937 le
310.1102362204724 469.13385826771656 46.77165354330709 18.4251968503937 monde
341.29133858267716 469.13385826771656 26.078740157480315 18.4251968503937 à
351.7795275590551 469.13385826771656 57.25984251968504 18.4251968503937 travers
393.4488188976378 469.13385826771656 31.181102362204726 18.4251968503937 le
409.03937007874015 469.13385826771656 52.15748031496063 18.4251968503937 rythme
440.2204724409449 469.13385826771656 62.36220472440945 18.4251968503937 mystérieux

107.43307086614173 481.8897637795276 48.75590551181102 22.11023622047244 d’une
140.03149606299212 481.8897637795276 59.52755905511811 22.11023622047244 mélodie
183.11811023622047 481.8897637795276 86.74015748031496 22.11023622047244 mélancolique
253.70078740157481 481.8897637795276 32.59842519685039 22.11023622047244 ou
269.8582677165354 481.8897637795276 48.75590551181102 22.11023622047244 d’une
302.45669291338584 481.8897637795276 48.75590551181102 22.11023622047244 piété
335.0551181102362 481.8897637795276 70.2992125984252 22.11023622047244 médiévale
389.1968503937008 481.8897637795276 81.35433070866142 22.11023622047244 désespérée.
454.1102362204724 481.8897637795276 32.59842519685039 22.11023622047244 Le
464.88188976377955 481.8897637795276 37.98425196850393 22.11023622047244 poète

107.43307086614173 495.496062992126 30.89763779527559 20.976377952755904 et
122.74015748031496 495.496062992126 30.89763779527559 20.976377952755904 le
138.33070866141733 495.496062992126 46.20472440944882 20.976377952755904 moine
169.22834645669292 495.496062992126 41.10236220472441 20.976377952755904 sont
195.0236220472441 495.496062992126 61.79527559055118 20.976377952755904 invoqués
241.22834645669292 495.496062992126 41.10236220472441 20.976377952755904 tour
267.0236220472441 495.496062992126 25.79527559055118 20.976377952755904 à
277.2283464566929 495.496062992126 46.20472440944882 20.976377952755904 tour.
308.12598425196853 495.496062992126 46.20472440944882 20.976377952755904 Cette
339.0236220472441 495.496062992126 66.89763779527559 20.976377952755904 situation
390.61417322834643 495.496062992126 36.0 20.976377952755904 n’a
411.0236220472441 495.496062992126 46.20472440944882 20.976377952755904 guère
441.9212598425197 495.496062992126 51.59055118110236 20.976377952755904 évolué
472.81889763779526 495.496062992126 30.89763779527559 20.976377952755904 mais

108.28346456692914 514.2047244094488 41.669291338582674 19.275590551181104 s’est
136.06299212598427 514.2047244094488 51.023622047244096 19.275590551181104 libérée
173.1968503937008 514.2047244094488 27.77952755905512 19.275590551181104 de
187.08661417322836 514.2047244094488 46.488188976377955 19.275590551181104 toutes
219.68503937007873 514.2047244094488 32.59842519685039 19.275590551181104 les
238.11023622047244 514.2047244094488 74.26771653543307 19.275590551181104 restrictions
298.48818897637796 514.2047244094488 69.73228346456693 19.275590551181104 théâtrales.
354.3307086614173 514.2047244094488 60.37795275590551 19.275590551181104 L’artiste
400.81889763779526 514.2047244094488 74.26771653543307 19.275590551181104 contemporain
461.1968503937008 514.2047244094488 23.244094488188978 19.275590551181104 a
465.73228346456693 514.2047244094488 37.13385826771653 19.275590551181104 rejeté

107.14960629921259 526.6771653543307 39.118110236220474 16.724409448818896 tous
131.5275590551181 526.6771653543307 34.2992125984252 16.724409448818896 les
151.08661417322836 526.6771653543307 63.496062992125985 16.724409448818896 artifices
200.1259842519685 526.6771653543307 29.480314960629922 16.724409448818896 de
214.86614173228347 526.6771653543307 29.480314960629922 16.724409448818896 la
229.3228346456693 526.6771653543307 73.41732283464567 16.724409448818896 rhétorique.
288.0 526.6771653543307 29.480314960629922 16.724409448818896 Il
302.74015748031496 526.6771653543307 39.118110236220474 16.724409448818896 peut
327.40157480314963 526.6771653543307 68.5984251968504 16.724409448818896 maintenant
380.9763779527559 526.6771653543307 63.496062992125985 16.724409448818896 s’adonner
430.01574803149606 526.6771653543307 24.37795275590551 16.724409448818896 à
439.93700787401576 526.6771653543307 29.480314960629922 16.724409448818896 la
449.5748031496063 526.6771653543307 53.85826771653543 16.724409448818896 recherche

108.0 540.2834645669292 39.68503937007874 23.52755905511811 d’un
132.66141732283464 540.2834645669292 64.34645669291339 23.52755905511811 équilibre
182.26771653543307 540.2834645669292 64.34645669291339 23.52755905511811 approprié
231.59055118110237 540.2834645669292 44.503937007874015 23.52755905511811 entre
261.3543307086614 540.2834645669292 29.763779527559056 23.52755905511811 la
276.09448818897636 540.2834645669292 44.503937007874015 23.52755905511811 forme
305.8582677165354 540.2834645669292 29.763779527559056 23.52755905511811 et
320.88188976377955 540.2834645669292 29.763779527559056 23.52755905511811 la
335.62204724409446 540.2834645669292 59.52755905511811 23.52755905511811 matière,
380.12598425196853 540.2834645669292 44.503937007874015 23.52755905511811 entre
409.8897637795276 540.2834645669292 79.08661417322834 23.52755905511811 l’expression
474.23622047244095 540.2834645669292 29.763779527559056 23.52755905511811 et
484.15748031496065 540.2834645669292 19.84251968503937 23.52755905511811 la

102.33070866141732 552.7559055118111 72.28346456692914 17.858267716535433 découverte.

119.62204724409449 593.5748031496063 28.346456692913385 19.84251968503937 60
