531.496062992126 625.6062992125984
401.38582677165357 1.984251968503937 95.24409448818898 21.25984251968504 TURQUIE

105.16535433070867 127.2755905511811 74.55118110236221 17.5748031496063 Commissaire
164.9763779527559 127.2755905511811 59.811023622047244 17.5748031496063 Général:
209.76377952755905 127.2755905511811 74.55118110236221 17.5748031496063 Nurullah
264.4724409448819 127.2755905511811 44.78740157480315 17.5748031496063 Berk

105.73228346456693 138.89763779527559 70.58267716535433 18.141732283464567 Professeur
161.29133858267716 138.89763779527559 25.228346456692915 18.141732283464567 à
171.21259842519686 138.89763779527559 70.58267716535433 18.141732283464567 l’Académie
226.48818897637796 138.89763779527559 35.1496062992126 18.141732283464567 des
246.89763779527559 138.89763779527559 70.58267716535433 18.141732283464567 Beaux-Arts
297.07086614173227 138.89763779527559 65.48031496062993 18.141732283464567 d’Istanbul.

59.52755905511811 218.83464566929135 33.16535433070866 21.826771653543307 Il
75.96850393700787 218.83464566929135 33.16535433070866 21.826771653543307 ne
92.40944881889764 218.83464566929135 44.22047244094488 21.826771653543307 faut
120.18897637795276 218.83464566929135 38.55118110236221 21.826771653543307 pas
142.29921259842519 218.83464566929135 55.275590551181104 21.826771653543307 croire
180.8503937007874 218.83464566929135 38.55118110236221 21.826771653543307 que
202.96062992125985 218.83464566929135 38.55118110236221 21.826771653543307 les
225.0708661417323 218.83464566929135 99.49606299212599 21.826771653543307 préoccupations
307.84251968503935 218.83464566929135 38.55118110236221 21.826771653543307 non
329.9527559055118 218.83464566929135 82.77165354330708 21.826771653543307 figuratives
396.2834645669291 218.83464566929135 38.55118110236221 21.826771653543307 des
412.7244094488189 218.83464566929135 44.22047244094488 21.826771653543307 jeunes

51.30708661417323 237.25984251968504 64.06299212598425 17.007874015748033 artistes
99.49606299212599 237.25984251968504 53.574803149606296 17.007874015748033 turcs,
136.91338582677164 237.25984251968504 42.803149606299215 17.007874015748033 dont
163.55905511811022 237.25984251968504 42.803149606299215 17.007874015748033 nous
190.20472440944883 237.25984251968504 74.83464566929133 17.007874015748033 présentons
249.16535433070865 237.25984251968504 80.22047244094489 17.007874015748033 aujourd’hui
313.2283464566929 237.25984251968504 32.031496062992126 17.007874015748033 un
329.38582677165357 237.25984251968504 58.67716535433071 17.007874015748033 nouveau
371.90551181102364 237.25984251968504 58.67716535433071 17.007874015748033 groupe,
409.3228346456693 237.25984251968504 48.188976377952756 17.007874015748033 découle

51.30708661417323 251.1496062992126 80.22047244094489 15.590551181102363 uniquement
114.23622047244095 251.1496062992126 34.2992125984252 15.590551181102363 de
131.24409448818898 251.1496062992126 34.2992125984252 15.590551181102363 la
148.53543307086613 251.1496062992126 74.26771653543307 15.590551181102363 puissance
205.79527559055117 251.1496062992126 34.2992125984252 15.590551181102363 de
222.8031496062992 251.1496062992126 80.22047244094489 15.590551181102363 conviction
285.73228346456693 251.1496062992126 39.968503937007874 15.590551181102363 des
308.6929133858268 251.1496062992126 68.5984251968504 15.590551181102363 courants
360.2834645669291 251.1496062992126 91.55905511811024 15.590551181102363 occidentaux.
428.88188976377955 251.1496062992126 28.62992125984252 15.590551181102363 Car

51.874015748031496 261.07086614173227 45.07086614173228 20.409448818897637 c’est
81.92125984251969 261.07086614173227 35.1496062992126 20.409448818897637 une
102.04724409448819 261.07086614173227 50.173228346456696 20.409448818897637 vérité
137.1968503937008 261.07086614173227 35.1496062992126 20.409448818897637 que
157.3228346456693 261.07086614173227 75.11811023622047 20.409448818897637 l’Oriental,
217.41732283464566 261.07086614173227 39.968503937007874 20.409448818897637 dans
242.36220472440945 261.07086614173227 30.04724409448819 20.409448818897637 ce
257.38582677165357 261.07086614173227 54.99212598425197 20.409448818897637 domaine
297.3543307086614 261.07086614173227 65.19685039370079 20.409448818897637 poétique,
347.5275590551181 261.07086614173227 70.01574803149606 20.409448818897637 littéraire
402.8031496062992 261.07086614173227 30.04724409448819 20.409448818897637 et
412.7244094488189 261.07086614173227 45.07086614173228 20.409448818897637 surtout

52.15748031496063 278.0787401574803 72.56692913385827 17.291338582677167 plastique,
109.13385826771653 278.0787401574803 46.77165354330709 17.291338582677167 pense
135.21259842519686 278.0787401574803 56.976377952755904 17.291338582677167 abstrait.

60.94488188976378 289.98425196850394 31.46456692913386 17.858267716535433 Ce
76.53543307086615 289.98425196850394 47.05511811023622 17.858267716535433 n’est
108.0 289.98425196850394 36.56692913385827 17.858267716535433 pas
128.69291338582678 289.98425196850394 41.95275590551181 17.858267716535433 pour
154.77165354330708 289.98425196850394 41.95275590551181 17.858267716535433 rien
181.13385826771653 289.98425196850394 36.56692913385827 17.858267716535433 que
201.82677165354332 289.98425196850394 36.56692913385827 17.858267716535433 les
222.8031496062992 289.98425196850394 83.62204724409449 17.858267716535433 glossateurs,
290.8346456692913 289.98425196850394 52.15748031496063 17.858267716535433 jadis,
327.40157480314963 289.98425196850394 57.54330708661417 17.858267716535433 avaient
369.3543307086614 289.98425196850394 52.15748031496063 17.858267716535433 défini
405.9212598425197 289.98425196850394 31.46456692913386 17.858267716535433 la
416.12598425196853 289.98425196850394 41.95275590551181 17.858267716535433 repré-

51.59055118110236 304.4409448818898 74.26771653543307 14.456692913385826 sentation
108.85039370078741 304.4409448818898 62.92913385826772 14.456692913385826 humaine
154.48818897637796 304.4409448818898 51.59055118110236 14.456692913385826 comme
188.78740157480314 304.4409448818898 34.2992125984252 14.456692913385826 un
206.07874015748033 304.4409448818898 45.63779527559055 14.456692913385826 défi
234.70866141732284 304.4409448818898 34.2992125984252 14.456692913385826 au
251.71653543307087 304.4409448818898 74.26771653543307 14.456692913385826 créateur.
308.9763779527559 304.4409448818898 68.5984251968504 14.456692913385826 «Dessine
360.56692913385825 304.4409448818898 39.968503937007874 14.456692913385826 des
377.5748031496063 304.4409448818898 80.22047244094489 14.456692913385826 personnages,

51.874015748031496 315.7795275590551 47.62204724409449 15.874015748031496 avait
83.62204724409449 315.7795275590551 36.8503937007874 15.874015748031496 dit
104.88188976377953 315.7795275590551 68.5984251968504 15.874015748031496 Ibn-Abbas
157.60629921259843 315.7795275590551 26.362204724409448 15.874015748031496 à
168.09448818897638 315.7795275590551 31.748031496062993 15.874015748031496 un
183.96850393700788 315.7795275590551 47.62204724409449 15.874015748031496 jeune
215.71653543307087 315.7795275590551 58.110236220472444 15.874015748031496 peintre
257.9527559055118 315.7795275590551 63.496062992125985 15.874015748031496 iranien,
305.5748031496063 315.7795275590551 42.23622047244095 15.874015748031496 mais
331.93700787401576 315.7795275590551 42.23622047244095 15.874015748031496 vois
358.2992125984252 315.7795275590551 52.724409448818896 15.874015748031496 qu’ils
390.0472440944882 315.7795275590551 68.5984251968504 15.874015748031496 ressemblent

52.15748031496063 331.0866141732283 27.212598425196852 13.88976377952756 à
62.92913385826772 331.0866141732283 37.98425196850393 13.88976377952756 des
84.75590551181102 331.0866141732283 59.52755905511811 13.88976377952756 fleurs.
127.84251968503936 331.0866141732283 27.212598425196852 13.88976377952756 »
138.89763779527559 331.0866141732283 37.98425196850393 13.88976377952756 Les
160.44094488188978 331.0866141732283 54.14173228346457 13.88976377952756 gloses
198.4251968503937 331.0866141732283 37.98425196850393 13.88976377952756 ont
219.96850393700788 331.0866141732283 70.2992125984252 13.88976377952756 forcément
274.1102362204724 331.0866141732283 59.52755905511811 13.88976377952756 conduit
317.4803149606299 331.0866141732283 48.75590551181102 13.88976377952756 l’art
350.0787401574803 331.0866141732283 37.98425196850393 13.88976377952756 des
371.62204724409446 331.0866141732283 43.37007874015748 13.88976377952756 pays
393.4488188976378 331.0866141732283 64.91338582677166 13.88976377952756 islamiques

52.44094488188976 341.8582677165354 26.362204724409448 17.007874015748033 à
63.21259842519685 341.8582677165354 89.5748031496063 17.007874015748033 l’éloignement
136.91338582677164 341.8582677165354 31.748031496062993 17.007874015748033 de
152.78740157480314 341.8582677165354 31.748031496062993 17.007874015748033 la
168.66141732283464 341.8582677165354 73.7007874015748 17.007874015748033 figuration
226.48818897637796 341.8582677165354 68.5984251968504 17.007874015748033 intégrale
279.21259842519686 341.8582677165354 31.748031496062993 17.007874015748033 au
295.0866141732283 341.8582677165354 52.724409448818896 17.007874015748033 profit
331.93700787401576 341.8582677165354 47.338582677165356 17.007874015748033 d’une
363.68503937007875 341.8582677165354 79.08661417322834 17.007874015748033 stylisation
421.79527559055117 341.8582677165354 36.8503937007874 17.007874015748033 quasi

52.44094488188976 358.86614173228344 71.43307086614173 12.472440944881889 abstraite,
108.56692913385827 358.86614173228344 30.614173228346456 12.472440944881889 où
123.8740157480315 358.86614173228344 30.614173228346456 12.472440944881889 la
139.1811023622047 358.86614173228344 51.023622047244096 12.472440944881889 ligne,
174.89763779527559 358.86614173228344 45.92125984251968 12.472440944881889 selon
205.51181102362204 358.86614173228344 30.614173228346456 12.472440944881889 la
220.8188976377953 358.86614173228344 71.43307086614173 12.472440944881889 définition
276.66141732283467 358.86614173228344 30.614173228346456 12.472440944881889 de
291.9685039370079 358.86614173228344 30.614173228346456 12.472440944881889 M.
307.2755905511811 358.86614173228344 56.125984251968504 12.472440944881889 Ingres,
348.09448818897636 358.86614173228344 51.023622047244096 12.472440944881889 devint
378.70866141732284 358.86614173228344 51.023622047244096 12.472440944881889 musique.

61.511811023622045 365.9527559055118 47.62204724409449 18.708661417322833 C’est
93.54330708661418 365.9527559055118 31.748031496062993 18.708661417322833 en
109.41732283464567 365.9527559055118 58.39370078740158 18.708661417322833 pensant
151.6535433070866 365.9527559055118 26.64566929133858 18.708661417322833 à
162.4251968503937 365.9527559055118 47.62204724409449 18.708661417322833 cette
194.17322834645668 365.9527559055118 53.00787401574803 18.708661417322833 vérité
231.30708661417322 365.9527559055118 31.748031496062993 18.708661417322833 de
247.1811023622047 365.9527559055118 47.62204724409449 18.708661417322833 l’art
279.21259842519686 365.9527559055118 31.748031496062993 18.708661417322833 de
295.0866141732283 365.9527559055118 68.88188976377953 18.708661417322833 l’Orient,
348.09448818897636 365.9527559055118 37.13385826771653 18.708661417322833 que
369.3543307086614 365.9527559055118 42.51968503937008 18.708661417322833 nous
395.7165354330709 365.9527559055118 42.51968503937008 18.708661417322833 nous
416.9763779527559 365.9527559055118 42.51968503937008 18.708661417322833 expli-

53.00787401574803 379.84251968503935 49.60629921259842 19.275590551181104 quons
85.88976377952756 379.84251968503935 71.43307086614173 19.275590551181104 l’aisance
140.88188976377953 379.84251968503935 32.881889763779526 19.275590551181104 et
157.3228346456693 379.84251968503935 49.60629921259842 19.275590551181104 aussi
190.48818897637796 379.84251968503935 32.881889763779526 19.275590551181104 la
206.9291338582677 379.84251968503935 43.93700787401575 19.275590551181104 joie
234.4251968503937 379.84251968503935 32.881889763779526 19.275590551181104 de
250.86614173228347 379.84251968503935 32.881889763779526 19.275590551181104 la
267.59055118110234 379.84251968503935 66.04724409448819 19.275590551181104 peinture
316.9133858267717 379.84251968503935 60.661417322834644 19.275590551181104 moderne
361.13385826771656 379.84251968503935 60.661417322834644 19.275590551181104 turque,
405.07086614173227 379.84251968503935 32.881889763779526 19.275590551181104 de
416.12598425196853 379.84251968503935 43.93700787401575 19.275590551181104 manier

52.44094488188976 393.4488188976378 53.00787401574803 18.141732283464567 lignes
89.5748031496063 393.4488188976378 31.748031496062993 18.141732283464567 et
105.44881889763779 393.4488188976378 63.496062992125985 18.141732283464567 couleurs
153.0708661417323 393.4488188976378 95.24409448818898 18.141732283464567 abstraitement,
232.44094488188978 393.4488188976378 26.362204724409448 18.141732283464567 «
242.9291338582677 393.4488188976378 31.748031496062993 18.141732283464567 en
258.8031496062992 393.4488188976378 47.62204724409449 18.141732283464567 l’air
290.5511811023622 393.4488188976378 31.748031496062993 18.141732283464567 »,
306.4251968503937 393.4488188976378 47.62204724409449 18.141732283464567 selon
338.1732283464567 393.4488188976378 37.13385826771653 18.141732283464567 une
359.43307086614175 393.4488188976378 73.98425196850394 18.141732283464567 expression
417.54330708661416 393.4488188976378 31.748031496062993 18.141732283464567 de
428.0314960629921 393.4488188976378 31.748031496062993 18.141732283464567 chez

53.574803149606296 405.07086614173227 44.503937007874015 19.559055118110237 nous,
83.05511811023622 405.07086614173227 34.58267716535433 19.559055118110237 qui
102.89763779527559 405.07086614173227 54.425196850393704 19.559055118110237 définit
142.58267716535434 405.07086614173227 39.68503937007874 19.559055118110237 bien
167.5275590551181 405.07086614173227 29.763779527559056 19.559055118110237 ce
182.26771653543307 405.07086614173227 54.425196850393704 19.559055118110237 qu’elle
221.95275590551182 405.07086614173227 39.68503937007874 19.559055118110237 veut
246.61417322834646 405.07086614173227 44.503937007874015 19.559055118110237 dire:
276.37795275590554 405.07086614173227 29.763779527559056 19.559055118110237 en
291.40157480314963 405.07086614173227 49.60629921259842 19.559055118110237 l’air,
325.98425196850394 405.07086614173227 79.37007874015748 19.559055118110237 c’est-à-dire
390.3307086614173 405.07086614173227 39.68503937007874 19.559055118110237 dans
410.1732283464567 405.07086614173227 49.60629921259842 19.559055118110237 l’espace

53.00787401574803 422.0787401574803 70.58267716535433 14.173228346456693 abstrait,
107.14960629921259 422.0787401574803 32.59842519685039 14.173228346456693 en
123.59055118110236 422.0787401574803 54.425196850393704 14.173228346456693 dehors
161.5748031496063 422.0787401574803 37.98425196850393 14.173228346456693 des
183.4015748031496 422.0787401574803 87.02362204724409 14.173228346456693 contingences
253.98425196850394 422.0787401574803 48.75590551181102 14.173228346456693 ayant
286.5826771653543 422.0787401574803 59.811023622047244 14.173228346456693 rapport
329.9527559055118 422.0787401574803 43.37007874015748 14.173228346456693 avec
357.1653543307087 422.0787401574803 81.35433070866142 14.173228346456693 l’équilibre
416.9763779527559 422.0787401574803 43.37007874015748 14.173228346456693 stable

53.574803149606296 435.11811023622045 28.62992125984252 16.15748031496063 de
68.03149606299213 435.11811023622045 28.62992125984252 16.15748031496063 la
82.20472440944881 435.11811023622045 47.90551181102362 16.15748031496063 terre,
115.65354330708661 435.11811023622045 28.62992125984252 16.15748031496063 où
130.11023622047244 435.11811023622045 38.267716535433074 16.15748031496063 tout
153.92125984251967 435.11811023622045 28.62992125984252 16.15748031496063 se
168.3779527559055 435.11811023622045 52.44094488188976 16.15748031496063 dispose
206.64566929133858 435.11811023622045 43.08661417322835 16.15748031496063 selon
235.2755905511811 435.11811023622045 33.44881889763779 16.15748031496063 les
254.26771653543307 435.11811023622045 38.267716535433074 16.15748031496063 lois
278.0787401574803 435.11811023622045 28.62992125984252 16.15748031496063 de
292.53543307086613 435.11811023622045 28.62992125984252 16.15748031496063 la
306.99212598425197 435.11811023622045 71.71653543307086 16.15748031496063 perspective
364.251968503937 435.11811023622045 28.62992125984252 16.15748031496063 et
378.4251968503937 435.11811023622045 28.62992125984252 16.15748031496063 de
392.88188976377955 435.11811023622045 28.62992125984252 16.15748031496063 la
402.5196850393701 435.11811023622045 57.25984251968504 16.15748031496063 pesanteur.

62.36220472440945 444.755905511811 32.31496062992126 17.858267716535433 La
78.51968503937007 444.755905511811 59.24409448818898 17.858267716535433 Turquie
121.60629921259843 444.755905511811 64.62992125984252 17.858267716535433 présente
169.79527559055117 444.755905511811 80.78740157480316 17.858267716535433 aujourd’hui
234.4251968503937 444.755905511811 26.929133858267715 17.858267716535433 à
245.1968503937008 444.755905511811 32.31496062992126 17.858267716535433 la
261.3543307086614 444.755905511811 59.24409448818898 17.858267716535433 seconde
304.4409448818898 444.755905511811 64.62992125984252 17.858267716535433 Biennale
352.9133858267717 444.755905511811 37.7007874015748 17.858267716535433 six
374.1732283464567 444.755905511811 53.85826771653543 17.858267716535433 jeunes
406.48818897637796 444.755905511811 53.85826771653543 17.858267716535433 peintres

53.85826771653543 462.0472440944882 32.59842519685039 15.023622047244094 et
70.01574803149606 462.0472440944882 43.37007874015748 15.023622047244094 deux
97.22834645669292 462.0472440944882 81.35433070866142 15.023622047244094 sculpteurs,
162.4251968503937 462.0472440944882 43.37007874015748 15.023622047244094 dont
189.35433070866142 462.0472440944882 37.98425196850393 15.023622047244094 les
211.1811023622047 462.0472440944882 65.19685039370079 15.023622047244094 talents,
259.93700787401576 462.0472440944882 37.98425196850393 15.023622047244094 qui
281.76377952755905 462.0472440944882 65.19685039370079 15.023622047244094 semblent
330.5196850393701 462.0472440944882 27.212598425196852 15.023622047244094 à
341.29133858267716 462.0472440944882 65.19685039370079 15.023622047244094 première
390.0472440944882 462.0472440944882 37.98425196850393 15.023622047244094 vue
406.48818897637796 462.0472440944882 54.14173228346457 15.023622047244094 modestes

53.85826771653543 471.11811023622045 33.16535433070866 17.5748031496063 et
70.2992125984252 471.11811023622045 71.71653543307086 17.5748031496063 réservés,
125.29133858267717 471.11811023622045 43.93700787401575 17.5748031496063 n’en
152.78740157480314 471.11811023622045 43.93700787401575 17.5748031496063 sont
180.28346456692913 471.11811023622045 38.55118110236221 17.5748031496063 pas
202.39370078740157 471.11811023622045 49.60629921259842 17.5748031496063 moins
235.55905511811022 471.11811023622045 93.54330708661418 17.5748031496063 authentiques.
312.66141732283467 471.11811023622045 49.60629921259842 17.5748031496063 Leurs
345.54330708661416 471.11811023622045 66.04724409448819 17.5748031496063 travaux,
395.1496062992126 471.11811023622045 43.93700787401575 17.5748031496063 sans
417.25984251968504 471.11811023622045 43.93700787401575 17.5748031496063 éclats

53.574803149606296 485.5748031496063 85.03937007874016 15.874015748031496 fulgurants,
121.60629921259843 485.5748031496063 68.03149606299213 15.874015748031496 révèlent
172.3464566929134 485.5748031496063 39.68503937007874 15.874015748031496 une
195.0236220472441 485.5748031496063 96.37795275590551 15.874015748031496 introspection
274.3937007874016 485.5748031496063 79.37007874015748 15.874015748031496 absolument
336.755905511811 485.5748031496063 68.03149606299213 15.874015748031496 sincère,
387.496062992126 485.5748031496063 39.68503937007874 15.874015748031496 une
410.1732283464567 485.5748031496063 51.023622047244096 15.874015748031496 sorte
438.5196850393701 485.5748031496063 22.677165354330707 15.874015748031496 de

53.85826771653543 500.31496062992125 66.04724409448819 18.708661417322833 timidité,
104.88188976377953 500.31496062992125 40.818897637795274 18.708661417322833 qui,
130.11023622047244 500.31496062992125 30.614173228346456 18.708661417322833 si
145.41732283464566 500.31496062992125 40.818897637795274 18.708661417322833 elle
170.9291338582677 500.31496062992125 71.14960629921259 18.708661417322833 n’accroche
226.77165354330708 500.31496062992125 50.74015748031496 18.708661417322833 l’œil,
262.48818897637796 500.31496062992125 50.74015748031496 18.708661417322833 promet
298.20472440944883 500.31496062992125 35.71653543307087 18.708661417322833 des
318.3307086614173 500.31496062992125 91.55905511811024 18.708661417322833 développements
394.86614173228344 500.31496062992125 50.74015748031496 18.708661417322833 futurs
425.1968503937008 500.31496062992125 35.71653543307087 18.708661417322833 imbus

54.70866141732284 514.7716535433071 32.31496062992126 16.724409448818896 de
65.48031496062993 514.7716535433071 53.85826771653543 16.724409448818896 probité.

63.21259842519685 521.2913385826772 43.08661417322835 19.84251968503937 Seul
90.14173228346456 521.2913385826772 59.24409448818898 19.84251968503937 l’envoi
133.22834645669292 521.2913385826772 32.31496062992126 19.84251968503937 de
149.38582677165354 521.2913385826772 59.24409448818898 19.84251968503937 Mustafa
192.4724409448819 521.2913385826772 53.85826771653543 19.84251968503937 Aslier
230.17322834645668 521.2913385826772 43.08661417322835 19.84251968503937 fait
257.1023622047244 521.2913385826772 70.01574803149606 19.84251968503937 exception
310.6771653543307 521.2913385826772 43.08661417322835 19.84251968503937 dans
337.6062992125984 521.2913385826772 91.55905511811024 19.84251968503937 l’abstraction
407.62204724409446 521.2913385826772 53.85826771653543 19.84251968503937 générale

54.70866141732284 539.1496062992126 33.44881889763779 15.307086614173228 du
71.43307086614173 539.1496062992126 55.84251968503937 15.307086614173228 groupe
110.55118110236221 539.1496062992126 50.173228346456696 15.307086614173228 turc,
144.0 539.1496062992126 39.118110236220474 15.307086614173228 car
166.39370078740157 539.1496062992126 33.44881889763779 15.307086614173228 il
183.11811023622047 539.1496062992126 77.95275590551181 15.307086614173228 représente
244.3464566929134 539.1496062992126 50.173228346456696 15.307086614173228 cette
277.79527559055117 539.1496062992126 66.89763779527559 15.307086614173228 tendance
327.9685039370079 539.1496062992126 33.44881889763779 15.307086614173228 de
344.6929133858268 539.1496062992126 66.89763779527559 15.307086614173228 quelques
394.86614173228344 539.1496062992126 66.89763779527559 15.307086614173228 artistes
439.37007874015745 539.1496062992126 22.393700787401574 15.307086614173228 de

54.99212598425197 549.0708661417323 41.669291338582674 21.826771653543307 chez
81.07086614173228 549.0708661417323 47.05511811023622 21.826771653543307 nous,
112.25196850393701 549.0708661417323 52.15748031496063 21.826771653543307 jeunes
148.8188976377953 549.0708661417323 31.181102362204726 21.826771653543307 et
164.40944881889763 549.0708661417323 52.15748031496063 21.826771653543307 ainés,
200.9763779527559 549.0708661417323 26.078740157480315 21.826771653543307 à
211.46456692913387 549.0708661417323 62.645669291338585 21.826771653543307 réaliser
258.23622047244095 549.0708661417323 31.181102362204726 21.826771653543307 un
274.1102362204724 549.0708661417323 36.56692913385827 21.826771653543307 art
294.8031496062992 549.0708661417323 31.181102362204726 21.826771653543307 où
310.3937007874016 549.0708661417323 31.181102362204726 21.826771653543307 le
326.26771653543307 549.0708661417323 26.078740157480315 21.826771653543307 «
336.4724409448819 549.0708661417323 52.15748031496063 21.826771653543307 parfum
373.03937007874015 549.0708661417323 31.181102362204726 21.826771653543307 du
388.62992125984255 549.0708661417323 57.25984251968504 21.826771653543307 terroir
430.5826771653543 549.0708661417323 31.181102362204726 21.826771653543307 »,
440.78740157480314 549.0708661417323 20.976377952755904 21.826771653543307 du

408.755905511811 590.1732283464567 32.031496062992126 21.543307086614174 113
