515.3385826771654 625.6062992125984
67.18110236220473 2.8346456692913384 88.44094488188976 18.4251968503937 ISLANDE

166.6771653543307 103.46456692913385 59.811023622047244 22.11023622047244 Commissaire
214.58267716535434 103.46456692913385 43.93700787401575 22.11023622047244 Général
246.61417322834646 103.46456692913385 19.84251968503937 22.11023622047244 :
254.5511811023622 103.46456692913385 51.874015748031496 22.11023622047244 Birgir
290.5511811023622 103.46456692913385 47.90551181102362 22.11023622047244 Mæller

165.54330708661416 121.88976377952756 70.58267716535433 11.622047244094489 Secrétaire
216.0 121.88976377952756 65.48031496062993 11.622047244094489 d’Ambassade

166.11023622047244 126.70866141732283 39.68503937007874 18.992125984251967 près
191.0551181102362 126.70866141732283 74.55118110236221 18.992125984251967 l’Ambassade
250.86614173228347 126.70866141732283 64.62992125984252 18.992125984251967 d’Islande
300.4724409448819 126.70866141732283 24.944881889763778 18.992125984251967 à
305.5748031496063 126.70866141732283 39.68503937007874 18.992125984251967 Paris.

121.88976377952756 197.29133858267716 61.22834645669291 17.5748031496063 D’aucune
167.81102362204723 197.29133858267716 51.023622047244096 17.5748031496063 nation
203.81102362204723 197.29133858267716 35.71653543307087 17.5748031496063 les
224.2204724409449 197.29133858267716 66.61417322834646 17.5748031496063 Islandais
275.244094488189 197.29133858267716 30.614173228346456 17.5748031496063 ne
290.5511811023622 197.29133858267716 61.22834645669291 17.5748031496063 reçurent
336.755905511811 197.29133858267716 51.023622047244096 17.5748031496063 autant
372.4724409448819 197.29133858267716 30.614173228346456 17.5748031496063 de
387.7795275590551 197.29133858267716 66.61417322834646 17.5748031496063 précieuse
439.0866141732283 197.29133858267716 56.125984251968504 17.5748031496063 culture
474.8031496062992 197.29133858267716 25.511811023622048 17.5748031496063 que

110.55118110236221 213.73228346456693 31.748031496062993 16.724409448818896 de
126.4251968503937 213.73228346456693 31.748031496062993 16.724409448818896 la
142.29921259842519 213.73228346456693 57.826771653543304 16.724409448818896 France.
184.53543307086613 213.73228346456693 42.23622047244095 16.724409448818896 Dans
210.89763779527559 213.73228346456693 36.8503937007874 16.724409448818896 les
231.8740157480315 213.73228346456693 47.338582677165356 16.724409448818896 sagas
263.33858267716533 213.73228346456693 42.23622047244095 16.724409448818896 bien
289.7007874015748 213.73228346456693 63.21259842519685 16.724409448818896 connues,
337.3228346456693 213.73228346456693 31.748031496062993 16.724409448818896 il
353.1968503937008 213.73228346456693 26.362204724409448 16.724409448818896 y
363.68503937007875 213.73228346456693 26.362204724409448 16.724409448818896 a
374.1732283464567 213.73228346456693 36.8503937007874 16.724409448818896 des
395.1496062992126 213.73228346456693 52.724409448818896 16.724409448818896 motifs
432.0 213.73228346456693 42.23622047244095 16.724409448818896 dont
458.3622047244094 213.73228346456693 31.748031496062993 16.724409448818896 on
468.8503937007874 213.73228346456693 31.748031496062993 16.724409448818896 pett

110.83464566929133 225.35433070866142 65.76377952755905 14.740157480314961 retrouver
161.5748031496063 225.35433070866142 65.76377952755905 14.740157480314961 l’origine
212.03149606299212 225.35433070866142 40.53543307086614 14.740157480314961 chez
237.25984251968504 225.35433070866142 35.43307086614173 14.740157480314961 les
257.6692913385827 225.35433070866142 80.78740157480316 14.740157480314961 troubadours.
323.43307086614175 225.35433070866142 65.76377952755905 14.740157480314961 Certaines
373.8897637795276 225.35433070866142 60.661417322834644 14.740157480314961 ballades
419.5275590551181 225.35433070866142 35.43307086614173 14.740157480314961 que
439.65354330708664 225.35433070866142 35.43307086614173 14.740157480314961 les
454.6771653543307 225.35433070866142 45.63779527559055 14.740157480314961 paysans

110.83464566929133 236.69291338582678 64.34645669291339 18.992125984251967 islandais
160.15748031496062 236.69291338582678 69.16535433070867 18.992125984251967 chantaient
214.58267716535434 236.69291338582678 29.763779527559056 18.992125984251967 et
229.3228346456693 236.69291338582678 64.34645669291339 18.992125984251967 dansaient
278.6456692913386 236.69291338582678 34.58267716535433 18.992125984251967 aux
298.48818897637796 236.69291338582678 39.40157480314961 18.992125984251967 XIVe
323.1496062992126 236.69291338582678 29.763779527559056 18.992125984251967 et
338.1732283464567 236.69291338582678 34.58267716535433 18.992125984251967 XVe
357.73228346456693 236.69291338582678 54.425196850393704 18.992125984251967 siècles
397.4173228346457 236.69291338582678 39.40157480314961 18.992125984251967 sont
422.0787401574803 236.69291338582678 34.58267716535433 18.992125984251967 des
436.81889763779526 236.69291338582678 64.34645669291339 18.992125984251967 adaptations

109.98425196850394 249.73228346456693 32.59842519685039 17.5748031496063 de
126.14173228346456 249.73228346456693 65.19685039370079 17.5748031496063 chansons
175.1811023622047 249.73228346456693 59.811023622047244 17.5748031496063 d’amour
218.5511811023622 249.73228346456693 81.35433070866142 17.5748031496063 françaises.
283.46456692913387 249.73228346456693 32.59842519685039 17.5748031496063 La
299.90551181102364 249.73228346456693 48.75590551181102 17.5748031496063 lutte
332.503937007874 249.73228346456693 75.96850393700787 17.5748031496063 islandaise
392.0314960629921 249.73228346456693 43.37007874015748 17.5748031496063 pour
419.244094488189 249.73228346456693 32.59842519685039 17.5748031496063 la
435.40157480314963 249.73228346456693 65.19685039370079 17.5748031496063 liberté,
478.7716535433071 249.73228346456693 21.826771653543307 17.5748031496063 au

109.98425196850394 263.33858267716533 39.118110236220474 17.007874015748033 XIXe
134.36220472440945 263.33858267716533 53.85826771653543 17.007874015748033 siècle,
173.48031496062993 263.33858267716533 43.93700787401575 17.007874015748033 était
202.96062992125985 263.33858267716533 53.85826771653543 17.007874015748033 allumée
242.07874015748033 263.33858267716533 34.2992125984252 17.007874015748033 aux
261.6377952755906 263.33858267716533 39.118110236220474 17.007874015748033 feux
286.01574803149606 263.33858267716533 29.480314960629922 17.007874015748033 de
300.755905511811 263.33858267716533 29.480314960629922 17.007874015748033 la
315.21259842519686 263.33858267716533 68.5984251968504 17.007874015748033 révolution
369.07086614173227 263.33858267716533 63.496062992125985 17.007874015748033 française
418.1102362204724 263.33858267716533 29.480314960629922 17.007874015748033 et
432.56692913385825 263.33858267716533 29.480314960629922 17.007874015748033 du
442.48818897637796 263.33858267716533 58.67716535433071 17.007874015748033 romantisme

109.41732283464567 277.51181102362204 62.07874015748032 17.858267716535433 français;
157.3228346456693 277.51181102362204 28.62992125984252 17.858267716535433 et
171.49606299212599 277.51181102362204 52.44094488188976 17.858267716535433 lorsque
209.76377952755905 277.51181102362204 43.08661417322835 17.858267716535433 l’art
238.39370078740157 277.51181102362204 62.07874015748032 17.858267716535433 islandais
286.2992125984252 277.51181102362204 28.62992125984252 17.858267716535433 de
300.4724409448819 277.51181102362204 28.62992125984252 17.858267716535433 la
314.92913385826773 277.51181102362204 57.25984251968504 17.858267716535433 peinture
357.73228346456693 277.51181102362204 62.07874015748032 17.858267716535433 s’éveilla
405.6377952755906 277.51181102362204 28.62992125984252 17.858267716535433 de
420.09448818897636 277.51181102362204 43.08661417322835 17.858267716535433 longs
448.7244094488189 277.51181102362204 52.44094488188976 17.858267716535433 siècles
482.1732283464567 277.51181102362204 18.992125984251967 17.858267716535433 de

109.7007874015748 288.56692913385825 60.09448818897638 18.141732283464567 sommeil,
155.0551181102362 288.56692913385825 30.04724409448819 18.141732283464567 ce
170.07874015748033 288.56692913385825 50.173228346456696 18.141732283464567 furent
205.22834645669292 288.56692913385825 35.1496062992126 18.141732283464567 les
225.0708661417323 288.56692913385825 100.34645669291339 18.141732283464567 impressionnistes
310.3937007874016 288.56692913385825 60.09448818897638 18.141732283464567 français
355.748031496063 288.56692913385825 35.1496062992126 18.141732283464567 qui
375.59055118110234 288.56692913385825 35.1496062992126 18.141732283464567 lui
395.7165354330709 288.56692913385825 65.19685039370079 18.141732283464567 donnèrent
445.8897637795276 288.56692913385825 30.04724409448819 18.141732283464567 la
456.09448818897636 288.56692913385825 45.07086614173228 18.141732283464567 lumière

109.7007874015748 301.3228346456693 73.41732283464567 20.976377952755904 directrice.
168.3779527559055 301.3228346456693 53.85826771653543 20.976377952755904 Depuis,
207.49606299212599 301.3228346456693 29.480314960629922 20.976377952755904 la
222.23622047244095 301.3228346456693 58.67716535433071 20.976377952755904 peinture
266.1732283464567 301.3228346456693 63.496062992125985 20.976377952755904 française
315.21259842519686 301.3228346456693 24.37795275590551 20.976377952755904 a
324.8503937007874 301.3228346456693 34.2992125984252 20.976377952755904 été
344.40944881889766 301.3228346456693 34.2992125984252 20.976377952755904 une
364.251968503937 301.3228346456693 49.039370078740156 20.976377952755904 source
398.26771653543307 301.3228346456693 63.496062992125985 20.976377952755904 constante
447.3070866141732 301.3228346456693 24.37795275590551 20.976377952755904 :
452.12598425196853 301.3228346456693 49.039370078740156 20.976377952755904 Cézanne,

109.13385826771653 314.3622047244094 63.496062992125985 24.661417322834644 Matisse,
157.03937007874015 314.3622047244094 74.26771653543307 24.661417322834644 Grommaire,
215.1496062992126 314.3622047244094 53.00787401574803 24.661417322834644 Lhote,
252.28346456692913 314.3622047244094 58.39370078740158 24.661417322834644 Braque,
294.8031496062992 314.3622047244094 63.496062992125985 24.661417322834644 Deyrolle
342.4251968503937 314.3622047244094 42.51968503937008 24.661417322834644 sont
369.07086614173227 314.3622047244094 37.13385826771653 24.661417322834644 des
390.0472440944882 314.3622047244094 42.51968503937008 24.661417322834644 noms
416.6929133858268 314.3622047244094 37.13385826771653 24.661417322834644 qui
437.9527559055118 314.3622047244094 53.00787401574803 24.661417322834644 furent
469.7007874015748 314.3622047244094 31.748031496062993 24.661417322834644 pris

108.56692913385827 329.6692913385827 31.748031496062993 17.291338582677167 en
124.44094488188976 329.6692913385827 89.85826771653544 17.291338582677167 considération
198.70866141732284 329.6692913385827 42.23622047244095 17.291338582677167 pour
225.0708661417323 329.6692913385827 68.88188976377953 17.291338582677167 expliquer
278.0787401574803 329.6692913385827 73.98425196850394 17.291338582677167 l’histoire
336.18897637795277 329.6692913385827 31.748031496062993 17.291338582677167 de
352.06299212598424 329.6692913385827 47.62204724409449 17.291338582677167 l’art
378.4251968503937 329.6692913385827 63.496062992125985 17.291338582677167 islandais.

119.05511811023622 341.5748031496063 43.08661417322835 20.125984251968504 Même
145.98425196850394 341.5748031496063 32.31496062992126 20.125984251968504 si
162.14173228346456 341.5748031496063 48.47244094488189 20.125984251968504 aucun
194.45669291338584 341.5748031496063 32.31496062992126 20.125984251968504 de
210.61417322834646 341.5748031496063 37.7007874015748 20.125984251968504 ces
232.15748031496062 341.5748031496063 53.85826771653543 20.125984251968504 jeunes
269.8582677165354 341.5748031496063 43.08661417322835 20.125984251968504 gens
296.78740157480314 341.5748031496063 64.62992125984252 20.125984251968504 exposant
345.54330708661416 341.5748031496063 37.7007874015748 20.125984251968504 ici
367.0866141732283 341.5748031496063 37.7007874015748 20.125984251968504 n’a
388.62992125984255 341.5748031496063 53.85826771653543 20.125984251968504 étudié
426.3307086614173 341.5748031496063 32.31496062992126 20.125984251968504 la
442.48818897637796 341.5748031496063 64.62992125984252 20.125984251968504 peinture
485.5748031496063 341.5748031496063 16.15748031496063 20.125984251968504 à

109.7007874015748 352.62992125984255 49.039370078740156 20.409448818897637 Paris,
144.0 352.62992125984255 34.2992125984252 20.409448818897637 ils
163.55905511811022 352.62992125984255 49.039370078740156 20.409448818897637 savent
197.85826771653544 352.62992125984255 39.118110236220474 20.409448818897637 très
222.23622047244095 352.62992125984255 39.118110236220474 20.409448818897637 bien
246.89763779527559 352.62992125984255 39.118110236220474 20.409448818897637 quel
271.2755905511811 352.62992125984255 44.22047244094488 20.409448818897637 grand
300.755905511811 352.62992125984255 58.67716535433071 20.409448818897637 héritage
344.9763779527559 352.62992125984255 58.67716535433071 20.409448818897637 culturel
388.9133858267717 352.62992125984255 34.2992125984252 20.409448818897637 ils
408.4724409448819 352.62992125984255 34.2992125984252 20.409448818897637 ont
428.31496062992125 352.62992125984255 39.118110236220474 20.409448818897637 reçu
452.6929133858268 352.62992125984255 29.480314960629922 20.409448818897637 de
462.61417322834643 352.62992125984255 39.118110236220474 20.409448818897637 Paris.

108.85039370078741 368.2204724409449 45.92125984251968 18.141732283464567 C’est
139.46456692913387 368.2204724409449 40.818897637795274 18.141732283464567 dans
164.9763779527559 368.2204724409449 35.71653543307087 18.141732283464567 cet
185.38582677165354 368.2204724409449 40.818897637795274 18.141732283464567 état
211.1811023622047 368.2204724409449 61.22834645669291 18.141732283464567 d’esprit
257.1023622047244 368.2204724409449 51.023622047244096 18.141732283464567 qu’ils
292.81889763779526 368.2204724409449 56.125984251968504 18.141732283464567 offrent
333.6377952755906 368.2204724409449 71.43307086614173 18.141732283464567 humblement
389.76377952755905 368.2204724409449 45.92125984251968 18.141732283464567 leurs
420.66141732283467 368.2204724409449 56.125984251968504 18.141732283464567 travaux
461.4803149606299 368.2204724409449 25.511811023622048 18.141732283464567 à
466.5826771653543 368.2204724409449 35.71653543307087 18.141732283464567 cette

108.28346456692914 380.40944881889766 66.61417322834646 17.858267716535433 citadelle
159.59055118110237 380.40944881889766 30.89763779527559 17.858267716535433 de
169.79527559055117 380.40944881889766 41.10236220472441 17.858267716535433 l’art.

118.20472440944881 391.18110236220474 41.95275590551181 20.69291338582677 Mais
144.56692913385828 391.18110236220474 47.338582677165356 20.69291338582677 leurs
176.03149606299212 391.18110236220474 57.826771653543304 20.69291338582677 racines
218.26771653543307 391.18110236220474 41.95275590551181 20.69291338582677 sont
244.3464566929134 391.18110236220474 68.31496062992126 20.69291338582677 également
296.78740157480314 391.18110236220474 62.92913385826772 20.69291338582677 solides.
344.12598425196853 391.18110236220474 36.8503937007874 20.69291338582677 Ils
365.1023622047244 391.18110236220474 41.95275590551181 20.69291338582677 sont
391.46456692913387 391.18110236220474 57.826771653543304 20.69291338582677 enfants
433.4173228346457 391.18110236220474 47.338582677165356 20.69291338582677 d’une
459.7795275590551 391.18110236220474 41.95275590551181 20.69291338582677 nation

108.28346456692914 410.1732283464567 36.28346456692913 19.559055118110237 qui
128.9763779527559 410.1732283464567 25.79527559055118 19.559055118110237 a
139.1811023622047 410.1732283464567 36.28346456692913 19.559055118110237 une
160.15748031496062 410.1732283464567 51.874015748031496 19.559055118110237 grande
196.15748031496062 410.1732283464567 56.976377952755904 19.559055118110237 culture
237.82677165354332 410.1732283464567 67.46456692913385 19.559055118110237 ancienne,
289.7007874015748 410.1732283464567 46.77165354330709 19.559055118110237 aussi
320.59842519685037 410.1732283464567 41.38582677165354 19.559055118110237 bien
346.6771653543307 410.1732283464567 46.77165354330709 19.559055118110237 qu’un
377.5748031496063 410.1732283464567 51.874015748031496 19.559055118110237 regard
413.8582677165354 410.1732283464567 56.976377952755904 19.559055118110237 candide
455.244094488189 410.1732283464567 46.77165354330709 19.559055118110237 vers.
481.3228346456693 410.1732283464567 20.69291338582677 19.559055118110237 le

108.56692913385827 423.21259842519686 45.354330708661415 17.5748031496063 monde
138.89763779527559 423.21259842519686 90.99212598425197 17.5748031496063 d’aujourd’hui.
214.58267716535434 423.21259842519686 30.330708661417322 17.5748031496063 La
229.88976377952756 423.21259842519686 55.55905511811024 17.5748031496063 lumière
270.1417322834646 423.21259842519686 55.55905511811024 17.5748031496063 limpide
310.6771653543307 423.21259842519686 30.330708661417322 17.5748031496063 de
325.7007874015748 423.21259842519686 50.45669291338583 17.5748031496063 l’été,
361.13385826771656 423.21259842519686 45.354330708661415 17.5748031496063 ainsi
391.46456692913387 423.21259842519686 35.43307086614173 17.5748031496063 que
411.59055118110234 423.21259842519686 30.330708661417322 17.5748031496063 le
426.8976377952756 423.21259842519686 40.53543307086614 17.5748031496063 long
452.12598425196853 423.21259842519686 30.330708661417322 17.5748031496063 et
462.0472440944882 423.21259842519686 40.53543307086614 17.5748031496063 sombre

109.13385826771653 434.8346456692913 48.47244094488189 18.992125984251967 hiver,
143.1496062992126 434.8346456692913 34.01574803149607 18.992125984251967 les
162.4251968503937 434.8346456692913 48.47244094488189 18.992125984251967 grands
196.44094488188978 434.8346456692913 68.03149606299213 18.992125984251967 contrastes
250.01574803149606 434.8346456692913 29.19685039370079 18.992125984251967 du
264.4724409448819 434.8346456692913 53.574803149606296 18.992125984251967 paysage
303.3070866141732 434.8346456692913 29.19685039370079 18.992125984251967 où
318.0472440944882 434.8346456692913 34.01574803149607 18.992125984251967 les
337.3228346456693 434.8346456692913 58.39370078740158 18.992125984251967 glaciers
381.25984251968504 434.8346456692913 63.21259842519685 18.992125984251967 s’étirent
429.73228346456693 434.8346456692913 38.83464566929134 18.992125984251967 vers
454.1102362204724 434.8346456692913 34.01574803149607 18.992125984251967 les
468.56692913385825 434.8346456692913 34.01574803149607 18.992125984251967 laves

107.43307086614173 447.3070866141732 32.031496062992126 18.992125984251967 et
123.59055118110236 447.3070866141732 37.41732283464567 18.992125984251967 les
144.8503937007874 447.3070866141732 58.67716535433071 18.992125984251967 sombres
187.6535433070866 447.3070866141732 64.06299212598425 18.992125984251967 déserts.
235.84251968503938 447.3070866141732 80.22047244094489 18.992125984251967 L’éducation
299.90551181102364 447.3070866141732 42.803149606299215 18.992125984251967 d’un
326.8346456692913 447.3070866141732 53.574803149606296 18.992125984251967 enfant
364.251968503937 447.3070866141732 69.44881889763779 18.992125984251967 islandais
417.54330708661416 447.3070866141732 58.67716535433071 18.992125984251967 réclame
454.96062992125985 447.3070866141732 48.188976377952756 18.992125984251967 sérieux

107.71653543307086 462.0472440944882 30.89763779527559 20.976377952755904 et
123.02362204724409 462.0472440944882 72.0 20.976377952755904 principes;
179.71653543307087 462.0472440944882 41.10236220472441 20.976377952755904 tout
205.22834645669292 462.0472440944882 46.20472440944882 20.976377952755904 cela,
236.1259842519685 462.0472440944882 46.20472440944882 20.976377952755904 ainsi
267.0236220472441 462.0472440944882 36.0 20.976377952755904 que
287.43307086614175 462.0472440944882 41.10236220472441 20.976377952755904 bien
313.2283464566929 462.0472440944882 61.511811023622045 20.976377952755904 d’autres
359.43307086614175 462.0472440944882 51.30708661417323 20.976377952755904 choses
395.43307086614175 462.0472440944882 56.40944881889764 20.976377952755904 encore,
436.251968503937 462.0472440944882 36.0 20.976377952755904 est
456.9448818897638 462.0472440944882 30.89763779527559 20.976377952755904 la
467.1496062992126 462.0472440944882 36.0 20.976377952755904 leçon

107.71653543307086 473.38582677165357 37.98425196850393 18.141732283464567 que
129.25984251968504 473.38582677165357 48.75590551181102 18.141732283464567 l’île
161.85826771653544 473.38582677165357 37.98425196850393 18.141732283464567 des
183.4015748031496 473.38582677165357 54.14173228346457 18.141732283464567 Sagas,
221.38582677165354 473.38582677165357 43.37007874015748 18.141732283464567 dans
248.31496062992127 473.38582677165357 32.59842519685039 18.141732283464567 le
264.755905511811 473.38582677165357 48.75590551181102 18.141732283464567 nord,
297.07086614173227 473.38582677165357 48.75590551181102 18.141732283464567 donne
329.6692913385827 473.38582677165357 26.929133858267715 18.141732283464567 à
340.4409448818898 473.38582677165357 37.98425196850393 18.141732283464567 ses
361.98425196850394 473.38582677165357 54.14173228346457 18.141732283464567 jeunes
394.5826771653543 473.38582677165357 59.52755905511811 18.141732283464567 artistes.

117.63779527559055 488.9763779527559 48.188976377952756 20.125984251968504 Ainsi
149.95275590551182 488.9763779527559 48.188976377952756 20.125984251968504 donc,
181.98425196850394 488.9763779527559 42.803149606299215 20.125984251968504 nous
208.62992125984252 488.9763779527559 64.34645669291339 20.125984251968504 espérons
257.1023622047244 488.9763779527559 32.031496062992126 20.125984251968504 et
272.9763779527559 488.9763779527559 42.803149606299215 20.125984251968504 nous
299.90551181102364 488.9763779527559 58.960629921259844 20.125984251968504 croyons
342.70866141732284 488.9763779527559 37.41732283464567 20.125984251968504 que
364.251968503937 488.9763779527559 37.41732283464567 20.125984251968504 les
385.51181102362204 488.9763779527559 58.960629921259844 20.125984251968504 travaux
428.31496062992125 488.9763779527559 32.031496062992126 20.125984251968504 de
444.4724409448819 488.9763779527559 48.188976377952756 20.125984251968504 cette
471.40157480314963 488.9763779527559 32.031496062992126 20.125984251968504 très

108.0 499.46456692913387 45.63779527559055 22.393700787401574 jeune
138.33070866141733 499.46456692913387 70.86614173228347 22.393700787401574 génération
194.17322834645668 499.46456692913387 30.330708661417322 22.393700787401574 ne
209.48031496062993 499.46456692913387 40.53543307086614 22.393700787401574 sont
234.70866141732284 499.46456692913387 35.43307086614173 22.393700787401574 pas
255.11811023622047 499.46456692913387 30.330708661417322 22.393700787401574 le
270.1417322834646 499.46456692913387 50.74015748031496 22.393700787401574 miroir
305.8582677165354 499.46456692913387 45.63779527559055 22.393700787401574 d’une
336.18897637795277 499.46456692913387 65.76377952755905 22.393700787401574 influence
386.92913385826773 499.46456692913387 65.76377952755905 22.393700787401574 étrangère
432.56692913385825 499.46456692913387 70.86614173228347 22.393700787401574 nourricière,

108.56692913385827 513.6377952755905 37.41732283464567 21.826771653543307 mais
132.09448818897638 513.6377952755905 28.062992125984252 21.826771653543307 un
146.26771653543307 513.6377952755905 42.23622047244095 21.826771653543307 fruit
174.33070866141733 513.6377952755905 32.881889763779526 21.826771653543307 qui
193.03937007874015 513.6377952755905 23.52755905511811 21.826771653543307 a
202.6771653543307 513.6377952755905 37.41732283464567 21.826771653543307 reçu
225.92125984251967 513.6377952755905 28.062992125984252 21.826771653543307 sa
240.09448818897638 513.6377952755905 42.23622047244095 21.826771653543307 saine
268.15748031496065 513.6377952755905 65.76377952755905 21.826771653543307 nourriture
319.748031496063 513.6377952755905 28.062992125984252 21.826771653543307 du
333.9212598425197 513.6377952755905 51.59055118110236 21.826771653543307 soleil.
371.33858267716533 513.6377952755905 42.23622047244095 21.826771653543307 C’est
399.68503937007875 513.6377952755905 37.41732283464567 21.826771653543307 avec
423.21259842519686 513.6377952755905 42.23622047244095 21.826771653543307 cette
446.45669291338584 513.6377952755905 56.40944881889764 21.826771653543307 conviction

108.0 527.2440944881889 38.267716535433074 21.25984251968504 que
129.82677165354332 527.2440944881889 43.93700787401575 21.25984251968504 nous
157.3228346456693 527.2440944881889 43.93700787401575 21.25984251968504 nous
184.53543307086613 527.2440944881889 76.53543307086615 21.25984251968504 permettons
244.91338582677164 527.2440944881889 65.76377952755905 21.25984251968504 d’offrir
293.9527559055118 527.2440944881889 38.267716535433074 21.25984251968504 ces
316.06299212598424 527.2440944881889 71.14960629921259 21.25984251968504 peintures
370.7716535433071 527.2440944881889 32.881889763779526 21.25984251968504 au
387.21259842519686 527.2440944881889 54.70866141732284 21.25984251968504 peuple
425.4803149606299 527.2440944881889 32.881889763779526 21.25984251968504 de
436.251968503937 527.2440944881889 43.93700787401575 21.25984251968504 Paris.

387.7795275590551 557.2913385826772 49.889763779527556 19.84251968503937 Bjôrn
420.9448818897638 557.2913385826772 38.83464566929134 19.84251968503937 Th.
437.38582677165357 557.2913385826772 66.33070866141732 19.84251968503937 Bjornsson,

120.4724409448819 594.992125984252 27.212598425196852 17.007874015748033 62
