480.18897637795277 628.7244094488188
205.79527559055117 221.38582677165354 51.874015748031496 17.007874015748033 NOTES

41.669291338582674 235.55905511811022 29.763779527559056 21.826771653543307 La
56.40944881889764 235.55905511811022 59.24409448818898 21.826771653543307 Biennale
100.91338582677166 235.55905511811022 29.763779527559056 21.826771653543307 ne
115.65354330708661 235.55905511811022 29.763779527559056 21.826771653543307 se
130.39370078740157 235.55905511811022 49.32283464566929 21.826771653543307 charge
164.9763779527559 235.55905511811022 34.58267716535433 21.826771653543307 pas
184.8188976377953 235.55905511811022 29.763779527559056 21.826771653543307 de
199.55905511811022 235.55905511811022 49.32283464566929 21.826771653543307 vendre
234.14173228346456 235.55905511811022 34.58267716535433 21.826771653543307 les
253.98425196850394 235.55905511811022 49.32283464566929 21.826771653543307 œuvres
288.56692913385825 235.55905511811022 64.34645669291339 21.826771653543307 exposées.
337.8897637795276 235.55905511811022 39.40157480314961 21.826771653543307 Elle
362.5511811023622 235.55905511811022 34.58267716535433 21.826771653543307 est
382.3937007874016 235.55905511811022 64.34645669291339 21.826771653543307 néanmoins
426.8976377952756 235.55905511811022 14.740157480314961 21.826771653543307 à

32.31496062992126 249.4488188976378 29.763779527559056 17.007874015748033 la
47.05511811023622 249.4488188976378 73.98425196850394 17.007874015748033 disposition
106.2992125984252 249.4488188976378 34.58267716535433 17.007874015748033 des
126.14173228346456 249.4488188976378 64.34645669291339 17.007874015748033 visiteurs
175.46456692913387 249.4488188976378 39.40157480314961 17.007874015748033 pour
200.1259842519685 249.4488188976378 39.40157480314961 17.007874015748033 leur
224.78740157480314 249.4488188976378 49.32283464566929 17.007874015748033 donner
259.37007874015745 249.4488188976378 39.40157480314961 17.007874015748033 tous
284.0314960629921 249.4488188976378 89.00787401574803 17.007874015748033 renseignements
358.2992125984252 249.4488188976378 34.58267716535433 17.007874015748033 sur
377.8582677165354 249.4488188976378 34.58267716535433 17.007874015748033 les
392.88188976377955 249.4488188976378 49.32283464566929 17.007874015748033 artistes

32.031496062992126 259.37007874015745 62.92913385826772 21.826771653543307 exposants
80.50393700787401 259.37007874015745 29.19685039370079 21.826771653543307 et
94.96062992125984 259.37007874015745 38.83464566929134 21.826771653543307 pour
119.33858267716535 259.37007874015745 48.47244094488189 21.826771653543307 mettre
153.0708661417323 259.37007874015745 34.01574803149607 21.826771653543307 ces
172.62992125984252 259.37007874015745 58.110236220472444 21.826771653543307 artistes
216.0 259.37007874015745 29.19685039370079 21.826771653543307 en
230.74015748031496 259.37007874015745 53.29133858267716 21.826771653543307 rapport
269.29133858267716 259.37007874015745 38.83464566929134 21.826771653543307 avec
293.6692913385827 259.37007874015745 34.01574803149607 21.826771653543307 les
312.9448818897638 259.37007874015745 62.92913385826772 21.826771653543307 acheteurs
356.59842519685037 259.37007874015745 58.110236220472444 21.826771653543307 éventuels.

34.86614173228347 425.76377952755905 38.267716535433074 18.141732283464567 Les
56.69291338582677 425.76377952755905 54.70866141732284 18.141732283464567 œuvres
94.96062992125984 425.76377952755905 65.76377952755905 18.141732283464567 marquées
144.56692913385828 425.76377952755905 27.496062992125985 18.141732283464567 *
155.33858267716536 425.76377952755905 43.93700787401575 18.141732283464567 sont
177.4488188976378 425.76377952755905 71.14960629921259 18.141732283464567 reproduites

35.43307086614173 441.9212598425197 23.244094488188978 12.755905511811024 à
44.503937007874015 441.9212598425197 28.062992125984252 12.755905511811024 la
58.67716535433071 441.9212598425197 32.59842519685039 12.755905511811024 fin
77.38582677165354 441.9212598425197 28.062992125984252 12.755905511811024 du
86.74015748031496 441.9212598425197 55.84251968503937 12.755905511811024 catalogue.

35.1496062992126 457.79527559055117 30.89763779527559 16.15748031496063 Le
50.45669291338583 457.79527559055117 56.40944881889764 16.15748031496063 premier
91.55905511811024 457.79527559055117 56.40944881889764 16.15748031496063 chiffre
132.66141732283464 457.79527559055117 36.0 16.15748031496063 des
148.251968503937 457.79527559055117 61.511811023622045 16.15748031496063 dimensions

35.1496062992126 468.8503937007874 34.86614173228347 11.338582677165354 des
55.275590551181104 468.8503937007874 49.889763779527556 11.338582677165354 œuvres
90.14173228346456 468.8503937007874 29.763779527559056 11.338582677165354 se
104.88188976377953 468.8503937007874 49.889763779527556 11.338582677165354 réfère
139.748031496063 468.8503937007874 24.944881889763778 11.338582677165354 à
144.8503937007874 468.8503937007874 29.763779527559056 11.338582677165354 leur

34.86614173228347 477.9212598425197 64.06299212598425 12.472440944881889 hauteur;
82.77165354330708 477.9212598425197 32.031496062992126 12.472440944881889 le
98.92913385826772 477.9212598425197 58.67716535433071 12.472440944881889 second,
141.4488188976378 477.9212598425197 26.64566929133858 12.472440944881889 à
146.83464566929135 477.9212598425197 32.031496062992126 12.472440944881889 leur

35.43307086614173 486.4251968503937 60.661417322834644 13.88976377952756 largeur;
80.78740157480316 486.4251968503937 30.330708661417322 13.88976377952756 le
96.09448818897638 486.4251968503937 70.58267716535433 13.88976377952756 troisième,
151.37007874015748 486.4251968503937 25.228346456692915 13.88976377952756 à
156.4724409448819 486.4251968503937 30.330708661417322 13.88976377952756 leur

35.71653543307087 495.496062992126 76.25196850393701 20.409448818897637 profondeur
95.5275590551181 495.496062992126 49.039370078740156 20.409448818897637 (pour
128.1259842519685 495.496062992126 37.98425196850393 20.409448818897637 les
144.28346456692913 495.496062992126 76.25196850393701 20.409448818897637 sculptures).

36.28346456692913 513.9212598425197 35.1496062992126 14.173228346456693 Les
56.40944881889764 513.9212598425197 60.37795275590551 14.173228346456693 gravures
101.76377952755905 513.9212598425197 35.1496062992126 14.173228346456693 des
122.1732283464567 513.9212598425197 70.58267716535433 14.173228346456693 différents
172.3464566929134 513.9212598425197 30.330708661417322 14.173228346456693 pays

36.56692913385827 524.9763779527559 85.03937007874016 15.874015748031496 participants,
106.86614173228347 524.9763779527559 45.07086614173228 15.874015748031496 ainsi
136.91338582677164 524.9763779527559 35.1496062992126 15.874015748031496 que
156.75590551181102 524.9763779527559 50.173228346456696 15.874015748031496 celles
191.90551181102362 524.9763779527559 30.04724409448819 15.874015748031496 de
201.82677165354332 524.9763779527559 20.125984251968504 15.874015748031496 la

36.8503937007874 534.8976377952756 78.51968503937007 14.173228346456693 participation
101.48031496062993 534.8976377952756 60.09448818897638 14.173228346456693 française
147.68503937007873 534.8976377952756 32.31496062992126 14.173228346456693 ont
161.5748031496063 534.8976377952756 23.244094488188978 14.173228346456693 été

36.0 542.5511811023622 63.496062992125985 15.874015748031496 groupées
83.62204724409449 542.5511811023622 42.23622047244095 15.874015748031496 dans
110.26771653543307 542.5511811023622 37.13385826771653 15.874015748031496 une
131.24409448818898 542.5511811023622 47.62204724409449 15.874015748031496 salle
157.88976377952756 542.5511811023622 42.23622047244095 15.874015748031496 unique

36.56692913385827 552.1889763779527 65.76377952755905 14.456692913385826 consacrée
87.30708661417323 552.1889763779527 25.228346456692915 14.456692913385826 à
97.22834645669292 552.1889763779527 30.330708661417322 14.456692913385826 la
112.53543307086615 552.1889763779527 55.55905511811024 14.456692913385826 gravure
147.96850393700788 552.1889763779527 85.88976377952756 14.456692913385826 internationale.

401.38582677165357 591.8740157480315 23.811023622047244 17.007874015748033 1
