515.3385826771654 622.7716535433071
56.69291338582677 2.5511811023622046 131.81102362204723 20.125984251968504 LUXEMBOURG

160.15748031496062 124.44094488188976 67.74803149606299 18.992125984251967 Commissaire
214.29921259842519 124.44094488188976 49.60629921259842 18.992125984251967 Général
250.58267716535434 124.44094488188976 22.677165354330707 18.992125984251967 :
259.65354330708664 124.44094488188976 63.21259842519685 18.992125984251967 Edouard
305.00787401574803 124.44094488188976 54.14173228346457 18.992125984251967 Probst

159.30708661417322 138.61417322834646 73.7007874015748 14.173228346456693 Conseiller
217.41732283464566 138.61417322834646 31.46456692913386 14.173228346456693 du
227.90551181102362 138.61417322834646 73.7007874015748 14.173228346456693 Gouvernement

159.30708661417322 147.11811023622047 28.913385826771652 20.976377952755904 au
173.76377952755905 147.11811023622047 62.92913385826772 20.976377952755904 Ministère
222.23622047244095 147.11811023622047 28.913385826771652 20.976377952755904 de
236.69291338582678 147.11811023622047 72.56692913385827 20.976377952755904 l’Education
289.98425196850394 147.11811023622047 58.110236220472444 20.976377952755904 Nationale.

114.80314960629921 230.17322834645668 48.75590551181102 15.307086614173228 Comme
147.4015748031496 230.17322834645668 43.37007874015748 15.307086614173228 pour
174.33070866141733 230.17322834645668 32.59842519685039 15.307086614173228 la
190.77165354330708 230.17322834645668 65.19685039370079 15.307086614173228 première
239.5275590551181 230.17322834645668 70.58267716535433 15.307086614173228 Biennale,
293.6692913385827 230.17322834645668 32.59842519685039 15.307086614173228 le
310.1102362204724 230.17322834645668 48.75590551181102 15.307086614173228 souci
342.4251968503937 230.17322834645668 92.1259842519685 15.307086614173228 d’homogénéité
418.3937007874016 230.17322834645668 27.212598425196852 15.307086614173228 a
429.1653543307087 230.17322834645668 54.14173228346457 15.307086614173228 encore
461.76377952755905 230.17322834645668 37.98425196850393 15.307086614173228 guidé

105.73228346456693 240.9448818897638 31.181102362204726 20.409448818897637 le
121.32283464566929 240.9448818897638 46.77165354330709 20.409448818897637 choix
152.2204724409449 240.9448818897638 36.28346456692913 20.409448818897637 des
173.1968503937008 240.9448818897638 62.36220472440945 20.409448818897637 artistes
219.68503937007873 240.9448818897638 83.05511811023622 20.409448818897637 représentant
287.1496062992126 240.9448818897638 31.181102362204726 20.409448818897637 le
302.74015748031496 240.9448818897638 77.95275590551181 20.409448818897637 Luxembourg.
365.1023622047244 240.9448818897638 41.38582677165354 20.409448818897637 Mais
391.18110236220474 240.9448818897638 46.77165354330709 20.409448818897637 alors
422.0787401574803 240.9448818897638 46.77165354330709 20.409448818897637 qu’il
453.25984251968504 240.9448818897638 26.078740157480315 20.409448818897637 y
463.748031496063 240.9448818897638 26.078740157480315 20.409448818897637 a
468.8503937007874 240.9448818897638 31.181102362204726 20.409448818897637 deux

105.44881889763779 259.37007874015745 36.8503937007874 14.173228346456693 ans
126.70866141732283 259.37007874015745 47.338582677165356 14.173228346456693 notre
158.17322834645668 259.37007874015745 47.338582677165356 14.173228346456693 envoi
189.63779527559055 259.37007874015745 73.7007874015748 14.173228346456693 comprenait
247.46456692913387 259.37007874015745 36.8503937007874 14.173228346456693 des
268.7244094488189 259.37007874015745 52.724409448818896 14.173228346456693 œuvres
305.5748031496063 259.37007874015745 73.7007874015748 14.173228346456693 reflétant,
363.40157480314963 259.37007874015745 41.95275590551181 14.173228346456693 plus
389.4803149606299 259.37007874015745 31.46456692913386 14.173228346456693 ou
405.3543307086614 259.37007874015745 47.338582677165356 14.173228346456693 moins
431.7165354330709 259.37007874015745 68.31496062992126 14.173228346456693 transformé,

105.73228346456693 270.70866141732284 30.04724409448819 17.291338582677167 le
120.75590551181102 270.70866141732284 45.07086614173228 17.291338582677167 monde
150.8031496062992 270.70866141732284 70.01574803149606 17.291338582677167 extérieur,
205.79527559055117 270.70866141732284 34.86614173228347 17.291338582677167 les
225.63779527559055 270.70866141732284 60.09448818897638 17.291338582677167 peintres
270.70866141732284 270.70866141732284 45.07086614173228 17.291338582677167 Henri
300.755905511811 270.70866141732284 70.01574803149606 17.291338582677167 Dillenburg
355.748031496063 270.70866141732284 30.04724409448819 17.291338582677167 et
370.7716535433071 270.70866141732284 45.07086614173228 17.291338582677167 Roger
400.53543307086613 270.70866141732284 64.91338582677166 17.291338582677167 Bertemes,
450.70866141732284 270.70866141732284 30.04724409448819 17.291338582677167 le
460.62992125984255 270.70866141732284 39.968503937007874 17.291338582677167 dessi-

105.73228346456693 285.73228346456693 52.724409448818896 19.275590551181104 nateur
142.58267716535434 285.73228346456693 36.8503937007874 19.275590551181104 Ben
163.84251968503938 285.73228346456693 52.724409448818896 19.275590551181104 Heyart
200.40944881889763 285.73228346456693 31.46456692913386 19.275590551181104 et
216.28346456692913 285.73228346456693 31.46456692913386 19.275590551181104 le
232.15748031496062 285.73228346456693 68.31496062992126 19.275590551181104 sculpteur
284.59842519685037 285.73228346456693 52.724409448818896 19.275590551181104 Robert
321.4488188976378 285.73228346456693 57.826771653543304 19.275590551181104 Kemmer,
363.68503937007875 285.73228346456693 36.8503937007874 19.275590551181104 qui
384.66141732283467 285.73228346456693 63.21259842519685 19.275590551181104 exposent
432.0 285.73228346456693 47.338582677165356 19.275590551181104 cette
458.3622047244094 285.73228346456693 41.95275590551181 19.275590551181104 année,

106.01574803149606 300.4724409448819 30.89763779527559 16.440944881889763 se
121.32283464566929 300.4724409448819 41.10236220472441 16.440944881889763 sont
147.11811023622047 300.4724409448819 46.20472440944882 16.440944881889763 voués
177.73228346456693 300.4724409448819 30.89763779527559 16.440944881889763 au
193.03937007874015 300.4724409448819 92.40944881889764 16.440944881889763 non-figuratif.
270.1417322834646 300.4724409448819 36.0 16.440944881889763 Ils
290.5511811023622 300.4724409448819 30.89763779527559 16.440944881889763 en
305.8582677165354 300.4724409448819 66.61417322834646 16.440944881889763 explorent
357.1653543307087 300.4724409448819 66.61417322834646 16.440944881889763 largement
408.4724409448819 300.4724409448819 36.0 16.440944881889763 les
424.06299212598424 300.4724409448819 76.81889763779527 16.440944881889763 possibilités:

106.2992125984252 316.62992125984255 75.68503937007874 15.590551181102363 Dillenburg
165.82677165354332 316.62992125984255 32.31496062992126 15.590551181102363 et
181.98425196850394 316.62992125984255 70.2992125984252 15.590551181102363 Bertemes,
236.1259842519685 316.62992125984255 32.31496062992126 15.590551181102363 le
252.28346456692913 316.62992125984255 59.52755905511811 15.590551181102363 domaine
295.37007874015745 316.62992125984255 32.31496062992126 15.590551181102363 du
311.81102362204723 316.62992125984255 86.45669291338582 15.590551181102363 géométrique,
381.8267716535433 316.62992125984255 37.7007874015748 15.590551181102363 des
403.65354330708664 316.62992125984255 54.14173228346457 15.590551181102363 formes
435.9685039370079 316.62992125984255 64.91338582677166 15.590551181102363 élaborées,

104.88188976377953 330.8031496062992 90.70866141732283 16.15748031496063 charpentées;
178.58267716535434 330.8031496062992 56.69291338582677 16.15748031496063 Heyart
218.26771653543307 330.8031496062992 34.01574803149607 16.15748031496063 et
235.2755905511811 330.8031496062992 62.36220472440945 16.15748031496063 Kemmer,
280.62992125984255 330.8031496062992 73.7007874015748 16.15748031496063 l’étendue
337.03937007874015 330.8031496062992 45.354330708661415 16.15748031496063 plus
365.38582677165357 330.8031496062992 62.36220472440945 16.15748031496063 dégagée
410.74015748031496 330.8031496062992 56.69291338582677 16.15748031496063 qu’est
450.4251968503937 330.8031496062992 51.023622047244096 16.15748031496063 celle
478.7716535433071 330.8031496062992 22.677165354330707 16.15748031496063 de

106.01574803149606 343.84251968503935 77.38582677165354 16.15748031496063 l’invention
167.81102362204723 343.84251968503935 66.89763779527559 16.15748031496063 spontanée
219.4015748031496 343.84251968503935 30.89763779527559 16.15748031496063 et
229.60629921259843 343.84251968503935 51.59055118110236 16.15748031496063 ingénue.

114.80314960629921 360.0 65.48031496062993 15.874015748031496 Renonçant
165.25984251968504 360.0 25.228346456692915 15.874015748031496 à
175.1811023622047 360.0 60.37795275590551 15.874015748031496 morceler
220.53543307086613 360.0 35.1496062992126 15.874015748031496 les
240.66141732283464 360.0 60.37795275590551 15.874015748031496 surfaces
285.73228346456693 360.0 30.04724409448819 15.874015748031496 au
301.03937007874015 360.0 45.354330708661415 15.874015748031496 point
331.0866141732283 360.0 30.04724409448819 15.874015748031496 de
346.1102362204724 360.0 35.1496062992126 15.874015748031496 les
366.23622047244095 360.0 65.48031496062993 15.874015748031496 émietter,
416.40944881889766 360.0 45.354330708661415 15.874015748031496 Henri
441.6377952755906 360.0 60.37795275590551 15.874015748031496 Dillenburg

105.73228346456693 374.1732283464567 32.031496062992126 13.32283464566929 se
121.88976377952756 374.1732283464567 53.574803149606296 13.32283464566929 tourne
159.30708661417322 374.1732283464567 42.803149606299215 13.32283464566929 vers
185.95275590551182 374.1732283464567 37.41732283464567 13.32283464566929 des
207.49606299212599 374.1732283464567 74.83464566929133 13.32283464566929 structures
266.1732283464567 374.1732283464567 69.44881889763779 13.32283464566929 austères,
319.748031496063 374.1732283464567 48.188976377952756 13.32283464566929 qu’on
351.7795275590551 374.1732283464567 53.574803149606296 13.32283464566929 dirait
389.4803149606299 374.1732283464567 80.22047244094489 13.32283464566929 développées
453.54330708661416 374.1732283464567 26.64566929133858 13.32283464566929 à
458.92913385826773 374.1732283464567 42.803149606299215 13.32283464566929 partir

105.44881889763779 388.06299212598424 42.23622047244095 17.291338582677167 d’un
132.09448818897638 388.06299212598424 58.110236220472444 17.291338582677167 élément
174.33070866141733 388.06299212598424 79.37007874015748 17.291338582677167 générateur.
237.82677165354332 388.06299212598424 31.748031496062993 17.291338582677167 La
253.70078740157481 388.06299212598424 63.496062992125985 17.291338582677167 sévérité
301.3228346456693 388.06299212598424 31.748031496062993 17.291338582677167 de
317.1968503937008 388.06299212598424 37.13385826771653 17.291338582677167 ces
338.45669291338584 388.06299212598424 79.37007874015748 17.291338582677167 déductions,
401.9527559055118 388.06299212598424 31.748031496062993 17.291338582677167 il
417.8267716535433 388.06299212598424 31.748031496062993 17.291338582677167 la
433.7007874015748 388.06299212598424 63.496062992125985 17.291338582677167 compense
476.2204724409449 388.06299212598424 26.362204724409448 17.291338582677167 par

105.73228346456693 402.8031496062992 32.031496062992126 13.606299212598426 la
121.88976377952756 402.8031496062992 58.960629921259844 13.606299212598426 chaleur
164.69291338582678 402.8031496062992 32.031496062992126 13.606299212598426 du
180.8503937007874 402.8031496062992 64.34645669291339 13.606299212598426 coloris.
229.03937007874015 402.8031496062992 48.188976377952756 13.606299212598426 Roger
261.07086614173227 402.8031496062992 64.34645669291339 13.606299212598426 Bertemes
309.25984251968504 402.8031496062992 32.031496062992126 13.606299212598426 ne
325.4173228346457 402.8031496062992 58.960629921259844 13.606299212598426 cherche
368.2204724409449 402.8031496062992 37.41732283464567 13.606299212598426 pas
389.76377952755905 402.8031496062992 48.188976377952756 13.606299212598426 cette
421.79527559055117 402.8031496062992 69.73228346456693 13.606299212598426 polarité.
470.26771653543307 402.8031496062992 32.031496062992126 13.606299212598426 Chez

106.01574803149606 417.8267716535433 39.68503937007874 13.606299212598426 lui,
130.96062992125985 417.8267716535433 34.86614173228347 13.606299212598426 les
150.8031496062992 417.8267716535433 59.52755905511811 13.606299212598426 contours
195.59055118110237 417.8267716535433 29.763779527559056 13.606299212598426 et
210.33070866141733 417.8267716535433 34.86614173228347 13.606299212598426 les
230.17322834645668 417.8267716535433 39.68503937007874 13.606299212598426 tons
255.11811023622047 417.8267716535433 89.29133858267717 13.606299212598426 s’équilibrent,
329.38582677165357 417.8267716535433 29.763779527559056 13.606299212598426 se
344.40944881889766 417.8267716535433 69.44881889763779 13.606299212598426 conciliant
398.8346456692913 417.8267716535433 29.763779527559056 13.606299212598426 en
413.8582677165354 417.8267716535433 34.86614173228347 13.606299212598426 une
433.7007874015748 417.8267716535433 59.52755905511811 13.606299212598426 harmonie
473.38582677165357 417.8267716535433 29.763779527559056 13.606299212598426 plus

106.2992125984252 430.5826771653543 61.79527559055118 14.173228346456693 réservée
152.78740157480314 430.5826771653543 30.89763779527559 14.173228346456693 et
168.09448818897638 430.5826771653543 77.38582677165354 14.173228346456693 insinuante.
230.17322834645668 430.5826771653543 41.38582677165354 14.173228346456693 Pour
255.96850393700788 430.5826771653543 36.0 14.173228346456693 Ben
276.37795275590554 430.5826771653543 56.69291338582677 14.173228346456693 Heyart,
317.76377952755905 430.5826771653543 30.89763779527559 14.173228346456693 le
333.07086614173227 430.5826771653543 51.59055118110236 14.173228346456693 dessin
369.3543307086614 430.5826771653543 61.79527559055118 14.173228346456693 consiste
415.84251968503935 430.5826771653543 25.79527559055118 14.173228346456693 à
426.0472440944882 430.5826771653543 77.38582677165354 14.173228346456693 interprêter
482.74015748031496 430.5826771653543 20.69291338582677 14.173228346456693 la

106.2992125984252 448.7244094488189 58.110236220472444 15.023622047244094 poussée
148.8188976377953 448.7244094488189 42.23622047244095 15.023622047244094 d’un
175.1811023622047 448.7244094488189 47.62204724409449 15.023622047244094 essor
206.9291338582677 448.7244094488189 47.62204724409449 15.023622047244094 vital
238.6771653543307 448.7244094488189 68.88188976377953 15.023622047244094 cherchant
291.68503937007875 448.7244094488189 37.13385826771653 15.023622047244094 ses
312.9448818897638 448.7244094488189 58.110236220472444 15.023622047244094 formes;
355.18110236220474 448.7244094488189 53.00787401574803 15.023622047244094 aussi,
392.31496062992125 448.7244094488189 31.748031496062993 15.023622047244094 la
408.18897637795277 448.7244094488189 95.24409448818898 15.023622047244094 transpose-t-il
482.1732283464567 448.7244094488189 21.25984251968504 15.023622047244094 en

106.58267716535433 461.4803149606299 36.56692913385827 12.472440944881889 des
127.2755905511811 461.4803149606299 83.62204724409449 12.472440944881889 palpitations
195.30708661417322 461.4803149606299 31.46456692913386 12.472440944881889 et
210.89763779527559 461.4803149606299 36.56692913385827 12.472440944881889 des
231.8740157480315 461.4803149606299 94.11023622047244 12.472440944881889 efflorescences
310.3937007874016 461.4803149606299 52.15748031496063 12.472440944881889 telles
346.96062992125985 461.4803149606299 36.56692913385827 12.472440944881889 que
367.93700787401576 461.4803149606299 36.56692913385827 12.472440944881889 les
388.62992125984255 461.4803149606299 73.13385826771653 12.472440944881889 produirait
446.1732283464567 461.4803149606299 36.56692913385827 12.472440944881889 une
461.76377952755905 461.4803149606299 41.95275590551181 12.472440944881889 nature

106.2992125984252 475.65354330708664 84.18897637795276 15.874015748031496 imaginaire.
173.48031496062993 475.65354330708664 56.125984251968504 15.874015748031496 Robert
212.88188976377953 475.65354330708664 56.125984251968504 15.874015748031496 Kemmer
252.0 475.65354330708664 28.062992125984252 15.874015748031496 a
263.33858267716533 475.65354330708664 61.511811023622045 15.874015748031496 recours
308.12598425196853 475.65354330708664 33.732283464566926 15.874015748031496 au
324.8503937007874 475.65354330708664 50.45669291338583 15.874015748031496 métal
358.5826771653543 475.65354330708664 44.78740157480315 15.874015748031496 pour
386.6456692913386 475.65354330708664 72.85039370078741 15.874015748031496 délimiter
442.7716535433071 475.65354330708664 33.732283464566926 15.874015748031496 un
453.8267716535433 475.65354330708664 50.45669291338583 15.874015748031496 volume,

106.58267716535433 488.9763779527559 43.08661417322835 14.740157480314961 mais
133.51181102362204 488.9763779527559 32.31496062992126 14.740157480314961 en
149.66929133858267 488.9763779527559 70.01574803149606 14.740157480314961 découpant
203.5275590551181 488.9763779527559 43.08661417322835 14.740157480314961 dans
230.17322834645668 488.9763779527559 59.24409448818898 14.740157480314961 l’acier
273.25984251968504 488.9763779527559 37.7007874015748 14.740157480314961 des
294.8031496062992 488.9763779527559 53.85826771653543 14.740157480314961 pièces
332.503937007874 488.9763779527559 53.85826771653543 14.740157480314961 menues
370.20472440944883 488.9763779527559 48.47244094488189 14.740157480314961 qu’il
402.5196850393701 488.9763779527559 64.62992125984252 14.740157480314961 assemble
450.70866141732284 488.9763779527559 53.85826771653543 14.740157480314961 autour
483.0236220472441 488.9763779527559 21.543307086614174 14.740157480314961 de

106.86614173228347 503.7165354330709 47.62204724409449 15.590551181102363 larges
140.31496062992127 503.7165354330709 47.62204724409449 15.590551181102363 vides;
173.48031496062993 503.7165354330709 28.62992125984252 15.590551181102363 il
187.6535433070866 503.7165354330709 52.15748031496063 15.590551181102363 appelle
225.92125984251967 503.7165354330709 28.62992125984252 15.590551181102363 la
240.09448818897638 503.7165354330709 52.15748031496063 15.590551181102363 lumière
278.0787401574803 503.7165354330709 28.62992125984252 15.590551181102363 et
292.251968503937 503.7165354330709 28.62992125984252 15.590551181102363 la
306.70866141732284 503.7165354330709 37.98425196850393 15.590551181102363 fait
330.5196850393701 503.7165354330709 42.803149606299215 15.590551181102363 jouer
358.86614173228344 503.7165354330709 33.16535433070866 15.590551181102363 sur
377.8582677165354 503.7165354330709 28.62992125984252 15.590551181102363 de
392.31496062992125 503.7165354330709 61.79527559055118 15.590551181102363 multiples
435.11811023622045 503.7165354330709 52.15748031496063 15.590551181102363 facettes.

416.12598425196853 553.0393700787401 61.22834645669291 20.69291338582677 Edouard
455.244094488189 553.0393700787401 50.173228346456696 20.69291338582677 Probst.

121.32283464566929 596.6929133858267 26.078740157480315 16.440944881889763 76
