519.5905511811023 622.7716535433071
384.09448818897636 4.535433070866142 108.56692913385827 15.590551181102363 PAYS

103.18110236220473 121.60629921259843 65.48031496062993 23.244094488188978 Commissaire
155.33858267716536 121.60629921259843 47.90551181102362 23.244094488188978 Général
190.20472440944883 121.60629921259843 21.826771653543307 23.244094488188978 :
198.99212598425197 121.60629921259843 43.653543307086615 23.244094488188978 Jan
229.3228346456693 121.60629921259843 30.614173228346456 23.244094488188978 Van
246.89763779527559 121.60629921259843 56.69291338582677 23.244094488188978 Heel
286.01574803149606 121.60629921259843 43.653543307086615 23.244094488188978 Peintre.

57.25984251968504 208.3464566929134 36.28346456692913 18.708661417322833 Les
77.95275590551181 208.3464566929134 51.59055118110236 18.708661417322833 œuvres
113.95275590551181 208.3464566929134 36.28346456692913 18.708661417322833 que
134.64566929133858 208.3464566929134 41.38582677165354 18.708661417322833 nous
160.44094488188978 208.3464566929134 72.28346456692914 18.708661417322833 présentons
217.41732283464566 208.3464566929134 46.488188976377955 18.708661417322833 cette
248.31496062992127 208.3464566929134 46.488188976377955 18.708661417322833 année
279.21259842519686 208.3464566929134 25.79527559055118 18.708661417322833 à
289.7007874015748 208.3464566929134 30.89763779527559 18.708661417322833 la
305.29133858267716 208.3464566929134 62.07874015748032 18.708661417322833 Biennale
351.7795275590551 208.3464566929134 30.89763779527559 18.708661417322833 de
367.0866141732283 208.3464566929134 46.488188976377955 18.708661417322833 Paris
392.88188976377955 208.3464566929134 62.07874015748032 18.708661417322833 illustrent

47.90551181102362 225.0708661417323 80.50393700787401 19.84251968503937 parfaitement
113.38582677165354 225.0708661417323 75.4015748031496 19.84251968503937 l’évolution
173.48031496062993 225.0708661417323 30.04724409448819 19.84251968503937 de
188.78740157480314 225.0708661417323 45.354330708661415 19.84251968503937 notre
218.83464566929135 225.0708661417323 35.1496062992126 19.84251968503937 art
238.96062992125985 225.0708661417323 85.32283464566929 19.84251968503937 contemporain,
309.25984251968504 225.0708661417323 70.2992125984252 19.84251968503937 l’aventure
364.53543307086613 225.0708661417323 30.04724409448819 19.84251968503937 de
379.5590551181102 225.0708661417323 45.354330708661415 19.84251968503937 l’art
404.78740157480314 225.0708661417323 50.173228346456696 19.84251968503937 d’avant-

46.77165354330709 239.24409448818898 52.724409448818896 16.15748031496063 garde
81.92125984251969 239.24409448818898 35.1496062992126 16.15748031496063 en
93.54330708661418 239.24409448818898 64.34645669291339 16.15748031496063 Hollande.

57.25984251968504 245.48031496062993 32.31496062992126 24.37795275590551 Il
73.41732283464567 245.48031496062993 43.08661417322835 24.37795275590551 faut
100.34645669291339 245.48031496062993 43.08661417322835 24.37795275590551 voir
127.2755905511811 245.48031496062993 43.08661417322835 24.37795275590551 chez
154.20472440944883 245.48031496062993 37.7007874015748 24.37795275590551 ces
175.748031496063 245.48031496062993 53.85826771653543 24.37795275590551 jeunes
213.4488188976378 245.48031496062993 70.01574803149606 24.37795275590551 exposants
267.3070866141732 245.48031496062993 37.7007874015748 24.37795275590551 une
288.8503937007874 245.48031496062993 59.24409448818898 24.37795275590551 volonté
331.93700787401576 245.48031496062993 32.31496062992126 24.37795275590551 de
348.09448818897636 245.48031496062993 53.85826771653543 24.37795275590551 rester
385.79527559055117 245.48031496062993 59.24409448818898 24.37795275590551 fidèles
428.88188976377955 245.48031496062993 26.929133858267715 24.37795275590551 à
434.26771653543307 245.48031496062993 21.543307086614174 24.37795275590551 la

48.47244094488189 260.78740157480314 54.99212598425197 21.543307086614174 grande
86.74015748031496 260.78740157480314 71.43307086614173 21.543307086614174 tradition
142.01574803149606 260.78740157480314 32.881889763779526 21.543307086614174 de
158.45669291338584 260.78740157480314 32.881889763779526 21.543307086614174 la
174.89763779527559 260.78740157480314 66.04724409448819 21.543307086614174 peinture
224.50393700787401 260.78740157480314 88.15748031496064 21.543307086614174 hollandaise,
295.93700787401576 260.78740157480314 27.496062992125985 21.543307086614174 à
306.99212598425197 260.78740157480314 38.55118110236221 21.543307086614174 ses
329.1023622047244 260.78740157480314 66.04724409448819 21.543307086614174 qualités
373.03937007874015 260.78740157480314 82.48818897637796 21.543307086614174 fondamentales

48.188976377952756 276.66141732283467 61.511811023622045 17.291338582677167 d’ordre
92.97637795275591 276.66141732283467 33.44881889763779 17.291338582677167 et
109.7007874015748 276.66141732283467 33.44881889763779 17.291338582677167 de
121.03937007874016 276.66141732283467 50.173228346456696 17.291338582677167 mesure.

56.976377952755904 287.43307086614175 40.53543307086614 17.291338582677167 Jan
79.93700787401575 287.43307086614175 40.53543307086614 17.291338582677167 Van
103.18110236220473 287.43307086614175 46.20472440944882 17.291338582677167 Eyck
132.09448818897638 287.43307086614175 28.913385826771652 17.291338582677167 —
143.71653543307087 287.43307086614175 34.58267716535433 17.291338582677167 né
161.00787401574803 287.43307086614175 34.58267716535433 17.291338582677167 en
178.29921259842519 287.43307086614175 46.20472440944882 17.291338582677167 1927
207.21259842519686 287.43307086614175 28.913385826771652 17.291338582677167 —
218.83464566929135 287.43307086614175 63.77952755905512 17.291338582677167 cherche
265.03937007874015 287.43307086614175 40.53543307086614 17.291338582677167 une
288.2834645669291 287.43307086614175 81.07086614173228 17.291338582677167 expression
352.06299212598424 287.43307086614175 75.11811023622047 17.291338582677167 abstraite
409.8897637795276 287.43307086614175 34.58267716535433 17.291338582677167 ou
421.51181102362204 287.43307086614175 34.58267716535433 17.291338582677167 non.

49.60629921259842 300.18897637795277 43.37007874015748 18.992125984251967 Dans
76.81889763779527 300.18897637795277 37.98425196850393 18.992125984251967 ses
98.36220472440945 300.18897637795277 87.02362204724409 18.992125984251967 compositions
168.9448818897638 300.18897637795277 32.59842519685039 18.992125984251967 il
185.38582677165354 300.18897637795277 65.19685039370079 18.992125984251967 présente
234.14173228346456 300.18897637795277 37.98425196850393 18.992125984251967 une
255.96850393700788 300.18897637795277 48.75590551181102 18.992125984251967 image
288.56692913385825 300.18897637795277 54.425196850393704 18.992125984251967 claire
326.5511811023622 300.18897637795277 32.59842519685039 18.992125984251967 et
342.99212598425197 300.18897637795277 59.811023622047244 18.992125984251967 hardie,
386.3622047244094 300.18897637795277 37.98425196850393 18.992125984251967 aux
402.5196850393701 300.18897637795277 54.425196850393704 18.992125984251967 couleurs

48.75590551181102 314.3622047244094 63.77952755905512 18.141732283464567 sombres,
96.66141732283465 314.3622047244094 47.62204724409449 18.141732283464567 d’une
128.40944881889763 314.3622047244094 68.88188976377953 18.141732283464567 précision
181.41732283464566 314.3622047244094 31.748031496062993 18.141732283464567 de
197.29133858267716 314.3622047244094 79.65354330708661 18.141732283464567 proportions
261.07086614173227 314.3622047244094 31.748031496062993 18.141732283464567 et
276.9448818897638 314.3622047244094 31.748031496062993 18.141732283464567 de
292.81889763779526 314.3622047244094 53.00787401574803 18.141732283464567 lignes
329.9527559055118 314.3622047244094 37.13385826771653 18.141732283464567 qui
351.21259842519686 314.3622047244094 58.39370078740158 18.141732283464567 suggère
388.34645669291336 314.3622047244094 68.88188976377953 18.141732283464567 l’assurance

49.32283464566929 325.98425196850394 30.330708661417322 19.559055118110237 et
64.62992125984252 325.98425196850394 30.330708661417322 19.559055118110237 la
79.65354330708661 325.98425196850394 55.275590551181104 19.559055118110237 fermeté
119.90551181102362 325.98425196850394 55.275590551181104 19.559055118110237 absolue
160.15748031496062 325.98425196850394 35.1496062992126 19.559055118110237 des
180.28346456692913 325.98425196850394 65.48031496062993 19.559055118110237 solutions
230.45669291338584 325.98425196850394 70.58267716535433 19.559055118110237 auxquelles
286.01574803149606 325.98425196850394 35.1496062992126 19.559055118110237 est
306.1417322834646 325.98425196850394 40.25196850393701 19.559055118110237 déjà
331.0866141732283 325.98425196850394 50.45669291338583 19.559055118110237 arrivé
366.5196850393701 325.98425196850394 30.330708661417322 19.559055118110237 le
381.54330708661416 325.98425196850394 45.354330708661415 19.559055118110237 jeune
406.7716535433071 325.98425196850394 50.45669291338583 19.559055118110237 peintre.

58.67716535433071 342.70866141732284 39.40157480314961 15.590551181102363 Les
81.07086614173228 342.70866141732284 56.125984251968504 15.590551181102363 images
120.4724409448819 342.70866141732284 33.732283464566926 15.590551181102363 de
137.1968503937008 342.70866141732284 56.125984251968504 15.590551181102363 Gérard
176.5984251968504 342.70866141732284 61.79527559055118 15.590551181102363 Verdijk
221.38582677165354 342.70866141732284 28.062992125984252 15.590551181102363 —
232.7244094488189 342.70866141732284 33.732283464566926 15.590551181102363 né
249.4488188976378 342.70866141732284 33.732283464566926 15.590551181102363 en
266.45669291338584 342.70866141732284 44.78740157480315 15.590551181102363 1934
294.5196850393701 342.70866141732284 28.062992125984252 15.590551181102363 —
305.5748031496063 342.70866141732284 72.85039370078741 15.590551181102363 racontent
361.7007874015748 342.70866141732284 50.45669291338583 15.590551181102363 d’une
395.43307086614175 342.70866141732284 44.78740157480315 15.590551181102363 voix
417.8267716535433 342.70866141732284 39.40157480314961 15.590551181102363 basse

49.889763779527556 353.1968503937008 77.10236220472441 18.708661417322833 l’aventure
110.55118110236221 353.1968503937008 33.16535433070866 18.708661417322833 de
126.99212598425197 353.1968503937008 49.60629921259842 18.708661417322833 l’art
160.15748031496062 353.1968503937008 93.8267716535433 18.708661417322833 contemporain;
237.25984251968504 353.1968503937008 38.55118110236221 18.708661417322833 ses
259.37007874015745 353.1968503937008 55.275590551181104 18.708661417322833 œuvres
297.9212598425197 353.1968503937008 55.275590551181104 18.708661417322833 douces
336.4724409448819 353.1968503937008 66.04724409448819 18.708661417322833 montrent
386.0787401574803 353.1968503937008 33.16535433070866 18.708661417322833 un
397.13385826771656 353.1968503937008 60.661417322834644 18.708661417322833 caractère

49.889763779527556 366.5196850393701 58.67716535433071 18.4251968503937 lyrique
92.40944881889764 366.5196850393701 47.90551181102362 18.4251968503937 qu’on
124.44094488188976 366.5196850393701 63.77952755905512 18.4251968503937 qualifie
172.3464566929134 366.5196850393701 58.67716535433071 18.4251968503937 souvent
214.86614173228347 366.5196850393701 37.13385826771653 18.4251968503937 d’«
236.40944881889763 366.5196850393701 79.93700787401575 18.4251968503937 abstraction
300.18897637795277 366.5196850393701 47.90551181102362 18.4251968503937 douce
326.8346456692913 366.5196850393701 21.25984251968504 18.4251968503937 ».

58.960629921259844 378.99212598425197 33.732283464566926 17.291338582677167 Ce
75.96850393700787 378.99212598425197 39.40157480314961 17.291338582677167 qui
98.36220472440945 378.99212598425197 44.78740157480315 17.291338582677167 rend
126.4251968503937 378.99212598425197 33.732283464566926 17.291338582677167 si
143.1496062992126 378.99212598425197 78.51968503937007 17.291338582677167 touchante,
204.9448818897638 378.99212598425197 33.732283464566926 17.291338582677167 si
221.66929133858267 378.99212598425197 67.46456692913385 17.291338582677167 vraiment
272.40944881889766 378.99212598425197 78.51968503937007 17.291338582677167 pénétrante
333.9212598425197 378.99212598425197 61.79527559055118 17.291338582677167 l’œuvre
378.99212598425197 378.99212598425197 33.732283464566926 17.291338582677167 de
395.7165354330709 378.99212598425197 56.125984251968504 17.291338582677167 Pierre
429.4488188976378 378.99212598425197 28.062992125984252 17.291338582677167 Van

50.74015748031496 392.31496062992125 44.22047244094488 20.125984251968504 Soest
80.22047244094489 392.31496062992125 24.661417322834644 20.125984251968504 —
89.85826771653544 392.31496062992125 29.480314960629922 20.125984251968504 né
104.5984251968504 392.31496062992125 29.480314960629922 20.125984251968504 en
119.33858267716535 392.31496062992125 39.40157480314961 20.125984251968504 1930
144.0 392.31496062992125 24.661417322834644 20.125984251968504 —
153.92125984251967 392.31496062992125 44.22047244094488 20.125984251968504 c’est
183.4015748031496 392.31496062992125 34.2992125984252 20.125984251968504 que
202.96062992125985 392.31496062992125 29.480314960629922 20.125984251968504 sa
217.70078740157481 392.31496062992125 58.960629921259844 20.125984251968504 peinture
261.9212598425197 392.31496062992125 34.2992125984252 20.125984251968504 est
281.4803149606299 392.31496062992125 44.22047244094488 20.125984251968504 faite
310.96062992125985 392.31496062992125 73.7007874015748 20.125984251968504 d’histoires
369.9212598425197 392.31496062992125 44.22047244094488 20.125984251968504 qu’il
399.40157480314963 392.31496062992125 29.480314960629922 20.125984251968504 se
409.3228346456693 392.31496062992125 49.039370078740156 20.125984251968504 raconte;

49.60629921259842 405.07086614173227 42.51968503937008 18.4251968503937 tout
76.25196850393701 405.07086614173227 63.77952755905512 18.4251968503937 concourt
124.15748031496064 405.07086614173227 26.64566929133858 18.4251968503937 à
134.64566929133858 405.07086614173227 53.29133858267716 18.4251968503937 donner
172.06299212598427 405.07086614173227 32.031496062992126 18.4251968503937 un
187.93700787401573 405.07086614173227 42.51968503937008 18.4251968503937 sens
214.58267716535434 405.07086614173227 26.64566929133858 18.4251968503937 à
225.0708661417323 405.07086614173227 32.031496062992126 18.4251968503937 ce
240.9448818897638 405.07086614173227 42.51968503937008 18.4251968503937 coup
267.59055118110234 405.07086614173227 32.031496062992126 18.4251968503937 de
283.46456692913387 405.07086614173227 58.39370078740158 18.4251968503937 pinceau
325.98425196850394 405.07086614173227 42.51968503937008 18.4251968503937 fait
352.62992125984255 405.07086614173227 74.55118110236221 18.4251968503937 d’énergie,
405.9212598425197 405.07086614173227 53.29133858267716 18.4251968503937 d’espoir

49.889763779527556 422.3622047244094 34.2992125984252 15.874015748031496 et
66.89763779527559 422.3622047244094 34.2992125984252 15.874015748031496 de
78.23622047244095 422.3622047244094 45.63779527559055 15.874015748031496 doute.

60.09448818897638 425.1968503937008 37.13385826771653 27.496062992125985 Les
81.35433070866142 425.1968503937008 63.77952755905512 27.496062992125985 tableaux
129.25984251968504 425.1968503937008 32.031496062992126 27.496062992125985 de
145.41732283464566 425.1968503937008 37.13385826771653 27.496062992125985 Lei
166.6771653543307 425.1968503937008 47.90551181102362 27.496062992125985 Molin
198.4251968503937 425.1968503937008 26.64566929133858 27.496062992125985 —
209.1968503937008 425.1968503937008 32.031496062992126 27.496062992125985 né
225.0708661417323 425.1968503937008 32.031496062992126 27.496062992125985 en
240.9448818897638 425.1968503937008 42.51968503937008 27.496062992125985 1927
267.59055118110234 425.1968503937008 26.64566929133858 27.496062992125985 —
278.3622047244094 425.1968503937008 42.51968503937008 27.496062992125985 sont
305.00787401574803 425.1968503937008 47.90551181102362 27.496062992125985 d’une
336.755905511811 425.1968503937008 79.93700787401575 27.496062992125985 sensibilité
395.43307086614175 425.1968503937008 63.77952755905512 27.496062992125985 originale;

51.30708661417323 441.07086614173227 44.22047244094488 23.244094488188978 pour
78.80314960629921 441.07086614173227 38.55118110236221 23.244094488188978 lui
100.91338582677166 441.07086614173227 33.16535433070866 23.244094488188978 la
117.35433070866142 441.07086614173227 55.275590551181104 23.244094488188978 nature
155.90551181102362 441.07086614173227 49.60629921259842 23.244094488188978 reste
189.0708661417323 441.07086614173227 38.55118110236221 23.244094488188978 non
211.1811023622047 441.07086614173227 71.71653543307086 23.244094488188978 seulement
266.1732283464567 441.07086614173227 33.16535433070866 23.244094488188978 la
282.8976377952756 441.07086614173227 55.275590551181104 23.244094488188978 source
321.4488188976378 441.07086614173227 33.16535433070866 23.244094488188978 de
337.8897637795276 441.07086614173227 38.55118110236221 23.244094488188978 son
360.0 441.07086614173227 88.15748031496064 23.244094488188978 inspiration,
426.0472440944882 441.07086614173227 33.16535433070866 23.244094488188978 mais

50.74015748031496 458.6456692913386 48.47244094488189 16.440944881889763 aussi
83.05511811023622 458.6456692913386 37.7007874015748 16.440944881889763 son
104.5984251968504 458.6456692913386 48.47244094488189 16.440944881889763 moyen
136.91338582677164 458.6456692913386 86.1732283464567 16.440944881889763 d’expression
206.64566929133858 458.6456692913386 32.31496062992126 16.440944881889763 et
222.8031496062992 458.6456692913386 37.7007874015748 16.440944881889763 les
244.3464566929134 458.6456692913386 70.01574803149606 16.440944881889763 problèmes
298.20472440944883 458.6456692913386 59.24409448818898 16.440944881889763 humains
341.29133858267716 458.6456692913386 32.31496062992126 16.440944881889763 se
357.4488188976378 458.6456692913386 70.01574803149606 16.440944881889763 reflètent
405.6377952755906 458.6456692913386 53.85826771653543 16.440944881889763 toujours

51.023622047244096 472.53543307086613 45.92125984251968 18.708661417322833 dans
79.65354330708661 472.53543307086613 40.25196850393701 18.708661417322833 son
102.61417322834646 472.53543307086613 51.59055118110236 18.708661417322833 œuvre
136.91338582677164 472.53543307086613 51.59055118110236 18.708661417322833 d’une
171.49606299212599 472.53543307086613 63.21259842519685 18.708661417322833 manière
217.41732283464566 472.53543307086613 63.21259842519685 18.708661417322833 directe
263.33858267716533 472.53543307086613 51.59055118110236 18.708661417322833 comme
297.6377952755906 472.53543307086613 40.25196850393701 18.708661417322833 une
320.59842519685037 472.53543307086613 74.55118110236221 18.708661417322833 nécessité
372.4724409448819 472.53543307086613 57.25984251968504 18.708661417322833 absolue.

60.661417322834644 483.59055118110234 44.503937007874015 17.858267716535433 Pour
88.44094488188976 483.59055118110234 60.94488188976378 17.858267716535433 montrer
132.9448818897638 483.59055118110234 33.16535433070866 17.858267716535433 la
149.66929133858267 483.59055118110234 77.66929133858268 17.858267716535433 continuité
210.61417322834646 483.59055118110234 44.503937007874015 17.858267716535433 d’un
238.39370078740157 483.59055118110234 38.83464566929134 17.858267716535433 art
260.503937007874 483.59055118110234 55.55905511811024 17.858267716535433 ancien
299.33858267716533 483.59055118110234 33.16535433070866 17.858267716535433 de
316.06299212598424 483.59055118110234 33.16535433070866 17.858267716535433 la
332.78740157480314 483.59055118110234 72.28346456692914 17.858267716535433 Hollande,
388.06299212598424 483.59055118110234 44.503937007874015 17.858267716535433 mais
415.84251968503935 483.59055118110234 38.83464566929134 17.858267716535433 qui
432.56692913385825 483.59055118110234 27.77952755905512 17.858267716535433 est

51.874015748031496 496.62992125984255 58.39370078740158 19.84251968503937 toujours
95.5275590551181 496.62992125984255 48.75590551181102 19.84251968503937 vivant
129.54330708661416 496.62992125984255 77.95275590551181 19.84251968503937 aujourd’hui,
192.75590551181102 496.62992125984255 48.75590551181102 19.84251968503937 «l’art
226.77165354330708 496.62992125984255 29.19685039370079 19.84251968503937 de
241.51181102362204 496.62992125984255 29.19685039370079 19.84251968503937 la
255.96850393700788 496.62992125984255 53.574803149606296 19.84251968503937 gravure
295.0866141732283 496.62992125984255 29.19685039370079 19.84251968503937 »,
309.54330708661416 496.62992125984255 29.19685039370079 19.84251968503937 il
324.2834645669291 496.62992125984255 34.01574803149607 19.84251968503937 n’y
343.5590551181102 496.62992125984255 48.75590551181102 19.84251968503937 aurait
377.5748031496063 496.62992125984255 34.01574803149607 19.84251968503937 pas
397.13385826771656 496.62992125984255 29.19685039370079 19.84251968503937 de
406.7716535433071 496.62992125984255 53.574803149606296 19.84251968503937 meilleurs

52.15748031496063 508.81889763779526 66.33070866141732 21.25984251968504 exemples
101.76377952755905 508.81889763779526 38.55118110236221 21.25984251968504 que
123.8740157480315 508.81889763779526 38.55118110236221 21.25984251968504 les
145.70078740157481 508.81889763779526 55.275590551181104 21.25984251968504 œuvres
184.53543307086613 508.81889763779526 33.16535433070866 21.25984251968504 de
200.9763779527559 508.81889763779526 44.22047244094488 21.25984251968504 Jacq
228.4724409448819 508.81889763779526 60.661417322834644 21.25984251968504 Snyder,
272.6929133858268 508.81889763779526 33.16535433070866 21.25984251968504 né
289.4173228346457 508.81889763779526 33.16535433070866 21.25984251968504 en
305.8582677165354 508.81889763779526 49.60629921259842 21.25984251968504 1930.
339.0236220472441 508.81889763779526 38.55118110236221 21.25984251968504 Son
361.13385826771656 508.81889763779526 38.55118110236221 21.25984251968504 art
382.96062992125985 508.81889763779526 38.55118110236221 21.25984251968504 est
399.68503937007875 508.81889763779526 60.661417322834644 21.25984251968504 expressif

52.44094488188976 521.8582677165355 32.31496062992126 20.125984251968504 et
68.5984251968504 521.8582677165355 80.50393700787401 20.125984251968504 imaginatif,
132.9448818897638 521.8582677165355 64.34645669291339 20.125984251968504 poétique
181.13385826771653 521.8582677165355 32.31496062992126 20.125984251968504 et
197.29133858267716 521.8582677165355 80.50393700787401 20.125984251968504 fantastique
261.6377952755906 521.8582677165355 26.929133858267715 20.125984251968504 à
272.40944881889766 521.8582677165355 32.31496062992126 20.125984251968504 la
288.56692913385825 521.8582677165355 48.188976377952756 20.125984251968504 fois;
320.88188976377955 521.8582677165355 32.31496062992126 20.125984251968504 et
337.03937007874015 521.8582677165355 32.31496062992126 20.125984251968504 de
352.9133858267717 521.8582677165355 37.7007874015748 20.125984251968504 Aat
374.45669291338584 521.8582677165355 58.960629921259844 20.125984251968504 Verhoog
417.54330708661416 521.8582677165355 26.929133858267715 20.125984251968504 —
428.0314960629921 521.8582677165355 32.31496062992126 20.125984251968504 né
438.8031496062992 521.8582677165355 21.543307086614174 20.125984251968504 en

52.44094488188976 538.5826771653543 42.51968503937008 17.291338582677167 1933
79.08661417322834 538.5826771653543 26.362204724409448 17.291338582677167 —
89.5748031496063 538.5826771653543 42.51968503937008 17.291338582677167 dans
116.22047244094489 538.5826771653543 31.748031496062993 17.291338582677167 le
132.09448818897638 538.5826771653543 47.62204724409449 17.291338582677167 monde
163.84251968503938 538.5826771653543 47.62204724409449 17.291338582677167 qu’il
195.59055118110237 538.5826771653543 47.62204724409449 17.291338582677167 s’est
227.33858267716536 538.5826771653543 47.62204724409449 17.291338582677167 créé,
259.37007874015745 538.5826771653543 31.748031496062993 17.291338582677167 où
275.244094488189 538.5826771653543 31.748031496062993 17.291338582677167 la
291.11811023622045 538.5826771653543 58.39370078740158 17.291338582677167 cruauté
333.3543307086614 538.5826771653543 37.13385826771653 17.291338582677167 est
354.61417322834643 538.5826771653543 37.13385826771653 17.291338582677167 son
375.87401574803147 538.5826771653543 47.62204724409449 17.291338582677167 moyen
402.23622047244095 538.5826771653543 58.39370078740158 17.291338582677167 d’expres-

53.29133858267716 552.1889763779527 41.669291338582674 17.291338582677167 sion
79.08661417322834 552.1889763779527 41.669291338582674 17.291338582677167 pour
105.16535433070867 552.1889763779527 57.25984251968504 17.291338582677167 décrire
146.83464566929135 552.1889763779527 31.181102362204726 17.291338582677167 le
162.4251968503937 552.1889763779527 46.77165354330709 17.291338582677167 sang,
193.3228346456693 552.1889763779527 31.181102362204726 17.291338582677167 la
208.91338582677164 552.1889763779527 46.77165354330709 17.291338582677167 mort,
240.09448818897638 552.1889763779527 31.181102362204726 17.291338582677167 la
250.58267716535434 552.1889763779527 62.36220472440945 17.291338582677167 décadence.
