480.18897637795277 625.6062992125984
106.2992125984252 3.968503937007874 100.91338582677166 24.944881889763778 RÉPUBLIQUE
189.35433070866142 3.968503937007874 71.14960629921259 24.944881889763778 FÉDÉRALE
236.9763779527559 3.968503937007874 100.91338582677166 24.944881889763778 D'ALLEMAGNE

88.15748031496064 95.24409448818898 65.19685039370079 17.858267716535433 Commissaire
140.31496062992127 95.24409448818898 52.15748031496063 17.858267716535433 Général:
179.43307086614172 95.24409448818898 60.94488188976378 17.858267716535433 Herbert
223.08661417322836 95.24409448818898 43.653543307086615 17.858267716535433 Pee.

87.30708661417323 111.4015748031496 71.71653543307086 16.15748031496063 Directeur
142.29921259842519 111.4015748031496 33.16535433070866 16.15748031496063 du
158.74015748031496 111.4015748031496 49.60629921259842 16.15748031496063 Musée
191.90551181102362 111.4015748031496 71.71653543307086 16.15748031496063 Municipal
241.51181102362204 111.4015748031496 44.22047244094488 16.15748031496063 d’Ulm.

40.818897637795274 154.48818897637796 49.32283464566929 16.724409448818896 L’art
73.7007874015748 154.48818897637796 65.76377952755905 16.724409448818896 allemand
122.74015748031496 154.48818897637796 38.267716535433074 16.724409448818896 est
144.56692913385828 154.48818897637796 27.496062992125985 16.724409448818896 à
155.6220472440945 154.48818897637796 32.881889763779526 16.724409448818896 la
172.06299212598427 154.48818897637796 71.14960629921259 16.724409448818896 recherche
226.77165354330708 154.48818897637796 32.881889763779526 16.724409448818896 de
243.21259842519686 154.48818897637796 92.97637795275591 16.724409448818896 l’expression.
319.748031496063 154.48818897637796 38.267716535433074 16.724409448818896 Les
341.8582677165354 154.48818897637796 54.70866141732284 16.724409448818896 images
380.12598425196853 154.48818897637796 43.653543307086615 16.724409448818896 sont
401.9527559055118 154.48818897637796 38.267716535433074 16.724409448818896 mises

30.614173228346456 167.5275590551181 31.46456692913386 18.992125984251967 au
46.488188976377955 167.5275590551181 57.826771653543304 18.992125984251967 service
88.44094488188976 167.5275590551181 31.46456692913386 18.992125984251967 de
104.31496062992126 167.5275590551181 47.338582677165356 18.992125984251967 cette
135.7795275590551 167.5275590551181 73.7007874015748 18.992125984251967 intention.
193.60629921259843 167.5275590551181 31.46456692913386 18.992125984251967 Ce
209.48031496062993 167.5275590551181 41.95275590551181 18.992125984251967 sont
235.84251968503938 167.5275590551181 36.8503937007874 18.992125984251967 les
256.81889763779526 167.5275590551181 52.44094488188976 18.992125984251967 grands
293.6692913385827 167.5275590551181 110.26771653543307 18.992125984251967 expressionnistes,
388.34645669291336 167.5275590551181 31.46456692913386 18.992125984251967 de
398.8346456692913 167.5275590551181 41.95275590551181 18.992125984251967 Grüne-

30.04724409448819 181.41732283464566 45.07086614173228 18.992125984251967 wald
58.110236220472444 181.41732283464566 28.062992125984252 18.992125984251967 à
69.44881889763779 181.41732283464566 73.13385826771653 18.992125984251967 Beckmann,
125.5748031496063 181.41732283464566 39.40157480314961 18.992125984251967 qui
148.251968503937 181.41732283464566 89.85826771653544 18.992125984251967 représentent
221.38582677165354 181.41732283464566 28.062992125984252 18.992125984251967 —
232.44094488188978 181.41732283464566 84.4724409448819 18.992125984251967 ouvertement
299.90551181102364 181.41732283464566 33.732283464566926 18.992125984251967 ou
316.9133858267717 181.41732283464566 84.4724409448819 18.992125984251967 secrètement
384.37795275590554 181.41732283464566 28.062992125984252 18.992125984251967 —
390.0472440944882 181.41732283464566 50.74015748031496 18.992125984251967 l’idéal

30.89763779527559 195.8740157480315 33.16535433070866 16.440944881889763 de
47.62204724409449 195.8740157480315 66.33070866141732 16.440944881889763 beaucoup
97.51181102362204 195.8740157480315 33.16535433070866 16.440944881889763 de
113.95275590551181 195.8740157480315 55.275590551181104 16.440944881889763 jeunes
152.78740157480314 195.8740157480315 66.33070866141732 16.440944881889763 peintres
202.39370078740157 195.8740157480315 77.38582677165354 16.440944881889763 allemands.
263.33858267716533 195.8740157480315 33.16535433070866 16.440944881889763 Il
279.7795275590551 195.8740157480315 49.889763779527556 16.440944881889763 n’est
312.9448818897638 195.8740157480315 38.83464566929134 16.440944881889763 pas
335.0551181102362 195.8740157480315 44.22047244094488 16.440944881889763 rare
362.8346456692913 195.8740157480315 49.889763779527556 16.440944881889763 qu’un
390.3307086614173 195.8740157480315 49.889763779527556 16.440944881889763 tableau

30.89763779527559 212.5984251968504 41.38582677165354 14.456692913385826 soit
56.69291338582677 212.5984251968504 46.77165354330709 14.456692913385826 peint
87.8740157480315 212.5984251968504 26.078740157480315 14.456692913385826 à
98.36220472440945 212.5984251968504 31.181102362204726 14.456692913385826 la
113.95275590551181 212.5984251968504 46.77165354330709 14.456692913385826 suite
144.8503937007874 212.5984251968504 41.38582677165354 14.456692913385826 d’un
170.9291338582677 212.5984251968504 93.54330708661418 14.456692913385826 bouleversement
248.88188976377953 212.5984251968504 72.56692913385827 14.456692913385826 intérieur.
305.8582677165354 212.5984251968504 31.181102362204726 14.456692913385826 Il
321.4488188976378 212.5984251968504 31.181102362204726 14.456692913385826 se
337.03937007874015 212.5984251968504 67.46456692913385 14.456692913385826 manifeste
388.9133858267717 212.5984251968504 31.181102362204726 14.456692913385826 en
399.40157480314963 212.5984251968504 41.38582677165354 14.456692913385826 formes

31.181102362204726 224.50393700787401 95.5275590551181 16.15748031496063 mouvementées,
109.7007874015748 224.50393700787401 33.732283464566926 16.15748031496063 en
126.70866141732283 224.50393700787401 72.85039370078741 16.15748031496063 ensembles
182.83464566929135 224.50393700787401 33.732283464566926 16.15748031496063 de
199.55905511811022 224.50393700787401 56.125984251968504 16.15748031496063 lignes
238.96062992125985 224.50393700787401 89.85826771653544 16.15748031496063 passionnées,
311.81102362204723 224.50393700787401 33.732283464566926 16.15748031496063 en
328.81889763779526 224.50393700787401 67.46456692913385 16.15748031496063 mélodies
373.6062992125984 224.50393700787401 67.46456692913385 16.15748031496063 puissantes

31.181102362204726 240.66141732283464 32.031496062992126 16.440944881889763 de
47.338582677165356 240.66141732283464 32.031496062992126 16.440944881889763 la
63.21259842519685 240.66141732283464 63.77952755905512 16.440944881889763 couleur.
111.11811023622047 240.66141732283464 37.13385826771653 16.440944881889763 Cet
132.3779527559055 240.66141732283464 47.90551181102362 16.440944881889763 excès
164.1259842519685 240.66141732283464 32.031496062992126 16.440944881889763 ne
180.28346456692913 240.66141732283464 58.39370078740158 16.440944881889763 conduit
222.8031496062992 240.66141732283464 37.13385826771653 16.440944881889763 pas
244.06299212598427 240.66141732283464 26.64566929133858 16.440944881889763 à
254.5511811023622 240.66141732283464 32.031496062992126 16.440944881889763 un
270.70866141732284 240.66141732283464 42.51968503937008 16.440944881889763 être
297.07086614173227 240.66141732283464 74.55118110236221 16.440944881889763 harmonieux
355.748031496063 240.66141732283464 32.031496062992126 16.440944881889763 et
366.23622047244095 240.66141732283464 74.55118110236221 16.440944881889763 conditionné,

31.748031496062993 255.11811023622047 39.968503937007874 16.724409448818896 mais
56.69291338582677 255.11811023622047 49.889763779527556 16.724409448818896 plutôt
91.84251968503936 255.11811023622047 24.944881889763778 16.724409448818896 à
101.76377952755905 255.11811023622047 59.811023622047244 16.724409448818896 l’action
146.5511811023622 255.11811023622047 30.04724409448819 16.724409448818896 et
161.5748031496063 255.11811023622047 24.944881889763778 16.724409448818896 à
171.49606299212599 255.11811023622047 30.04724409448819 16.724409448818896 la
186.51968503937007 255.11811023622047 84.75590551181102 16.724409448818896 signification
256.53543307086613 255.11811023622047 34.86614173228347 16.724409448818896 qui
276.37795275590554 255.11811023622047 59.811023622047244 16.724409448818896 prennent
321.1653543307087 255.11811023622047 49.889763779527556 16.724409448818896 racine
356.31496062992125 255.11811023622047 39.968503937007874 16.724409448818896 dans
381.25984251968504 255.11811023622047 34.86614173228347 16.724409448818896 les
396.2834645669291 255.11811023622047 44.78740157480315 16.724409448818896 profon-

31.181102362204726 270.1417322834646 53.85826771653543 15.023622047244094 deurs.
68.88188976377953 270.1417322834646 32.31496062992126 15.023622047244094 De
85.03937007874016 270.1417322834646 37.7007874015748 15.023622047244094 ces
106.58267716535433 270.1417322834646 80.78740157480316 15.023622047244094 profondeurs
171.49606299212599 270.1417322834646 80.78740157480316 15.023622047244094 proviennent
236.1259842519685 270.1417322834646 37.7007874015748 15.023622047244094 les
257.6692913385827 270.1417322834646 64.62992125984252 15.023622047244094 tableaux
306.1417322834646 270.1417322834646 32.31496062992126 15.023622047244094 de
322.2992125984252 270.1417322834646 48.47244094488189 15.023622047244094 Horst
354.8976377952756 270.1417322834646 53.85826771653543 15.023622047244094 Antes,
387.21259842519686 270.1417322834646 53.85826771653543 15.023622047244094 caracté-

31.181102362204726 283.18110236220474 47.90551181102362 16.15748031496063 risés
63.21259842519685 283.18110236220474 37.41732283464567 16.15748031496063 par
84.4724409448819 283.18110236220474 47.90551181102362 16.15748031496063 leurs
116.50393700787401 283.18110236220474 53.29133858267716 16.15748031496063 formes
153.63779527559055 283.18110236220474 63.77952755905512 16.15748031496063 agitées,
201.54330708661416 283.18110236220474 47.90551181102362 16.15748031496063 leurs
233.5748031496063 283.18110236220474 53.29133858267716 16.15748031496063 fortes
270.99212598425197 283.18110236220474 63.77952755905512 16.15748031496063 couleurs
318.8976377952756 283.18110236220474 79.93700787401575 16.15748031496063 lumineuses,
382.6771653543307 283.18110236220474 42.51968503937008 16.15748031496063 leur
403.93700787401576 283.18110236220474 37.41732283464567 16.15748031496063 force

23.52755905511811 298.7716535433071 75.11811023622047 16.15748031496063 dynamique.

40.818897637795274 312.09448818897636 36.8503937007874 16.15748031496063 Par
62.07874015748032 312.09448818897636 57.826771653543304 16.15748031496063 contre,
104.03149606299213 312.09448818897636 31.46456692913386 16.15748031496063 le
119.90551181102362 312.09448818897636 41.95275590551181 16.15748031496063 plus
146.26771653543307 312.09448818897636 47.338582677165356 16.15748031496063 grand
177.73228346456693 312.09448818897636 57.826771653543304 16.15748031496063 peintre
219.68503937007873 312.09448818897636 31.46456692913386 16.15748031496063 de
235.55905511811022 312.09448818897636 52.724409448818896 16.15748031496063 langue
272.40944881889766 312.09448818897636 68.31496062992126 16.15748031496063 allemande
325.13385826771656 312.09448818897636 31.46456692913386 16.15748031496063 de
340.7244094488189 312.09448818897636 47.338582677165356 16.15748031496063 notre
372.4724409448819 312.09448818897636 57.826771653543304 16.15748031496063 siècle,
409.3228346456693 312.09448818897636 31.46456692913386 16.15748031496063 Paul

31.748031496062993 327.11811023622045 43.93700787401575 15.590551181102363 Klee,
60.94488188976378 327.11811023622045 24.37795275590551 15.590551181102363 a
70.58267716535433 327.11811023622045 48.75590551181102 15.590551181102363 ouvert
104.88188976377953 327.11811023622045 29.19685039370079 15.590551181102363 la
119.33858267716535 327.11811023622045 39.118110236220474 15.590551181102363 voie
144.0 327.11811023622045 34.01574803149607 15.590551181102363 aux
163.2755905511811 327.11811023622045 53.574803149606296 15.590551181102363 secrets
202.39370078740157 327.11811023622045 29.19685039370079 15.590551181102363 de
217.13385826771653 327.11811023622045 29.19685039370079 15.590551181102363 la
231.59055118110237 327.11811023622045 48.75590551181102 15.590551181102363 nature
265.8897637795276 327.11811023622045 68.31496062992126 15.590551181102363 intérieure
319.46456692913387 327.11811023622045 29.19685039370079 15.590551181102363 et
333.9212598425197 327.11811023622045 24.37795275590551 15.590551181102363 a
343.84251968503935 327.11811023622045 48.75590551181102 15.590551181102363 trouvé
377.8582677165354 327.11811023622045 34.01574803149607 15.590551181102363 des
392.59842519685037 327.11811023622045 48.75590551181102 15.590551181102363 chiffres

31.181102362204726 340.4409448818898 43.653543307086615 17.007874015748033 pour
58.39370078740158 340.4409448818898 38.267716535433074 17.007874015748033 les
80.22047244094489 340.4409448818898 54.70866141732284 17.007874015748033 rendre
118.77165354330708 340.4409448818898 71.14960629921259 17.007874015748033 visibles.
173.48031496062993 340.4409448818898 65.76377952755905 17.007874015748033 Quelques
222.8031496062992 340.4409448818898 54.70866141732284 17.007874015748033 jeunes
261.07086614173227 340.4409448818898 65.76377952755905 17.007874015748033 artistes
310.3937007874016 340.4409448818898 71.14960629921259 17.007874015748033 allemands
365.1023622047244 340.4409448818898 60.09448818897638 17.007874015748033 suivent
403.37007874015745 340.4409448818898 38.267716535433074 17.007874015748033 cette

30.89763779527559 355.46456692913387 44.503937007874015 13.039370078740157 voie
58.67716535433071 355.46456692913387 33.16535433070866 13.039370078740157 et
75.4015748031496 355.46456692913387 33.16535433070866 13.039370078740157 se
92.1259842519685 355.46456692913387 83.33858267716535 13.039370078740157 rapprochent
158.74015748031496 355.46456692913387 33.16535433070866 13.039370078740157 du
175.1811023622047 355.46456692913387 38.83464566929134 13.039370078740157 but
197.5748031496063 355.46456692913387 55.55905511811024 13.039370078740157 autant
236.40944881889763 355.46456692913387 55.55905511811024 13.039370078740157 qu’ils
275.244094488189 355.46456692913387 72.0 13.039370078740157 disposent
330.5196850393701 355.46456692913387 94.39370078740157 13.039370078740157 d’imagination
408.4724409448819 355.46456692913387 33.16535433070866 13.039370078740157 et
419.5275590551181 355.46456692913387 22.11023622047244 13.039370078740157 de

31.181102362204726 368.2204724409449 44.22047244094488 16.440944881889763 sens
58.960629921259844 368.2204724409449 72.0 16.440944881889763 poétique.
114.51968503937007 368.2204724409449 60.94488188976378 16.440944881889763 Heimrad
158.74015748031496 368.2204724409449 44.22047244094488 16.440944881889763 Prem
186.51968503937007 368.2204724409449 33.16535433070866 16.440944881889763 en
202.96062992125985 368.2204724409449 44.22047244094488 16.440944881889763 fait
230.74015748031496 368.2204724409449 60.94488188976378 16.440944881889763 partie,
275.244094488189 368.2204724409449 44.22047244094488 16.440944881889763 avec
302.74015748031496 368.2204724409449 38.83464566929134 16.440944881889763 ses
324.8503937007874 368.2204724409449 66.61417322834646 16.440944881889763 tableaux
374.74015748031496 368.2204724409449 33.16535433070866 16.440944881889763 de
391.46456692913387 368.2204724409449 49.889763779527556 16.440944881889763 1959,
419.244094488189 368.2204724409449 22.11023622047244 16.440944881889763 de

31.181102362204726 385.51181102362204 64.06299212598425 14.740157480314961 délicats
79.08661417322834 385.51181102362204 58.67716535433071 14.740157480314961 «tissus
121.88976377952756 385.51181102362204 26.64566929133858 14.740157480314961 »
132.3779527559055 385.51181102362204 47.90551181102362 14.740157480314961 gris,
164.40944881889763 385.51181102362204 47.90551181102362 14.740157480314961 d’une
196.44094488188978 385.51181102362204 47.90551181102362 14.740157480314961 haute
228.4724409448819 385.51181102362204 69.16535433070867 14.740157480314961 intensité
281.76377952755905 385.51181102362204 64.06299212598425 14.740157480314961 lyrique.
329.6692913385827 385.51181102362204 42.51968503937008 14.740157480314961 Puis
356.31496062992125 385.51181102362204 32.031496062992126 14.740157480314961 la
372.4724409448819 385.51181102362204 58.67716535433071 14.740157480314961 volonté
409.6062992125984 385.51181102362204 32.031496062992126 14.740157480314961 vers

31.46456692913386 398.8346456692913 83.33858267716535 14.740157480314961 l’expression
98.92913385826772 398.8346456692913 31.181102362204726 14.740157480314961 le
114.51968503937007 398.8346456692913 57.25984251968504 14.740157480314961 domine,
156.18897637795277 398.8346456692913 41.669291338582674 14.740157480314961 elle
182.26771653543307 398.8346456692913 31.181102362204726 14.740157480314961 se
197.85826771653544 398.8346456692913 57.25984251968504 14.740157480314961 réalise
239.5275590551181 398.8346456692913 41.669291338582674 14.740157480314961 tout
265.3228346456693 398.8346456692913 57.25984251968504 14.740157480314961 d’abord
306.99212598425197 398.8346456692913 41.669291338582674 14.740157480314961 dans
333.07086614173227 398.8346456692913 31.181102362204726 14.740157480314961 un
348.66141732283467 398.8346456692913 67.74803149606299 14.740157480314961 linéament
395.43307086614175 398.8346456692913 46.77165354330709 14.740157480314961 brusque

31.181102362204726 412.15748031496065 38.267716535433074 13.88976377952756 et,
53.00787401574803 412.15748031496065 43.93700787401575 13.88976377952756 tout
80.50393700787401 412.15748031496065 93.25984251968504 13.88976377952756 dernièrement,
157.03937007874015 412.15748031496065 43.93700787401575 13.88976377952756 dans
184.53543307086613 412.15748031496065 32.881889763779526 13.88976377952756 un
200.9763779527559 412.15748031496065 93.25984251968504 13.88976377952756 jaillissement
277.79527559055117 412.15748031496065 60.37795275590551 13.88976377952756 éruptif
321.73228346456693 412.15748031496065 32.881889763779526 13.88976377952756 de
338.1732283464567 412.15748031496065 76.81889763779527 13.88976377952756 coloration
392.88188976377955 412.15748031496065 49.32283464566929 13.88976377952756 formant

31.46456692913386 426.3307086614173 66.61417322834646 14.740157480314961 équilibre
82.77165354330708 426.3307086614173 46.20472440944882 14.740157480314961 entre
113.38582677165354 426.3307086614173 36.0 14.740157480314961 une
134.07874015748033 426.3307086614173 46.20472440944882 14.740157480314961 force
164.69291338582678 426.3307086614173 66.61417322834646 14.740157480314961 spontanée
216.0 426.3307086614173 30.614173228346456 14.740157480314961 et
231.30708661417322 426.3307086614173 36.0 14.740157480314961 une
251.71653543307087 426.3307086614173 76.81889763779527 14.740157480314961 sensibilité
308.12598425196853 426.3307086614173 51.30708661417323 14.740157480314961 subtile.

40.25196850393701 441.9212598425197 62.36220472440945 16.440944881889763 Au-delà
85.60629921259843 441.9212598425197 34.01574803149607 16.440944881889763 de
102.61417322834646 441.9212598425197 39.68503937007874 16.440944881889763 l’«
125.29133858267717 441.9212598425197 68.03149606299213 16.440944881889763 informel
176.03149606299212 441.9212598425197 28.346456692913385 16.440944881889763 »
187.37007874015748 441.9212598425197 34.01574803149607 16.440944881889763 se
204.3779527559055 441.9212598425197 51.023622047244096 16.440944881889763 situe
238.39370078740157 441.9212598425197 34.01574803149607 16.440944881889763 le
255.4015748031496 441.9212598425197 51.023622047244096 16.440944881889763 monde
289.4173228346457 441.9212598425197 34.01574803149607 16.440944881889763 de
306.4251968503937 441.9212598425197 62.36220472440945 16.440944881889763 figures
351.496062992126 441.9212598425197 51.023622047244096 16.440944881889763 âpres
385.51181102362204 441.9212598425197 34.01574803149607 16.440944881889763 de
396.8503937007874 441.9212598425197 45.354330708661415 16.440944881889763 Rainer

31.181102362204726 456.37795275590554 99.77952755905511 14.456692913385826 Küchenmeister.
114.51968503937007 456.37795275590554 44.22047244094488 14.456692913385826 Dans
142.29921259842519 456.37795275590554 33.16535433070866 14.456692913385826 la
158.74015748031496 456.37795275590554 60.94488188976378 14.456692913385826 surface
203.24409448818898 456.37795275590554 44.22047244094488 14.456692913385826 dure
231.0236220472441 456.37795275590554 72.0 14.456692913385826 l’élément
286.2992125984252 456.37795275590554 44.22047244094488 14.456692913385826 mène
314.0787401574803 456.37795275590554 27.77952755905512 14.456692913385826 à
325.13385826771656 456.37795275590554 33.16535433070866 14.456692913385826 un
341.8582677165354 456.37795275590554 49.889763779527556 14.456692913385826 effet
369.6377952755906 456.37795275590554 72.0 14.456692913385826 arbitraire.

31.748031496062993 469.4173228346457 56.125984251968504 17.007874015748033 Devant
71.14960629921259 469.4173228346457 39.40157480314961 17.007874015748033 des
93.54330708661418 469.4173228346457 50.45669291338583 17.007874015748033 fonds
127.2755905511811 469.4173228346457 67.46456692913385 17.007874015748033 anonymes
177.73228346456693 469.4173228346457 72.85039370078741 17.007874015748033 s’élèvent
233.85826771653544 469.4173228346457 39.40157480314961 17.007874015748033 des
256.251968503937 469.4173228346457 56.125984251968504 17.007874015748033 signes
295.37007874015745 469.4173228346457 56.125984251968504 17.007874015748033 voilés
334.7716535433071 469.4173228346457 33.732283464566926 17.007874015748033 et
351.496062992126 469.4173228346457 78.51968503937007 17.007874015748033 expressifs
407.62204724409446 469.4173228346457 33.732283464566926 17.007874015748033 pris

32.031496062992126 483.87401574803147 30.614173228346456 15.874015748031496 de
47.338582677165356 483.87401574803147 30.614173228346456 15.874015748031496 la
62.645669291338585 483.87401574803147 46.20472440944882 15.874015748031496 terre
93.54330708661418 483.87401574803147 30.614173228346456 15.874015748031496 et
108.85039370078741 483.87401574803147 56.40944881889764 15.874015748031496 frôlant
149.66929133858267 483.87401574803147 30.614173228346456 15.874015748031496 le
165.25984251968504 483.87401574803147 51.30708661417323 15.874015748031496 mythe.
200.9763779527559 483.87401574803147 35.71653543307087 15.874015748031496 Peu
221.38582677165354 483.87401574803147 30.614173228346456 15.874015748031496 de
236.69291338582678 483.87401574803147 46.20472440944882 15.874015748031496 plans
267.59055118110234 483.87401574803147 51.30708661417323 15.874015748031496 animés
303.3070866141732 483.87401574803147 56.40944881889764 15.874015748031496 forment
344.40944881889766 483.87401574803147 30.614173228346456 15.874015748031496 et
359.7165354330709 483.87401574803147 51.30708661417323 15.874015748031496 fixent
390.3307086614173 483.87401574803147 51.30708661417323 15.874015748031496 l’image.

40.818897637795274 498.0472440944882 66.04724409448819 17.5748031496063 Reinhard
90.14173228346456 498.0472440944882 71.43307086614173 17.5748031496063 Drenkhahn
145.13385826771653 498.0472440944882 38.55118110236221 17.5748031496063 n’a
167.24409448818898 498.0472440944882 32.881889763779526 17.5748031496063 eu
183.68503937007873 498.0472440944882 54.99212598425197 17.5748031496063 qu’une
221.95275590551182 498.0472440944882 49.60629921259842 17.5748031496063 brève
255.11811023622047 498.0472440944882 76.81889763779527 17.5748031496063 évolution.
315.496062992126 498.0472440944882 60.37795275590551 17.5748031496063 Partant
359.43307086614175 498.0472440944882 32.881889763779526 17.5748031496063 de
375.87401574803147 498.0472440944882 66.04724409448819 17.5748031496063 l’objet,
419.81102362204723 498.0472440944882 22.11023622047244 17.5748031496063 il

30.89763779527559 514.2047244094488 27.77952755905512 15.590551181102363 a
42.23622047244095 514.2047244094488 55.55905511811024 15.590551181102363 trouvé
81.07086614173228 514.2047244094488 33.44881889763779 15.590551181102363 la
97.79527559055119 514.2047244094488 44.503937007874015 15.590551181102363 voie
125.5748031496063 514.2047244094488 44.503937007874015 15.590551181102363 vers
153.35433070866142 514.2047244094488 33.44881889763779 15.590551181102363 un
169.79527559055117 514.2047244094488 49.889763779527556 15.590551181102363 monde
203.24409448818898 514.2047244094488 33.44881889763779 15.590551181102363 de
219.96850393700788 514.2047244094488 55.55905511811024 15.590551181102363 formes
258.8031496062992 514.2047244094488 66.61417322834646 15.590551181102363 tendues,
308.9763779527559 514.2047244094488 61.22834645669291 15.590551181102363 pleines
353.1968503937008 514.2047244094488 33.44881889763779 15.590551181102363 de
369.9212598425197 514.2047244094488 55.55905511811024 15.590551181102363 verve,
403.37007874015745 514.2047244094488 38.83464566929134 15.590551181102363 qu’il

31.748031496062993 527.8110236220473 51.30708661417323 17.291338582677167 quitte
67.74803149606299 527.8110236220473 30.89763779527559 17.291338582677167 de
83.05511811023622 527.8110236220473 56.40944881889764 17.291338582677167 nouveau
124.15748031496064 527.8110236220473 56.40944881889764 17.291338582677167 bientôt
165.25984251968504 527.8110236220473 41.10236220472441 17.291338582677167 pour
190.77165354330708 527.8110236220473 30.89763779527559 17.291338582677167 se
206.36220472440945 527.8110236220473 56.40944881889764 17.291338582677167 diriger
247.46456692913387 527.8110236220473 41.10236220472441 17.291338582677167 vers
272.9763779527559 527.8110236220473 36.0 17.291338582677167 une
293.6692913385827 527.8110236220473 61.511811023622045 17.291338582677167 tonalité
339.87401574803147 527.8110236220473 30.89763779527559 17.291338582677167 de
355.18110236220474 527.8110236220473 61.511811023622045 17.291338582677167 peinture
401.38582677165357 527.8110236220473 30.89763779527559 17.291338582677167 de
411.59055118110234 527.8110236220473 30.89763779527559 17.291338582677167 plus

31.181102362204726 542.5511811023622 31.748031496062993 15.874015748031496 en
47.05511811023622 542.5511811023622 42.23622047244095 15.874015748031496 plus
73.41732283464567 542.5511811023622 89.5748031496063 15.874015748031496 différenciée.
147.11811023622047 542.5511811023622 36.8503937007874 15.874015748031496 Son
168.3779527559055 542.5511811023622 57.826771653543304 15.874015748031496 suicide
210.33070866141733 542.5511811023622 52.724409448818896 15.874015748031496 brisa,
247.1811023622047 542.5511811023622 31.748031496062993 15.874015748031496 en
263.0551181102362 542.5511811023622 47.338582677165356 15.874015748031496 1959,
294.8031496062992 542.5511811023622 31.748031496062993 15.874015748031496 ce
310.3937007874016 542.5511811023622 68.5984251968504 15.874015748031496 processus
363.11811023622045 542.5511811023622 79.08661417322834 15.874015748031496 perceptible
421.2283464566929 542.5511811023622 20.976377952755904 15.874015748031496 du

31.748031496062993 557.5748031496063 91.55905511811024 13.039370078740157 développement
107.14960629921259 557.5748031496063 43.08661417322835 13.039370078740157 d’un
134.07874015748033 557.5748031496063 43.08661417322835 13.039370078740157 vrai
161.00787401574803 557.5748031496063 26.929133858267715 13.039370078740157 «
171.7795275590551 557.5748031496063 59.24409448818898 13.039370078740157 peintre
209.48031496062993 557.5748031496063 21.543307086614174 13.039370078740157 ».

392.88188976377955 604.6299212598425 28.913385826771652 13.606299212598426 5
