<alto xmlns:xsi="http://www.w3.org/2001/XMLSchema-instance" xmlns="http://www.loc.gov/standards/alto/ns-v2#" xmlns:page="http://schema.primaresearch.org/PAGE/gts/pagecontent/2013-07-15" xsi:schemaLocation="http://www.loc.gov/standards/alto/ns-v2# http://www.loc.gov/standards/alto/alto.xsd">
  <Description>
    <MeasurementUnit>pixel</MeasurementUnit>
    <sourceImageInformation>
         <fileName>Cat_Paris_1961-0107.xml</fileName>
      </sourceImageInformation>
    <OCRProcessing ID="IdOcr">
      <ocrProcessingStep>
        <processingDateTime>2020-07-01T20:53:02.504+02:00</processingDateTime>
        <processingSoftware>
               <softwareCreator>CONTRIBUTORS</softwareCreator>
               <softwareName>pdfalto</softwareName>
               <softwareVersion>0.1</softwareVersion>
            </processingSoftware>
      </ocrProcessingStep>
    </OCRProcessing>
  </Description>
  <Styles>
     <TextStyle ID="FONT0" FONTFAMILY="unknown" FONTSIZE="unknown" FONTTYPE="unknown" FONTWIDTH="unknown" FONTCOLOR="unknown" FONTSTYLE=""/>
     <TextStyle ID="FONT1" FONTFAMILY="unknown" FONTSIZE="unknown" FONTTYPE="unknown" FONTWIDTH="unknown" FONTCOLOR="unknown" FONTSTYLE="bold"/>
     <TextStyle ID="FONT2" FONTFAMILY="unknown" FONTSIZE="unknown" FONTTYPE="unknown" FONTWIDTH="unknown" FONTCOLOR="unknown" FONTSTYLE="italics"/>
</Styles>
  <Tags/>
  <Layout>
    <Page ID="Page1" PHYSICAL_IMG_NR="1" HEIGHT="625.6062992125984" WIDTH="515.3385826771654">
      <PrintSpace HEIGHT="625.6062992125984" WIDTH="508.81889763779526" VPOS="0.0" HPOS="0.0">
        <TextBlock ID="region_1593611027202_2164" HEIGHT="16.15748031496063" WIDTH="119.05511811023622" VPOS="11.05511811023622" HPOS="75.68503937007874">
          <TextLine ID="line_1593611027302_2167" BASELINE="96" HEIGHT="16.15748031496063" WIDTH="119.05511811023622" VPOS="11.05511811023622" HPOS="75.68503937007874">
            <String HEIGHT="16.15748031496063" WIDTH="132.3779527559055" VPOS="11.05511811023622" HPOS="62.36220472440945" CONTENT="PHILIPPINES" ID="line_1593611027302_2167_1" STYLEREFS="FONT1"/>
          </TextLine>
        </TextBlock>
        <TextBlock ID="r_1_1" HEIGHT="20.125984251968504" WIDTH="229.88976377952756" VPOS="255.4015748031496" HPOS="172.62992125984252">
          <TextLine ID="tl_1" BASELINE="943" HEIGHT="18.4251968503937" WIDTH="207.49606299212599" VPOS="248.88188976377953" HPOS="170.64566929133858">
            <String HEIGHT="18.4251968503937" WIDTH="66.33070866141732" VPOS="248.88188976377953" HPOS="166.11023622047244" CONTENT="Commissaire" ID="tl_1_1" STYLEREFS="FONT0"/>
            <SP HEIGHT="18.4251968503937" WIDTH="4.535433070866142" VPOS="248.88188976377953" HPOS="232.44094488188978"/>
            <String HEIGHT="18.4251968503937" WIDTH="48.47244094488189" VPOS="248.88188976377953" HPOS="219.11811023622047" CONTENT="Général" ID="tl_1_2" STYLEREFS="FONT0"/>
            <SP HEIGHT="18.4251968503937" WIDTH="4.535433070866142" VPOS="248.88188976377953" HPOS="267.87401574803147"/>
            <String HEIGHT="18.4251968503937" WIDTH="22.11023622047244" VPOS="248.88188976377953" HPOS="254.5511811023622" CONTENT=":" ID="tl_1_3" STYLEREFS="FONT0"/>
            <SP HEIGHT="18.4251968503937" WIDTH="4.535433070866142" VPOS="248.88188976377953" HPOS="276.66141732283467"/>
            <String HEIGHT="18.4251968503937" WIDTH="70.58267716535433" VPOS="248.88188976377953" HPOS="263.33858267716533" CONTENT="Esperanza" ID="tl_1_4" STYLEREFS="FONT1"/>
            <SP HEIGHT="18.4251968503937" WIDTH="4.535433070866142" VPOS="248.88188976377953" HPOS="333.9212598425197"/>
            <String HEIGHT="18.4251968503937" WIDTH="61.79527559055118" VPOS="248.88188976377953" HPOS="316.34645669291336" CONTENT="Zacarias" ID="tl_1_5" STYLEREFS="FONT1"/>
          </TextLine>
          <TextLine ID="tl_2" BASELINE="979" HEIGHT="16.724409448818896" WIDTH="234.14173228346456" VPOS="260.78740157480314" HPOS="170.64566929133858">
            <String HEIGHT="16.724409448818896" WIDTH="56.125984251968504" VPOS="260.78740157480314" HPOS="165.54330708661416" CONTENT="Attaché" ID="tl_2_1" STYLEREFS="FONT0"/>
            <SP HEIGHT="16.724409448818896" WIDTH="5.102362204724409" VPOS="260.78740157480314" HPOS="221.66929133858267"/>
            <String HEIGHT="16.724409448818896" WIDTH="25.511811023622048" VPOS="260.78740157480314" HPOS="206.36220472440945" CONTENT="à" ID="tl_2_2" STYLEREFS="FONT0"/>
            <SP HEIGHT="16.724409448818896" WIDTH="5.102362204724409" VPOS="260.78740157480314" HPOS="231.59055118110237"/>
            <String HEIGHT="16.724409448818896" WIDTH="76.25196850393701" VPOS="260.78740157480314" HPOS="216.56692913385828" CONTENT="l’Ambassade" ID="tl_2_3" STYLEREFS="FONT0"/>
            <SP HEIGHT="16.724409448818896" WIDTH="5.102362204724409" VPOS="260.78740157480314" HPOS="292.81889763779526"/>
            <String HEIGHT="16.724409448818896" WIDTH="35.71653543307087" VPOS="260.78740157480314" HPOS="277.51181102362204" CONTENT="des" ID="tl_2_4" STYLEREFS="FONT0"/>
            <SP HEIGHT="16.724409448818896" WIDTH="5.102362204724409" VPOS="260.78740157480314" HPOS="313.2283464566929"/>
            <String HEIGHT="16.724409448818896" WIDTH="76.25196850393701" VPOS="260.78740157480314" HPOS="297.9212598425197" CONTENT="Philippines" ID="tl_2_5" STYLEREFS="FONT0"/>
            <SP HEIGHT="16.724409448818896" WIDTH="5.102362204724409" VPOS="260.78740157480314" HPOS="374.1732283464567"/>
            <String HEIGHT="16.724409448818896" WIDTH="25.511811023622048" VPOS="260.78740157480314" HPOS="358.86614173228344" CONTENT="à" ID="tl_2_6" STYLEREFS="FONT0"/>
            <SP HEIGHT="16.724409448818896" WIDTH="5.102362204724409" VPOS="260.78740157480314" HPOS="384.37795275590554"/>
            <String HEIGHT="16.724409448818896" WIDTH="40.818897637795274" VPOS="260.78740157480314" HPOS="363.9685039370079" CONTENT="Paris." ID="tl_2_7" STYLEREFS="FONT0"/>
          </TextLine>
        </TextBlock>
        <TextBlock ID="r_2_1" HEIGHT="24.661417322834644" WIDTH="386.0787401574803" VPOS="375.3070866141732" HPOS="118.48818897637796">
          <TextLine ID="tl_3" BASELINE="1372" HEIGHT="17.291338582677167" WIDTH="379.84251968503935" VPOS="371.62204724409446" HPOS="126.70866141732283">
            <String HEIGHT="17.291338582677167" WIDTH="34.58267716535433" VPOS="371.62204724409446" HPOS="121.88976377952756" CONTENT="Les" ID="tl_3_1" STYLEREFS="FONT0"/>
            <SP HEIGHT="17.291338582677167" WIDTH="4.818897637795276" VPOS="371.62204724409446" HPOS="156.18897637795277"/>
            <String HEIGHT="17.291338582677167" WIDTH="73.98425196850394" VPOS="371.62204724409446" HPOS="141.4488188976378" CONTENT="Philippines" ID="tl_3_2" STYLEREFS="FONT0"/>
            <SP HEIGHT="17.291338582677167" WIDTH="4.818897637795276" VPOS="371.62204724409446" HPOS="215.43307086614172"/>
            <String HEIGHT="17.291338582677167" WIDTH="34.58267716535433" VPOS="371.62204724409446" HPOS="200.69291338582678" CONTENT="ont" ID="tl_3_3" STYLEREFS="FONT0"/>
            <SP HEIGHT="17.291338582677167" WIDTH="4.818897637795276" VPOS="371.62204724409446" HPOS="235.2755905511811"/>
            <String HEIGHT="17.291338582677167" WIDTH="49.32283464566929" VPOS="371.62204724409446" HPOS="220.53543307086613" CONTENT="décidé" ID="tl_3_4" STYLEREFS="FONT0"/>
            <SP HEIGHT="17.291338582677167" WIDTH="4.818897637795276" VPOS="371.62204724409446" HPOS="269.8582677165354"/>
            <String HEIGHT="17.291338582677167" WIDTH="29.480314960629922" VPOS="371.62204724409446" HPOS="254.83464566929135" CONTENT="de" ID="tl_3_5" STYLEREFS="FONT0"/>
            <SP HEIGHT="17.291338582677167" WIDTH="4.818897637795276" VPOS="371.62204724409446" HPOS="284.59842519685037"/>
            <String HEIGHT="17.291338582677167" WIDTH="69.16535433070867" VPOS="371.62204724409446" HPOS="269.8582677165354" CONTENT="participer" ID="tl_3_6" STYLEREFS="FONT0"/>
            <SP HEIGHT="17.291338582677167" WIDTH="4.818897637795276" VPOS="371.62204724409446" HPOS="338.74015748031496"/>
            <String HEIGHT="17.291338582677167" WIDTH="44.503937007874015" VPOS="371.62204724409446" HPOS="324.0" CONTENT="d’une" ID="tl_3_7" STYLEREFS="FONT0"/>
            <SP HEIGHT="17.291338582677167" WIDTH="4.818897637795276" VPOS="371.62204724409446" HPOS="368.503937007874"/>
            <String HEIGHT="17.291338582677167" WIDTH="44.503937007874015" VPOS="371.62204724409446" HPOS="353.76377952755905" CONTENT="façon" ID="tl_3_8" STYLEREFS="FONT0"/>
            <SP HEIGHT="17.291338582677167" WIDTH="4.818897637795276" VPOS="371.62204724409446" HPOS="397.98425196850394"/>
            <String HEIGHT="17.291338582677167" WIDTH="69.16535433070867" VPOS="371.62204724409446" HPOS="383.244094488189" CONTENT="restreinte" ID="tl_3_9" STYLEREFS="FONT0"/>
            <SP HEIGHT="17.291338582677167" WIDTH="4.818897637795276" VPOS="371.62204724409446" HPOS="452.40944881889766"/>
            <String HEIGHT="17.291338582677167" WIDTH="24.661417322834644" VPOS="371.62204724409446" HPOS="437.38582677165357" CONTENT="à" ID="tl_3_10" STYLEREFS="FONT0"/>
            <SP HEIGHT="17.291338582677167" WIDTH="4.818897637795276" VPOS="371.62204724409446" HPOS="462.0472440944882"/>
            <String HEIGHT="17.291338582677167" WIDTH="29.480314960629922" VPOS="371.62204724409446" HPOS="447.3070866141732" CONTENT="la" ID="tl_3_11" STYLEREFS="FONT0"/>
            <SP HEIGHT="17.291338582677167" WIDTH="4.818897637795276" VPOS="371.62204724409446" HPOS="477.07086614173227"/>
            <String HEIGHT="17.291338582677167" WIDTH="49.32283464566929" VPOS="371.62204724409446" HPOS="457.2283464566929" CONTENT="deuxième" ID="tl_3_12" STYLEREFS="FONT0"/>
          </TextLine>
          <TextLine ID="tl_4" BASELINE="1413" HEIGHT="14.173228346456693" WIDTH="228.75590551181102" VPOS="386.3622047244094" HPOS="116.50393700787401">
            <String HEIGHT="14.173228346456693" WIDTH="63.77952755905512" VPOS="386.3622047244094" HPOS="111.11811023622047" CONTENT="Biennale" ID="tl_4_1" STYLEREFS="FONT0"/>
            <SP HEIGHT="14.173228346456693" WIDTH="5.3858267716535435" VPOS="386.3622047244094" HPOS="174.89763779527559"/>
            <String HEIGHT="14.173228346456693" WIDTH="32.031496062992126" VPOS="386.3622047244094" HPOS="159.0236220472441" CONTENT="de" ID="tl_4_2" STYLEREFS="FONT0"/>
            <SP HEIGHT="14.173228346456693" WIDTH="5.3858267716535435" VPOS="386.3622047244094" HPOS="191.0551181102362"/>
            <String HEIGHT="14.173228346456693" WIDTH="53.29133858267716" VPOS="386.3622047244094" HPOS="174.89763779527559" CONTENT="Paris," ID="tl_4_3" STYLEREFS="FONT0"/>
            <SP HEIGHT="14.173228346456693" WIDTH="5.3858267716535435" VPOS="386.3622047244094" HPOS="228.18897637795277"/>
            <String HEIGHT="14.173228346456693" WIDTH="32.031496062992126" VPOS="386.3622047244094" HPOS="212.31496062992127" CONTENT="et" ID="tl_4_4" STYLEREFS="FONT0"/>
            <SP HEIGHT="14.173228346456693" WIDTH="5.3858267716535435" VPOS="386.3622047244094" HPOS="244.06299212598427"/>
            <String HEIGHT="14.173228346456693" WIDTH="32.031496062992126" VPOS="386.3622047244094" HPOS="228.18897637795277" CONTENT="ce" ID="tl_4_5" STYLEREFS="FONT0"/>
            <SP HEIGHT="14.173228346456693" WIDTH="5.3858267716535435" VPOS="386.3622047244094" HPOS="260.2204724409449"/>
            <String HEIGHT="14.173228346456693" WIDTH="42.51968503937008" VPOS="386.3622047244094" HPOS="244.06299212598427" CONTENT="pour" ID="tl_4_6" STYLEREFS="FONT0"/>
            <SP HEIGHT="14.173228346456693" WIDTH="5.3858267716535435" VPOS="386.3622047244094" HPOS="286.86614173228344"/>
            <String HEIGHT="14.173228346456693" WIDTH="42.51968503937008" VPOS="386.3622047244094" HPOS="270.70866141732284" CONTENT="deux" ID="tl_4_7" STYLEREFS="FONT0"/>
            <SP HEIGHT="14.173228346456693" WIDTH="5.3858267716535435" VPOS="386.3622047244094" HPOS="313.2283464566929"/>
            <String HEIGHT="14.173228346456693" WIDTH="53.29133858267716" VPOS="386.3622047244094" HPOS="291.9685039370079" CONTENT="raisons:" ID="tl_4_8" STYLEREFS="FONT0"/>
          </TextLine>
        </TextBlock>
        <TextBlock ID="r_2_2" HEIGHT="61.22834645669291" WIDTH="387.496062992126" VPOS="401.6692913385827" HPOS="117.92125984251969">
          <TextLine ID="tl_5" BASELINE="1474" HEIGHT="20.125984251968504" WIDTH="380.9763779527559" VPOS="397.7007874015748" HPOS="126.4251968503937">
            <String HEIGHT="20.125984251968504" WIDTH="49.039370078740156" VPOS="397.7007874015748" HPOS="121.03937007874016" CONTENT="D’une" ID="tl_5_1" STYLEREFS="FONT0"/>
            <SP HEIGHT="20.125984251968504" WIDTH="5.3858267716535435" VPOS="397.7007874015748" HPOS="170.07874015748033"/>
            <String HEIGHT="20.125984251968504" WIDTH="49.039370078740156" VPOS="397.7007874015748" HPOS="153.63779527559055" CONTENT="part," ID="tl_5_2" STYLEREFS="FONT0"/>
            <SP HEIGHT="20.125984251968504" WIDTH="5.3858267716535435" VPOS="397.7007874015748" HPOS="202.6771653543307"/>
            <String HEIGHT="20.125984251968504" WIDTH="32.59842519685039" VPOS="397.7007874015748" HPOS="186.23622047244095" CONTENT="la" ID="tl_5_3" STYLEREFS="FONT0"/>
            <SP HEIGHT="20.125984251968504" WIDTH="5.3858267716535435" VPOS="397.7007874015748" HPOS="218.83464566929135"/>
            <String HEIGHT="20.125984251968504" WIDTH="54.425196850393704" VPOS="397.7007874015748" HPOS="202.6771653543307" CONTENT="longue" ID="tl_5_4" STYLEREFS="FONT0"/>
            <SP HEIGHT="20.125984251968504" WIDTH="5.3858267716535435" VPOS="397.7007874015748" HPOS="257.1023622047244"/>
            <String HEIGHT="20.125984251968504" WIDTH="65.19685039370079" VPOS="397.7007874015748" HPOS="240.66141732283464" CONTENT="distance" ID="tl_5_5" STYLEREFS="FONT0"/>
            <SP HEIGHT="20.125984251968504" WIDTH="5.3858267716535435" VPOS="397.7007874015748" HPOS="306.1417322834646"/>
            <String HEIGHT="20.125984251968504" WIDTH="37.98425196850393" VPOS="397.7007874015748" HPOS="289.7007874015748" CONTENT="qui" ID="tl_5_6" STYLEREFS="FONT0"/>
            <SP HEIGHT="20.125984251968504" WIDTH="5.3858267716535435" VPOS="397.7007874015748" HPOS="327.68503937007875"/>
            <String HEIGHT="20.125984251968504" WIDTH="43.653543307086615" VPOS="397.7007874015748" HPOS="311.5275590551181" CONTENT="nous" ID="tl_5_7" STYLEREFS="FONT0"/>
            <SP HEIGHT="20.125984251968504" WIDTH="5.3858267716535435" VPOS="397.7007874015748" HPOS="354.8976377952756"/>
            <String HEIGHT="20.125984251968504" WIDTH="54.425196850393704" VPOS="397.7007874015748" HPOS="338.74015748031496" CONTENT="sépare" ID="tl_5_8" STYLEREFS="FONT0"/>
            <SP HEIGHT="20.125984251968504" WIDTH="5.3858267716535435" VPOS="397.7007874015748" HPOS="393.1653543307087"/>
            <String HEIGHT="20.125984251968504" WIDTH="32.59842519685039" VPOS="397.7007874015748" HPOS="376.7244094488189" CONTENT="de" ID="tl_5_9" STYLEREFS="FONT0"/>
            <SP HEIGHT="20.125984251968504" WIDTH="5.3858267716535435" VPOS="397.7007874015748" HPOS="409.3228346456693"/>
            <String HEIGHT="20.125984251968504" WIDTH="49.039370078740156" VPOS="397.7007874015748" HPOS="393.1653543307087" CONTENT="notre" ID="tl_5_10" STYLEREFS="FONT0"/>
            <SP HEIGHT="20.125984251968504" WIDTH="5.3858267716535435" VPOS="397.7007874015748" HPOS="442.20472440944883"/>
            <String HEIGHT="20.125984251968504" WIDTH="43.653543307086615" VPOS="397.7007874015748" HPOS="425.76377952755905" CONTENT="pays" ID="tl_5_11" STYLEREFS="FONT0"/>
            <SP HEIGHT="20.125984251968504" WIDTH="5.3858267716535435" VPOS="397.7007874015748" HPOS="469.4173228346457"/>
            <String HEIGHT="20.125984251968504" WIDTH="32.59842519685039" VPOS="397.7007874015748" HPOS="452.9763779527559" CONTENT="ne" ID="tl_5_12" STYLEREFS="FONT0"/>
            <SP HEIGHT="20.125984251968504" WIDTH="5.3858267716535435" VPOS="397.7007874015748" HPOS="485.5748031496063"/>
            <String HEIGHT="20.125984251968504" WIDTH="43.653543307086615" VPOS="397.7007874015748" HPOS="469.4173228346457" CONTENT="nous" ID="tl_5_13" STYLEREFS="FONT0"/>
            <SP HEIGHT="20.125984251968504" WIDTH="5.3858267716535435" VPOS="397.7007874015748" HPOS="512.7874015748032"/>
            <String HEIGHT="20.125984251968504" WIDTH="16.440944881889763" VPOS="397.7007874015748" HPOS="490.96062992125985" CONTENT="a" ID="tl_5_14" STYLEREFS="FONT0"/>
          </TextLine>
          <TextLine ID="tl_6" BASELINE="1515" HEIGHT="17.007874015748033" WIDTH="391.18110236220474" VPOS="412.4409448818898" HPOS="115.93700787401575">
            <String HEIGHT="17.007874015748033" WIDTH="36.56692913385827" VPOS="412.4409448818898" HPOS="110.83464566929133" CONTENT="pas" ID="tl_6_1" STYLEREFS="FONT0"/>
            <SP HEIGHT="17.007874015748033" WIDTH="5.102362204724409" VPOS="412.4409448818898" HPOS="147.11811023622047"/>
            <String HEIGHT="17.007874015748033" WIDTH="52.15748031496063" VPOS="412.4409448818898" HPOS="131.5275590551181" CONTENT="permis" ID="tl_6_2" STYLEREFS="FONT0"/>
            <SP HEIGHT="17.007874015748033" WIDTH="5.102362204724409" VPOS="412.4409448818898" HPOS="183.68503937007873"/>
            <String HEIGHT="17.007874015748033" WIDTH="31.181102362204726" VPOS="412.4409448818898" HPOS="168.09448818897638" CONTENT="de" ID="tl_6_3" STYLEREFS="FONT0"/>
            <SP HEIGHT="17.007874015748033" WIDTH="5.102362204724409" VPOS="412.4409448818898" HPOS="199.2755905511811"/>
            <String HEIGHT="17.007874015748033" WIDTH="67.74803149606299" VPOS="412.4409448818898" HPOS="183.68503937007873" CONTENT="présenter" ID="tl_6_4" STYLEREFS="FONT0"/>
            <SP HEIGHT="17.007874015748033" WIDTH="5.102362204724409" VPOS="412.4409448818898" HPOS="251.43307086614172"/>
            <String HEIGHT="17.007874015748033" WIDTH="67.74803149606299" VPOS="412.4409448818898" HPOS="235.84251968503938" CONTENT="plusieurs" ID="tl_6_5" STYLEREFS="FONT0"/>
            <SP HEIGHT="17.007874015748033" WIDTH="5.102362204724409" VPOS="412.4409448818898" HPOS="303.59055118110234"/>
            <String HEIGHT="17.007874015748033" WIDTH="67.74803149606299" VPOS="412.4409448818898" HPOS="288.0" CONTENT="artistes;" ID="tl_6_6" STYLEREFS="FONT0"/>
            <SP HEIGHT="17.007874015748033" WIDTH="5.102362204724409" VPOS="412.4409448818898" HPOS="355.748031496063"/>
            <String HEIGHT="17.007874015748033" WIDTH="31.181102362204726" VPOS="412.4409448818898" HPOS="340.15748031496065" CONTENT="en" ID="tl_6_7" STYLEREFS="FONT0"/>
            <SP HEIGHT="17.007874015748033" WIDTH="5.102362204724409" VPOS="412.4409448818898" HPOS="371.62204724409446"/>
            <String HEIGHT="17.007874015748033" WIDTH="52.15748031496063" VPOS="412.4409448818898" HPOS="355.748031496063" CONTENT="effet," ID="tl_6_8" STYLEREFS="FONT0"/>
            <SP HEIGHT="17.007874015748033" WIDTH="5.102362204724409" VPOS="412.4409448818898" HPOS="407.90551181102364"/>
            <String HEIGHT="17.007874015748033" WIDTH="36.56692913385827" VPOS="412.4409448818898" HPOS="392.31496062992125" CONTENT="les" ID="tl_6_9" STYLEREFS="FONT0"/>
            <SP HEIGHT="17.007874015748033" WIDTH="5.102362204724409" VPOS="412.4409448818898" HPOS="428.88188976377955"/>
            <String HEIGHT="17.007874015748033" WIDTH="47.05511811023622" VPOS="412.4409448818898" HPOS="413.29133858267716" CONTENT="frais" ID="tl_6_10" STYLEREFS="FONT0"/>
            <SP HEIGHT="17.007874015748033" WIDTH="5.102362204724409" VPOS="412.4409448818898" HPOS="460.06299212598424"/>
            <String HEIGHT="17.007874015748033" WIDTH="57.25984251968504" VPOS="412.4409448818898" HPOS="444.4724409448819" CONTENT="énormes" ID="tl_6_11" STYLEREFS="FONT0"/>
            <SP HEIGHT="17.007874015748033" WIDTH="5.102362204724409" VPOS="412.4409448818898" HPOS="502.01574803149606"/>
            <String HEIGHT="17.007874015748033" WIDTH="26.078740157480315" VPOS="412.4409448818898" HPOS="481.03937007874015" CONTENT="que" ID="tl_6_12" STYLEREFS="FONT0"/>
          </TextLine>
          <TextLine ID="tl_7" BASELINE="1549" HEIGHT="12.188976377952756" WIDTH="391.18110236220474" VPOS="426.8976377952756" HPOS="116.22047244094489">
            <String HEIGHT="12.188976377952756" WIDTH="77.10236220472441" VPOS="426.8976377952756" HPOS="111.11811023622047" CONTENT="nécessitent" ID="tl_7_1" STYLEREFS="FONT0"/>
            <SP HEIGHT="12.188976377952756" WIDTH="5.102362204724409" VPOS="426.8976377952756" HPOS="188.2204724409449"/>
            <String HEIGHT="12.188976377952756" WIDTH="36.0" VPOS="426.8976377952756" HPOS="172.91338582677164" CONTENT="les" ID="tl_7_2" STYLEREFS="FONT0"/>
            <SP HEIGHT="12.188976377952756" WIDTH="5.102362204724409" VPOS="426.8976377952756" HPOS="208.91338582677164"/>
            <String HEIGHT="12.188976377952756" WIDTH="82.48818897637796" VPOS="426.8976377952756" HPOS="193.3228346456693" CONTENT="déplacements" ID="tl_7_3" STYLEREFS="FONT0"/>
            <SP HEIGHT="12.188976377952756" WIDTH="5.102362204724409" VPOS="426.8976377952756" HPOS="275.81102362204723"/>
            <String HEIGHT="12.188976377952756" WIDTH="41.10236220472441" VPOS="426.8976377952756" HPOS="260.2204724409449" CONTENT="sont" ID="tl_7_4" STYLEREFS="FONT0"/>
            <SP HEIGHT="12.188976377952756" WIDTH="5.102362204724409" VPOS="426.8976377952756" HPOS="301.6062992125984"/>
            <String HEIGHT="12.188976377952756" WIDTH="87.59055118110236" VPOS="426.8976377952756" HPOS="286.01574803149606" CONTENT="partiellement" ID="tl_7_5" STYLEREFS="FONT0"/>
            <SP HEIGHT="12.188976377952756" WIDTH="5.102362204724409" VPOS="426.8976377952756" HPOS="373.6062992125984"/>
            <String HEIGHT="12.188976377952756" WIDTH="25.79527559055118" VPOS="426.8976377952756" HPOS="358.01574803149606" CONTENT="à" ID="tl_7_6" STYLEREFS="FONT0"/>
            <SP HEIGHT="12.188976377952756" WIDTH="5.102362204724409" VPOS="426.8976377952756" HPOS="383.81102362204723"/>
            <String HEIGHT="12.188976377952756" WIDTH="30.89763779527559" VPOS="426.8976377952756" HPOS="368.503937007874" CONTENT="la" ID="tl_7_7" STYLEREFS="FONT0"/>
            <SP HEIGHT="12.188976377952756" WIDTH="5.102362204724409" VPOS="426.8976377952756" HPOS="399.40157480314963"/>
            <String HEIGHT="12.188976377952756" WIDTH="51.59055118110236" VPOS="426.8976377952756" HPOS="383.81102362204723" CONTENT="charge" ID="tl_7_8" STYLEREFS="FONT0"/>
            <SP HEIGHT="12.188976377952756" WIDTH="5.102362204724409" VPOS="426.8976377952756" HPOS="435.40157480314963"/>
            <String HEIGHT="12.188976377952756" WIDTH="36.0" VPOS="426.8976377952756" HPOS="419.81102362204723" CONTENT="des" ID="tl_7_9" STYLEREFS="FONT0"/>
            <SP HEIGHT="12.188976377952756" WIDTH="5.102362204724409" VPOS="426.8976377952756" HPOS="455.81102362204723"/>
            <String HEIGHT="12.188976377952756" WIDTH="66.89763779527559" VPOS="426.8976377952756" HPOS="440.503937007874" CONTENT="artistes," ID="tl_7_10" STYLEREFS="FONT0"/>
            <SP HEIGHT="12.188976377952756" WIDTH="5.102362204724409" VPOS="426.8976377952756" HPOS="507.40157480314963"/>
            <String HEIGHT="12.188976377952756" WIDTH="20.69291338582677" VPOS="426.8976377952756" HPOS="486.70866141732284" CONTENT="le" ID="tl_7_11" STYLEREFS="FONT0"/>
          </TextLine>
          <TextLine ID="tl_8" BASELINE="1612" HEIGHT="17.858267716535433" WIDTH="391.46456692913387" VPOS="439.0866141732283" HPOS="115.93700787401575">
            <String HEIGHT="17.858267716535433" WIDTH="83.62204724409449" VPOS="439.0866141732283" HPOS="110.83464566929133" CONTENT="gouvernement" ID="tl_8_1" STYLEREFS="FONT0"/>
            <SP HEIGHT="17.858267716535433" WIDTH="5.102362204724409" VPOS="439.0866141732283" HPOS="194.17322834645668"/>
            <String HEIGHT="17.858267716535433" WIDTH="31.181102362204726" VPOS="439.0866141732283" HPOS="178.58267716535434" CONTENT="ne" ID="tl_8_2" STYLEREFS="FONT0"/>
            <SP HEIGHT="17.858267716535433" WIDTH="5.102362204724409" VPOS="439.0866141732283" HPOS="209.76377952755905"/>
            <String HEIGHT="17.858267716535433" WIDTH="62.645669291338585" VPOS="439.0866141732283" HPOS="194.17322834645668" CONTENT="pouvant," ID="tl_8_3" STYLEREFS="FONT0"/>
            <SP HEIGHT="17.858267716535433" WIDTH="5.102362204724409" VPOS="439.0866141732283" HPOS="256.81889763779526"/>
            <String HEIGHT="17.858267716535433" WIDTH="41.669291338582674" VPOS="439.0866141732283" HPOS="241.22834645669292" CONTENT="dans" ID="tl_8_4" STYLEREFS="FONT0"/>
            <SP HEIGHT="17.858267716535433" WIDTH="5.102362204724409" VPOS="439.0866141732283" HPOS="282.8976377952756"/>
            <String HEIGHT="17.858267716535433" WIDTH="52.15748031496063" VPOS="439.0866141732283" HPOS="267.3070866141732" CONTENT="l’état" ID="tl_8_5" STYLEREFS="FONT0"/>
            <SP HEIGHT="17.858267716535433" WIDTH="5.102362204724409" VPOS="439.0866141732283" HPOS="319.46456692913387"/>
            <String HEIGHT="17.858267716535433" WIDTH="52.15748031496063" VPOS="439.0866141732283" HPOS="303.87401574803147" CONTENT="actuel" ID="tl_8_6" STYLEREFS="FONT0"/>
            <SP HEIGHT="17.858267716535433" WIDTH="5.102362204724409" VPOS="439.0866141732283" HPOS="356.0314960629921"/>
            <String HEIGHT="17.858267716535433" WIDTH="36.56692913385827" VPOS="439.0866141732283" HPOS="340.4409448818898" CONTENT="des" ID="tl_8_7" STYLEREFS="FONT0"/>
            <SP HEIGHT="17.858267716535433" WIDTH="5.102362204724409" VPOS="439.0866141732283" HPOS="377.00787401574803"/>
            <String HEIGHT="17.858267716535433" WIDTH="57.54330708661417" VPOS="439.0866141732283" HPOS="361.13385826771656" CONTENT="choses," ID="tl_8_8" STYLEREFS="FONT0"/>
            <SP HEIGHT="17.858267716535433" WIDTH="5.102362204724409" VPOS="439.0866141732283" HPOS="418.6771653543307"/>
            <String HEIGHT="17.858267716535433" WIDTH="36.56692913385827" VPOS="439.0866141732283" HPOS="403.0866141732283" CONTENT="les" ID="tl_8_9" STYLEREFS="FONT0"/>
            <SP HEIGHT="17.858267716535433" WIDTH="5.102362204724409" VPOS="439.0866141732283" HPOS="439.65354330708664"/>
            <String HEIGHT="17.858267716535433" WIDTH="62.645669291338585" VPOS="439.0866141732283" HPOS="423.7795275590551" CONTENT="financer" ID="tl_8_10" STYLEREFS="FONT0"/>
            <SP HEIGHT="17.858267716535433" WIDTH="5.102362204724409" VPOS="439.0866141732283" HPOS="486.4251968503937"/>
            <String HEIGHT="17.858267716535433" WIDTH="41.669291338582674" VPOS="439.0866141732283" HPOS="465.73228346456693" CONTENT="entiè" ID="tl_8_11" STYLEREFS="FONT0"/>
          </TextLine>
          <TextLine ID="tl_9" BASELINE="1643" HEIGHT="15.023622047244094" WIDTH="41.10236220472441" VPOS="450.70866141732284" HPOS="115.93700787401575">
            <String HEIGHT="15.023622047244094" WIDTH="52.724409448818896" VPOS="450.70866141732284" HPOS="104.31496062992126" CONTENT="rement." ID="tl_9_1" STYLEREFS="FONT0"/>
          </TextLine>
        </TextBlock>
        <TextBlock ID="r_2_3" HEIGHT="106.2992125984252" WIDTH="389.1968503937008" VPOS="467.1496062992126" HPOS="117.63779527559055">
          <TextLine ID="tl_10" BASELINE="1690" HEIGHT="18.141732283464567" WIDTH="381.54330708661416" VPOS="460.9133858267717" HPOS="126.4251968503937">
            <String HEIGHT="18.141732283464567" WIDTH="60.09448818897638" VPOS="460.9133858267717" HPOS="121.03937007874016" CONTENT="D’autre" ID="tl_10_1" STYLEREFS="FONT0"/>
            <SP HEIGHT="18.141732283464567" WIDTH="5.3858267716535435" VPOS="460.9133858267717" HPOS="180.8503937007874"/>
            <String HEIGHT="18.141732283464567" WIDTH="49.039370078740156" VPOS="460.9133858267717" HPOS="164.69291338582678" CONTENT="part," ID="tl_10_2" STYLEREFS="FONT0"/>
            <SP HEIGHT="18.141732283464567" WIDTH="5.3858267716535435" VPOS="460.9133858267717" HPOS="213.73228346456693"/>
            <String HEIGHT="18.141732283464567" WIDTH="49.039370078740156" VPOS="460.9133858267717" HPOS="197.29133858267716" CONTENT="parmi" ID="tl_10_3" STYLEREFS="FONT0"/>
            <SP HEIGHT="18.141732283464567" WIDTH="5.3858267716535435" VPOS="460.9133858267717" HPOS="246.33070866141733"/>
            <String HEIGHT="18.141732283464567" WIDTH="38.267716535433074" VPOS="460.9133858267717" HPOS="229.88976377952756" CONTENT="les" ID="tl_10_4" STYLEREFS="FONT0"/>
            <SP HEIGHT="18.141732283464567" WIDTH="5.3858267716535435" VPOS="460.9133858267717" HPOS="268.15748031496065"/>
            <String HEIGHT="18.141732283464567" WIDTH="65.48031496062993" VPOS="460.9133858267717" HPOS="251.71653543307087" CONTENT="peintres" ID="tl_10_5" STYLEREFS="FONT0"/>
            <SP HEIGHT="18.141732283464567" WIDTH="5.3858267716535435" VPOS="460.9133858267717" HPOS="317.1968503937008"/>
            <String HEIGHT="18.141732283464567" WIDTH="76.25196850393701" VPOS="460.9133858267717" HPOS="300.755905511811" CONTENT="philippins" ID="tl_10_6" STYLEREFS="FONT0"/>
            <SP HEIGHT="18.141732283464567" WIDTH="5.3858267716535435" VPOS="460.9133858267717" HPOS="377.29133858267716"/>
            <String HEIGHT="18.141732283464567" WIDTH="38.267716535433074" VPOS="460.9133858267717" HPOS="360.8503937007874" CONTENT="que" ID="tl_10_7" STYLEREFS="FONT0"/>
            <SP HEIGHT="18.141732283464567" WIDTH="5.3858267716535435" VPOS="460.9133858267717" HPOS="398.8346456692913"/>
            <String HEIGHT="18.141732283464567" WIDTH="43.653543307086615" VPOS="460.9133858267717" HPOS="382.6771653543307" CONTENT="nous" ID="tl_10_8" STYLEREFS="FONT0"/>
            <SP HEIGHT="18.141732283464567" WIDTH="5.3858267716535435" VPOS="460.9133858267717" HPOS="426.3307086614173"/>
            <String HEIGHT="18.141732283464567" WIDTH="81.63779527559055" VPOS="460.9133858267717" HPOS="409.8897637795276" CONTENT="considérons" ID="tl_10_9" STYLEREFS="FONT0"/>
            <SP HEIGHT="18.141732283464567" WIDTH="5.3858267716535435" VPOS="460.9133858267717" HPOS="491.5275590551181"/>
            <String HEIGHT="18.141732283464567" WIDTH="38.267716535433074" VPOS="460.9133858267717" HPOS="469.7007874015748" CONTENT="comme" ID="tl_10_10" STYLEREFS="FONT0"/>
          </TextLine>
          <TextLine ID="tl_11" BASELINE="1731" HEIGHT="11.905511811023622" WIDTH="392.59842519685037" VPOS="478.7716535433071" HPOS="115.65354330708661">
            <String HEIGHT="11.905511811023622" WIDTH="48.47244094488189" VPOS="478.7716535433071" HPOS="110.26771653543307" CONTENT="ayant" ID="tl_11_1" STYLEREFS="FONT0"/>
            <SP HEIGHT="11.905511811023622" WIDTH="5.3858267716535435" VPOS="478.7716535433071" HPOS="158.74015748031496"/>
            <String HEIGHT="11.905511811023622" WIDTH="37.7007874015748" VPOS="478.7716535433071" HPOS="142.58267716535434" CONTENT="une" ID="tl_11_2" STYLEREFS="FONT0"/>
            <SP HEIGHT="11.905511811023622" WIDTH="5.3858267716535435" VPOS="478.7716535433071" HPOS="180.28346456692913"/>
            <String HEIGHT="11.905511811023622" WIDTH="64.62992125984252" VPOS="478.7716535433071" HPOS="164.1259842519685" CONTENT="certaine" ID="tl_11_3" STYLEREFS="FONT0"/>
            <SP HEIGHT="11.905511811023622" WIDTH="5.3858267716535435" VPOS="478.7716535433071" HPOS="228.4724409448819"/>
            <String HEIGHT="11.905511811023622" WIDTH="59.24409448818898" VPOS="478.7716535433071" HPOS="212.5984251968504" CONTENT="valeur," ID="tl_11_4" STYLEREFS="FONT0"/>
            <SP HEIGHT="11.905511811023622" WIDTH="5.3858267716535435" VPOS="478.7716535433071" HPOS="271.5590551181102"/>
            <String HEIGHT="11.905511811023622" WIDTH="43.08661417322835" VPOS="478.7716535433071" HPOS="255.4015748031496" CONTENT="nous" ID="tl_11_5" STYLEREFS="FONT0"/>
            <SP HEIGHT="11.905511811023622" WIDTH="5.3858267716535435" VPOS="478.7716535433071" HPOS="298.48818897637796"/>
            <String HEIGHT="11.905511811023622" WIDTH="53.85826771653543" VPOS="478.7716535433071" HPOS="282.3307086614173" CONTENT="sommes" ID="tl_11_6" STYLEREFS="FONT0"/>
            <SP HEIGHT="11.905511811023622" WIDTH="5.3858267716535435" VPOS="478.7716535433071" HPOS="336.18897637795277"/>
            <String HEIGHT="11.905511811023622" WIDTH="70.01574803149606" VPOS="478.7716535433071" HPOS="320.0314960629921" CONTENT="persuadés" ID="tl_11_7" STYLEREFS="FONT0"/>
            <SP HEIGHT="11.905511811023622" WIDTH="5.3858267716535435" VPOS="478.7716535433071" HPOS="390.0472440944882"/>
            <String HEIGHT="11.905511811023622" WIDTH="48.47244094488189" VPOS="478.7716535433071" HPOS="373.8897637795276" CONTENT="qu’un" ID="tl_11_8" STYLEREFS="FONT0"/>
            <SP HEIGHT="11.905511811023622" WIDTH="5.3858267716535435" VPOS="478.7716535433071" HPOS="422.0787401574803"/>
            <String HEIGHT="11.905511811023622" WIDTH="43.08661417322835" VPOS="478.7716535433071" HPOS="406.20472440944883" CONTENT="seul" ID="tl_11_9" STYLEREFS="FONT0"/>
            <SP HEIGHT="11.905511811023622" WIDTH="5.3858267716535435" VPOS="478.7716535433071" HPOS="449.00787401574803"/>
            <String HEIGHT="11.905511811023622" WIDTH="53.85826771653543" VPOS="478.7716535433071" HPOS="432.8503937007874" CONTENT="domine" ID="tl_11_10" STYLEREFS="FONT0"/>
            <SP HEIGHT="11.905511811023622" WIDTH="5.3858267716535435" VPOS="478.7716535433071" HPOS="486.70866141732284"/>
            <String HEIGHT="11.905511811023622" WIDTH="43.08661417322835" VPOS="478.7716535433071" HPOS="465.1653543307087" CONTENT="large" SUBS_TYPE="HypPart1" SUBS_CONTENT="largement" ID="tl_11_11" STYLEREFS="FONT0"/>
            <HYP CONTENT="-"/>
          </TextLine>
          <TextLine ID="tl_12" BASELINE="1793" HEIGHT="15.307086614173228" WIDTH="392.0314960629921" VPOS="492.9448818897638" HPOS="116.50393700787401">
            <String HEIGHT="15.307086614173228" WIDTH="43.08661417322835" VPOS="492.9448818897638" HPOS="111.11811023622047" CONTENT="ment" SUBS_TYPE="HypPart2" SUBS_CONTENT="largement" ID="tl_12_1" STYLEREFS="FONT0"/>
            <SP HEIGHT="15.307086614173228" WIDTH="5.3858267716535435" VPOS="492.9448818897638" HPOS="154.20472440944883"/>
            <String HEIGHT="15.307086614173228" WIDTH="43.08661417322835" VPOS="492.9448818897638" HPOS="138.04724409448818" CONTENT="tous" ID="tl_12_2" STYLEREFS="FONT0"/>
            <SP HEIGHT="15.307086614173228" WIDTH="5.3858267716535435" VPOS="492.9448818897638" HPOS="180.8503937007874"/>
            <String HEIGHT="15.307086614173228" WIDTH="37.7007874015748" VPOS="492.9448818897638" HPOS="164.9763779527559" CONTENT="les" ID="tl_12_3" STYLEREFS="FONT0"/>
            <SP HEIGHT="15.307086614173228" WIDTH="5.3858267716535435" VPOS="492.9448818897638" HPOS="202.39370078740157"/>
            <String HEIGHT="15.307086614173228" WIDTH="58.960629921259844" VPOS="492.9448818897638" HPOS="186.23622047244095" CONTENT="autres." ID="tl_12_4" STYLEREFS="FONT0"/>
            <SP HEIGHT="15.307086614173228" WIDTH="5.3858267716535435" VPOS="492.9448818897638" HPOS="245.48031496062993"/>
            <String HEIGHT="15.307086614173228" WIDTH="43.08661417322835" VPOS="492.9448818897638" HPOS="229.3228346456693" CONTENT="Nous" ID="tl_12_5" STYLEREFS="FONT0"/>
            <SP HEIGHT="15.307086614173228" WIDTH="5.3858267716535435" VPOS="492.9448818897638" HPOS="272.12598425196853"/>
            <String HEIGHT="15.307086614173228" WIDTH="53.574803149606296" VPOS="492.9448818897638" HPOS="256.251968503937" CONTENT="sommes" ID="tl_12_6" STYLEREFS="FONT0"/>
            <SP HEIGHT="15.307086614173228" WIDTH="5.3858267716535435" VPOS="492.9448818897638" HPOS="309.8267716535433"/>
            <String HEIGHT="15.307086614173228" WIDTH="43.08661417322835" VPOS="492.9448818897638" HPOS="293.6692913385827" CONTENT="très" ID="tl_12_7" STYLEREFS="FONT0"/>
            <SP HEIGHT="15.307086614173228" WIDTH="5.3858267716535435" VPOS="492.9448818897638" HPOS="336.755905511811"/>
            <String HEIGHT="15.307086614173228" WIDTH="58.960629921259844" VPOS="492.9448818897638" HPOS="320.59842519685037" CONTENT="heureux" ID="tl_12_8" STYLEREFS="FONT0"/>
            <SP HEIGHT="15.307086614173228" WIDTH="5.3858267716535435" VPOS="492.9448818897638" HPOS="379.5590551181102"/>
            <String HEIGHT="15.307086614173228" WIDTH="32.31496062992126" VPOS="492.9448818897638" HPOS="363.40157480314963" CONTENT="de" ID="tl_12_9" STYLEREFS="FONT0"/>
            <SP HEIGHT="15.307086614173228" WIDTH="5.3858267716535435" VPOS="492.9448818897638" HPOS="395.7165354330709"/>
            <String HEIGHT="15.307086614173228" WIDTH="43.08661417322835" VPOS="492.9448818897638" HPOS="379.5590551181102" CONTENT="vous" ID="tl_12_10" STYLEREFS="FONT0"/>
            <SP HEIGHT="15.307086614173228" WIDTH="5.3858267716535435" VPOS="492.9448818897638" HPOS="422.6456692913386"/>
            <String HEIGHT="15.307086614173228" WIDTH="69.73228346456693" VPOS="492.9448818897638" HPOS="406.48818897637796" CONTENT="présenter" ID="tl_12_11" STYLEREFS="FONT0"/>
            <SP HEIGHT="15.307086614173228" WIDTH="5.3858267716535435" VPOS="492.9448818897638" HPOS="476.2204724409449"/>
            <String HEIGHT="15.307086614173228" WIDTH="32.31496062992126" VPOS="492.9448818897638" HPOS="460.06299212598424" CONTENT="M." ID="tl_12_12" STYLEREFS="FONT0"/>
            <SP HEIGHT="15.307086614173228" WIDTH="5.3858267716535435" VPOS="492.9448818897638" HPOS="492.37795275590554"/>
            <String HEIGHT="15.307086614173228" WIDTH="37.7007874015748" VPOS="492.9448818897638" HPOS="470.8346456692913" CONTENT="Oscar" ID="tl_12_13" STYLEREFS="FONT0"/>
          </TextLine>
          <TextLine ID="tl_13" BASELINE="1827" HEIGHT="13.32283464566929" WIDTH="393.1653543307087" VPOS="504.56692913385825" HPOS="115.37007874015748">
            <String HEIGHT="13.32283464566929" WIDTH="64.62992125984252" VPOS="504.56692913385825" HPOS="110.26771653543307" CONTENT="Zalameda," ID="tl_13_1" STYLEREFS="FONT0"/>
            <SP HEIGHT="13.32283464566929" WIDTH="5.102362204724409" VPOS="504.56692913385825" HPOS="175.1811023622047"/>
            <String HEIGHT="13.32283464566929" WIDTH="34.86614173228347" VPOS="504.56692913385825" HPOS="160.15748031496062" CONTENT="qui" ID="tl_13_2" STYLEREFS="FONT0"/>
            <SP HEIGHT="13.32283464566929" WIDTH="5.102362204724409" VPOS="504.56692913385825" HPOS="195.0236220472441"/>
            <String HEIGHT="13.32283464566929" WIDTH="79.65354330708661" VPOS="504.56692913385825" HPOS="180.0" CONTENT="actuellement" ID="tl_13_3" STYLEREFS="FONT0"/>
            <SP HEIGHT="13.32283464566929" WIDTH="5.102362204724409" VPOS="504.56692913385825" HPOS="259.65354330708664"/>
            <String HEIGHT="13.32283464566929" WIDTH="54.70866141732284" VPOS="504.56692913385825" HPOS="244.62992125984252" CONTENT="réalise" ID="tl_13_4" STYLEREFS="FONT0"/>
            <SP HEIGHT="13.32283464566929" WIDTH="5.102362204724409" VPOS="504.56692913385825" HPOS="299.62204724409446"/>
            <String HEIGHT="13.32283464566929" WIDTH="29.763779527559056" VPOS="504.56692913385825" HPOS="284.59842519685037" CONTENT="le" ID="tl_13_5" STYLEREFS="FONT0"/>
            <SP HEIGHT="13.32283464566929" WIDTH="5.102362204724409" VPOS="504.56692913385825" HPOS="314.3622047244094"/>
            <String HEIGHT="13.32283464566929" WIDTH="44.78740157480315" VPOS="504.56692913385825" HPOS="299.62204724409446" CONTENT="mieux" ID="tl_13_6" STYLEREFS="FONT0"/>
            <SP HEIGHT="13.32283464566929" WIDTH="5.102362204724409" VPOS="504.56692913385825" HPOS="344.40944881889766"/>
            <String HEIGHT="13.32283464566929" WIDTH="69.73228346456693" VPOS="504.56692913385825" HPOS="329.38582677165357" CONTENT="l’alliance" ID="tl_13_7" STYLEREFS="FONT0"/>
            <SP HEIGHT="13.32283464566929" WIDTH="5.102362204724409" VPOS="504.56692913385825" HPOS="399.11811023622045"/>
            <String HEIGHT="13.32283464566929" WIDTH="29.763779527559056" VPOS="504.56692913385825" HPOS="384.09448818897636" CONTENT="de" ID="tl_13_8" STYLEREFS="FONT0"/>
            <SP HEIGHT="13.32283464566929" WIDTH="5.102362204724409" VPOS="504.56692913385825" HPOS="413.8582677165354"/>
            <String HEIGHT="13.32283464566929" WIDTH="84.4724409448819" VPOS="504.56692913385825" HPOS="399.11811023622045" CONTENT="l’inspiration" ID="tl_13_9" STYLEREFS="FONT0"/>
            <SP HEIGHT="13.32283464566929" WIDTH="5.102362204724409" VPOS="504.56692913385825" HPOS="483.59055118110234"/>
            <String HEIGHT="13.32283464566929" WIDTH="44.78740157480315" VPOS="504.56692913385825" HPOS="463.748031496063" CONTENT="commune" ID="tl_13_10" STYLEREFS="FONT0"/>
          </TextLine>
          <TextLine ID="tl_14" BASELINE="1881" HEIGHT="16.15748031496063" WIDTH="392.88188976377955" VPOS="517.0393700787401" HPOS="115.65354330708661">
            <String HEIGHT="16.15748031496063" WIDTH="25.511811023622048" VPOS="517.0393700787401" HPOS="110.55118110236221" CONTENT="à" ID="tl_14_1" STYLEREFS="FONT0"/>
            <SP HEIGHT="16.15748031496063" WIDTH="5.102362204724409" VPOS="517.0393700787401" HPOS="136.06299212598427"/>
            <String HEIGHT="16.15748031496063" WIDTH="40.818897637795274" VPOS="517.0393700787401" HPOS="120.75590551181102" CONTENT="tous" ID="tl_14_2" STYLEREFS="FONT0"/>
            <SP HEIGHT="16.15748031496063" WIDTH="5.102362204724409" VPOS="517.0393700787401" HPOS="161.5748031496063"/>
            <String HEIGHT="16.15748031496063" WIDTH="35.71653543307087" VPOS="517.0393700787401" HPOS="146.26771653543307" CONTENT="nos" ID="tl_14_3" STYLEREFS="FONT0"/>
            <SP HEIGHT="16.15748031496063" WIDTH="5.102362204724409" VPOS="517.0393700787401" HPOS="181.98425196850394"/>
            <String HEIGHT="16.15748031496063" WIDTH="61.22834645669291" VPOS="517.0393700787401" HPOS="166.6771653543307" CONTENT="artistes" ID="tl_14_4" STYLEREFS="FONT0"/>
            <SP HEIGHT="16.15748031496063" WIDTH="5.102362204724409" VPOS="517.0393700787401" HPOS="227.90551181102362"/>
            <String HEIGHT="16.15748031496063" WIDTH="30.614173228346456" VPOS="517.0393700787401" HPOS="212.5984251968504" CONTENT="et" ID="tl_14_5" STYLEREFS="FONT0"/>
            <SP HEIGHT="16.15748031496063" WIDTH="5.102362204724409" VPOS="517.0393700787401" HPOS="243.21259842519686"/>
            <String HEIGHT="16.15748031496063" WIDTH="30.614173228346456" VPOS="517.0393700787401" HPOS="227.90551181102362" CONTENT="de" ID="tl_14_6" STYLEREFS="FONT0"/>
            <SP HEIGHT="16.15748031496063" WIDTH="5.102362204724409" VPOS="517.0393700787401" HPOS="258.5196850393701"/>
            <String HEIGHT="16.15748031496063" WIDTH="30.614173228346456" VPOS="517.0393700787401" HPOS="243.21259842519686" CONTENT="la" ID="tl_14_7" STYLEREFS="FONT0"/>
            <SP HEIGHT="16.15748031496063" WIDTH="5.102362204724409" VPOS="517.0393700787401" HPOS="273.8267716535433"/>
            <String HEIGHT="16.15748031496063" WIDTH="61.22834645669291" VPOS="517.0393700787401" HPOS="258.5196850393701" CONTENT="peinture" ID="tl_14_8" STYLEREFS="FONT0"/>
            <SP HEIGHT="16.15748031496063" WIDTH="5.102362204724409" VPOS="517.0393700787401" HPOS="319.748031496063"/>
            <String HEIGHT="16.15748031496063" WIDTH="66.33070866141732" VPOS="517.0393700787401" HPOS="304.4409448818898" CONTENT="abstraite" ID="tl_14_9" STYLEREFS="FONT0"/>
            <SP HEIGHT="16.15748031496063" WIDTH="5.102362204724409" VPOS="517.0393700787401" HPOS="370.7716535433071"/>
            <String HEIGHT="16.15748031496063" WIDTH="61.22834645669291" VPOS="517.0393700787401" HPOS="355.46456692913387" CONTENT="moderne." ID="tl_14_10" STYLEREFS="FONT0"/>
            <SP HEIGHT="16.15748031496063" WIDTH="5.102362204724409" VPOS="517.0393700787401" HPOS="416.6929133858268"/>
            <String HEIGHT="16.15748031496063" WIDTH="45.92125984251968" VPOS="517.0393700787401" HPOS="401.38582677165357" CONTENT="C’est" ID="tl_14_11" STYLEREFS="FONT0"/>
            <SP HEIGHT="16.15748031496063" WIDTH="5.102362204724409" VPOS="517.0393700787401" HPOS="447.3070866141732"/>
            <String HEIGHT="16.15748031496063" WIDTH="40.818897637795274" VPOS="517.0393700787401" HPOS="432.0" CONTENT="donc" ID="tl_14_12" STYLEREFS="FONT0"/>
            <SP HEIGHT="16.15748031496063" WIDTH="5.102362204724409" VPOS="517.0393700787401" HPOS="472.81889763779526"/>
            <String HEIGHT="16.15748031496063" WIDTH="25.511811023622048" VPOS="517.0393700787401" HPOS="457.51181102362204" CONTENT="à" ID="tl_14_13" STYLEREFS="FONT0"/>
            <SP HEIGHT="16.15748031496063" WIDTH="5.102362204724409" VPOS="517.0393700787401" HPOS="483.0236220472441"/>
            <String HEIGHT="16.15748031496063" WIDTH="30.614173228346456" VPOS="517.0393700787401" HPOS="467.7165354330709" CONTENT="la" ID="tl_14_14" STYLEREFS="FONT0"/>
            <SP HEIGHT="16.15748031496063" WIDTH="5.102362204724409" VPOS="517.0393700787401" HPOS="498.3307086614173"/>
            <String HEIGHT="16.15748031496063" WIDTH="30.614173228346456" VPOS="517.0393700787401" HPOS="477.9212598425197" CONTENT="fois" ID="tl_14_15" STYLEREFS="FONT0"/>
          </TextLine>
          <TextLine ID="tl_15" BASELINE="1937" HEIGHT="18.708661417322833" WIDTH="393.1653543307087" VPOS="530.3622047244095" HPOS="115.93700787401575">
            <String HEIGHT="18.708661417322833" WIDTH="32.31496062992126" VPOS="530.3622047244095" HPOS="110.55118110236221" CONTENT="sa" ID="tl_15_1" STYLEREFS="FONT0"/>
            <SP HEIGHT="18.708661417322833" WIDTH="5.3858267716535435" VPOS="530.3622047244095" HPOS="142.86614173228347"/>
            <String HEIGHT="18.708661417322833" WIDTH="53.85826771653543" VPOS="530.3622047244095" HPOS="126.70866141732283" CONTENT="classe" ID="tl_15_2" STYLEREFS="FONT0"/>
            <SP HEIGHT="18.708661417322833" WIDTH="5.3858267716535435" VPOS="530.3622047244095" HPOS="180.56692913385828"/>
            <String HEIGHT="18.708661417322833" WIDTH="37.7007874015748" VPOS="530.3622047244095" HPOS="164.40944881889763" CONTENT="(il" ID="tl_15_3" STYLEREFS="FONT0"/>
            <SP HEIGHT="18.708661417322833" WIDTH="5.3858267716535435" VPOS="530.3622047244095" HPOS="202.11023622047244"/>
            <String HEIGHT="18.708661417322833" WIDTH="26.929133858267715" VPOS="530.3622047244095" HPOS="185.95275590551182" CONTENT="a" ID="tl_15_4" STYLEREFS="FONT0"/>
            <SP HEIGHT="18.708661417322833" WIDTH="5.3858267716535435" VPOS="530.3622047244095" HPOS="212.88188976377953"/>
            <String HEIGHT="18.708661417322833" WIDTH="64.62992125984252" VPOS="530.3622047244095" HPOS="196.7244094488189" CONTENT="remporté" ID="tl_15_5" STYLEREFS="FONT0"/>
            <SP HEIGHT="18.708661417322833" WIDTH="5.3858267716535435" VPOS="530.3622047244095" HPOS="261.3543307086614"/>
            <String HEIGHT="18.708661417322833" WIDTH="32.31496062992126" VPOS="530.3622047244095" HPOS="245.1968503937008" CONTENT="de" ID="tl_15_6" STYLEREFS="FONT0"/>
            <SP HEIGHT="18.708661417322833" WIDTH="5.3858267716535435" VPOS="530.3622047244095" HPOS="277.51181102362204"/>
            <String HEIGHT="18.708661417322833" WIDTH="48.47244094488189" VPOS="530.3622047244095" HPOS="261.3543307086614" CONTENT="beaux" ID="tl_15_7" STYLEREFS="FONT0"/>
            <SP HEIGHT="18.708661417322833" WIDTH="5.3858267716535435" VPOS="530.3622047244095" HPOS="309.8267716535433"/>
            <String HEIGHT="18.708661417322833" WIDTH="53.85826771653543" VPOS="530.3622047244095" HPOS="293.6692913385827" CONTENT="succès" ID="tl_15_8" STYLEREFS="FONT0"/>
            <SP HEIGHT="18.708661417322833" WIDTH="5.3858267716535435" VPOS="530.3622047244095" HPOS="347.5275590551181"/>
            <String HEIGHT="18.708661417322833" WIDTH="43.08661417322835" VPOS="530.3622047244095" HPOS="331.37007874015745" CONTENT="dans" ID="tl_15_9" STYLEREFS="FONT0"/>
            <SP HEIGHT="18.708661417322833" WIDTH="5.3858267716535435" VPOS="530.3622047244095" HPOS="374.45669291338584"/>
            <String HEIGHT="18.708661417322833" WIDTH="64.62992125984252" VPOS="530.3622047244095" HPOS="358.2992125984252" CONTENT="d’autres" ID="tl_15_10" STYLEREFS="FONT0"/>
            <SP HEIGHT="18.708661417322833" WIDTH="5.3858267716535435" VPOS="530.3622047244095" HPOS="422.92913385826773"/>
            <String HEIGHT="18.708661417322833" WIDTH="48.47244094488189" VPOS="530.3622047244095" HPOS="406.7716535433071" CONTENT="pays)" ID="tl_15_11" STYLEREFS="FONT0"/>
            <SP HEIGHT="18.708661417322833" WIDTH="5.3858267716535435" VPOS="530.3622047244095" HPOS="455.244094488189"/>
            <String HEIGHT="18.708661417322833" WIDTH="32.31496062992126" VPOS="530.3622047244095" HPOS="439.0866141732283" CONTENT="et" ID="tl_15_12" STYLEREFS="FONT0"/>
            <SP HEIGHT="18.708661417322833" WIDTH="5.3858267716535435" VPOS="530.3622047244095" HPOS="471.40157480314963"/>
            <String HEIGHT="18.708661417322833" WIDTH="32.31496062992126" VPOS="530.3622047244095" HPOS="455.244094488189" CONTENT="sa" ID="tl_15_13" STYLEREFS="FONT0"/>
            <SP HEIGHT="18.708661417322833" WIDTH="5.3858267716535435" VPOS="530.3622047244095" HPOS="487.5590551181102"/>
            <String HEIGHT="18.708661417322833" WIDTH="43.08661417322835" VPOS="530.3622047244095" HPOS="466.01574803149606" CONTENT="réelle" ID="tl_15_14" STYLEREFS="FONT0"/>
          </TextLine>
          <TextLine ID="tl_16" BASELINE="1976" HEIGHT="17.007874015748033" WIDTH="393.4488188976378" VPOS="543.1181102362204" HPOS="115.65354330708661">
            <String HEIGHT="17.007874015748033" WIDTH="60.661417322834644" VPOS="543.1181102362204" HPOS="110.55118110236221" CONTENT="facilité" ID="tl_16_1" STYLEREFS="FONT0"/>
            <SP HEIGHT="17.007874015748033" WIDTH="5.102362204724409" VPOS="543.1181102362204" HPOS="171.21259842519686"/>
            <String HEIGHT="17.007874015748033" WIDTH="80.78740157480316" VPOS="543.1181102362204" HPOS="155.90551181102362" CONTENT="d’adaptation" ID="tl_16_2" STYLEREFS="FONT0"/>
            <SP HEIGHT="17.007874015748033" WIDTH="5.102362204724409" VPOS="543.1181102362204" HPOS="236.69291338582678"/>
            <String HEIGHT="17.007874015748033" WIDTH="35.43307086614173" VPOS="543.1181102362204" HPOS="221.66929133858267" CONTENT="aux" ID="tl_16_3" STYLEREFS="FONT0"/>
            <SP HEIGHT="17.007874015748033" WIDTH="5.102362204724409" VPOS="543.1181102362204" HPOS="256.81889763779526"/>
            <String HEIGHT="17.007874015748033" WIDTH="50.45669291338583" VPOS="543.1181102362204" HPOS="241.79527559055117" CONTENT="grands" ID="tl_16_4" STYLEREFS="FONT0"/>
            <SP HEIGHT="17.007874015748033" WIDTH="5.102362204724409" VPOS="543.1181102362204" HPOS="292.251968503937"/>
            <String HEIGHT="17.007874015748033" WIDTH="60.661417322834644" VPOS="543.1181102362204" HPOS="276.9448818897638" CONTENT="courants" ID="tl_16_5" STYLEREFS="FONT0"/>
            <SP HEIGHT="17.007874015748033" WIDTH="5.102362204724409" VPOS="543.1181102362204" HPOS="337.6062992125984"/>
            <String HEIGHT="17.007874015748033" WIDTH="60.661417322834644" VPOS="543.1181102362204" HPOS="322.5826771653543" CONTENT="actuels," ID="tl_16_6" STYLEREFS="FONT0"/>
            <SP HEIGHT="17.007874015748033" WIDTH="5.102362204724409" VPOS="543.1181102362204" HPOS="382.96062992125985"/>
            <String HEIGHT="17.007874015748033" WIDTH="35.43307086614173" VPOS="543.1181102362204" HPOS="367.93700787401576" CONTENT="qui" ID="tl_16_7" STYLEREFS="FONT0"/>
            <SP HEIGHT="17.007874015748033" WIDTH="5.102362204724409" VPOS="543.1181102362204" HPOS="403.0866141732283"/>
            <String HEIGHT="17.007874015748033" WIDTH="40.25196850393701" VPOS="543.1181102362204" HPOS="388.06299212598424" CONTENT="nous" ID="tl_16_8" STYLEREFS="FONT0"/>
            <SP HEIGHT="17.007874015748033" WIDTH="5.102362204724409" VPOS="543.1181102362204" HPOS="428.31496062992125"/>
            <String HEIGHT="17.007874015748033" WIDTH="45.354330708661415" VPOS="543.1181102362204" HPOS="413.29133858267716" CONTENT="l’ont" ID="tl_16_9" STYLEREFS="FONT0"/>
            <SP HEIGHT="17.007874015748033" WIDTH="5.102362204724409" VPOS="543.1181102362204" HPOS="458.6456692913386"/>
            <String HEIGHT="17.007874015748033" WIDTH="40.25196850393701" VPOS="543.1181102362204" HPOS="443.62204724409446" CONTENT="fait" ID="tl_16_10" STYLEREFS="FONT0"/>
            <SP HEIGHT="17.007874015748033" WIDTH="5.102362204724409" VPOS="543.1181102362204" HPOS="483.87401574803147"/>
            <String HEIGHT="17.007874015748033" WIDTH="45.354330708661415" VPOS="543.1181102362204" HPOS="463.748031496063" CONTENT="choisir" ID="tl_16_11" STYLEREFS="FONT0"/>
          </TextLine>
          <TextLine ID="tl_17" BASELINE="2034" HEIGHT="18.4251968503937" WIDTH="320.31496062992125" VPOS="558.1417322834645" HPOS="116.78740157480316">
            <String HEIGHT="18.4251968503937" WIDTH="45.07086614173228" VPOS="558.1417322834645" HPOS="111.11811023622047" CONTENT="pour" ID="tl_17_1" STYLEREFS="FONT0"/>
            <SP HEIGHT="18.4251968503937" WIDTH="5.669291338582677" VPOS="558.1417322834645" HPOS="156.18897637795277"/>
            <String HEIGHT="18.4251968503937" WIDTH="84.18897637795276" VPOS="558.1417322834645" HPOS="139.1811023622047" CONTENT="représenter" ID="tl_17_2" STYLEREFS="FONT0"/>
            <SP HEIGHT="18.4251968503937" WIDTH="5.669291338582677" VPOS="558.1417322834645" HPOS="223.6535433070866"/>
            <String HEIGHT="18.4251968503937" WIDTH="106.86614173228347" VPOS="558.1417322834645" HPOS="206.64566929133858" CONTENT="authentiquement" ID="tl_17_3" STYLEREFS="FONT0"/>
            <SP HEIGHT="18.4251968503937" WIDTH="5.669291338582677" VPOS="558.1417322834645" HPOS="313.51181102362204"/>
            <String HEIGHT="18.4251968503937" WIDTH="33.732283464566926" VPOS="558.1417322834645" HPOS="296.503937007874" CONTENT="et" ID="tl_17_4" STYLEREFS="FONT0"/>
            <SP HEIGHT="18.4251968503937" WIDTH="5.669291338582677" VPOS="558.1417322834645" HPOS="330.23622047244095"/>
            <String HEIGHT="18.4251968503937" WIDTH="45.07086614173228" VPOS="558.1417322834645" HPOS="313.51181102362204" CONTENT="avec" ID="tl_17_5" STYLEREFS="FONT0"/>
            <SP HEIGHT="18.4251968503937" WIDTH="5.669291338582677" VPOS="558.1417322834645" HPOS="358.2992125984252"/>
            <String HEIGHT="18.4251968503937" WIDTH="45.07086614173228" VPOS="558.1417322834645" HPOS="341.5748031496063" CONTENT="brio" ID="tl_17_6" STYLEREFS="FONT0"/>
            <SP HEIGHT="18.4251968503937" WIDTH="5.669291338582677" VPOS="558.1417322834645" HPOS="386.6456692913386"/>
            <String HEIGHT="18.4251968503937" WIDTH="50.45669291338583" VPOS="558.1417322834645" HPOS="369.6377952755906" CONTENT="notre" ID="tl_17_7" STYLEREFS="FONT0"/>
            <SP HEIGHT="18.4251968503937" WIDTH="5.669291338582677" VPOS="558.1417322834645" HPOS="420.37795275590554"/>
            <String HEIGHT="18.4251968503937" WIDTH="39.40157480314961" VPOS="558.1417322834645" HPOS="397.7007874015748" CONTENT="pays." ID="tl_17_8" STYLEREFS="FONT0"/>
          </TextLine>
        </TextBlock>
        <GraphicalElement ID="r_3" HEIGHT="1.7007874015748032" WIDTH="106.2992125984252" VPOS="0.0" HPOS="400.81889763779526"/>
        <GraphicalElement ID="r_4" HEIGHT="0.8503937007874016" WIDTH="84.75590551181102" VPOS="0.0" HPOS="306.1417322834646"/>
        <GraphicalElement ID="r_5" HEIGHT="0.8503937007874016" WIDTH="82.77165354330708" VPOS="0.0" HPOS="211.1811023622047"/>
        <GraphicalElement ID="r_6" HEIGHT="0.8503937007874016" WIDTH="83.90551181102362" VPOS="0.0" HPOS="116.50393700787401"/>
        <GraphicalElement ID="r_7" HEIGHT="1.1338582677165354" WIDTH="81.35433070866142" VPOS="0.0" HPOS="22.677165354330707"/>
        <GraphicalElement ID="r_8" HEIGHT="1.1338582677165354" WIDTH="146.83464566929135" VPOS="623.9055118110236" HPOS="157.88976377952756"/>
        <GraphicalElement ID="r_9" HEIGHT="0.8503937007874016" WIDTH="101.76377952755905" VPOS="624.1889763779527" HPOS="318.61417322834643"/>
        <GraphicalElement ID="r_10" HEIGHT="1.1338582677165354" WIDTH="338.45669291338584" VPOS="624.4724409448819" HPOS="169.22834645669292"/>
        <GraphicalElement ID="r_11" HEIGHT="598.6771653543307" WIDTH="3.6850393700787403" VPOS="26.929133858267715" HPOS="0.0"/>
        <GraphicalElement ID="r_12" HEIGHT="126.70866141732283" WIDTH="2.8346456692913384" VPOS="488.40944881889766" HPOS="6.519685039370079"/>
        <GraphicalElement ID="r_13" HEIGHT="137.1968503937008" WIDTH="3.6850393700787403" VPOS="488.40944881889766" HPOS="8.503937007874017"/>
        <GraphicalElement ID="r_14" HEIGHT="51.874015748031496" WIDTH="1.4173228346456692" VPOS="488.40944881889766" HPOS="23.244094488188978"/>
        <GraphicalElement ID="r_15" HEIGHT="32.59842519685039" WIDTH="1.1338582677165354" VPOS="525.8267716535433" HPOS="24.661417322834644"/>
        <GraphicalElement ID="r_16" HEIGHT="114.51968503937007" WIDTH="1.984251968503937" VPOS="510.5196850393701" HPOS="29.19685039370079"/>
        <GraphicalElement ID="r_17" HEIGHT="125.29133858267717" WIDTH="1.7007874015748032" VPOS="220.8188976377953" HPOS="36.0"/>
        <GraphicalElement ID="r_18" HEIGHT="65.19685039370079" WIDTH="1.7007874015748032" VPOS="62.645669291338585" HPOS="37.41732283464567"/>
        <GraphicalElement ID="r_19" HEIGHT="60.661417322834644" WIDTH="1.4173228346456692" VPOS="556.4409448818898" HPOS="44.503937007874015"/>
        <GraphicalElement ID="r_20" HEIGHT="64.06299212598425" WIDTH="0.5669291338582677" VPOS="224.2204724409449" HPOS="53.00787401574803"/>
        <GraphicalElement ID="r_21" HEIGHT="96.37795275590551" WIDTH="0.8503937007874016" VPOS="203.24409448818898" HPOS="60.37795275590551"/>
        <GraphicalElement ID="r_22" HEIGHT="52.15748031496063" WIDTH="2.267716535433071" VPOS="507.11811023622045" HPOS="60.37795275590551"/>
        <GraphicalElement ID="r_23" HEIGHT="60.661417322834644" WIDTH="2.5511811023622046" VPOS="564.3779527559055" HPOS="61.22834645669291"/>
        <GraphicalElement ID="r_24" HEIGHT="33.44881889763779" WIDTH="0.8503937007874016" VPOS="525.2598425196851" HPOS="39.118110236220474"/>
      </PrintSpace>
    </Page>
  </Layout>
</alto>
