515.3385826771654 622.7716535433071
65.76377952755905 2.267716535433071 106.2992125984252 20.69291338582677 ROUMANIE

168.3779527559055 118.20472440944881 68.31496062992126 24.094488188976378 Commissaire
223.08661417322836 118.20472440944881 50.173228346456696 24.094488188976378 Général
259.37007874015745 118.20472440944881 22.677165354330707 24.094488188976378 :
268.4409448818898 118.20472440944881 59.24409448818898 24.094488188976378 Mircea
309.54330708661416 118.20472440944881 45.63779527559055 24.094488188976378 Deac

167.81102362204723 137.48031496062993 40.818897637795274 12.188976377952756 Chef
193.3228346456693 137.48031496062993 30.614173228346456 12.188976377952756 de
208.62992125984252 137.48031496062993 30.614173228346456 12.188976377952756 la
223.93700787401573 137.48031496062993 56.125984251968504 12.188976377952756 Section
265.03937007874015 137.48031496062993 30.614173228346456 12.188976377952756 de
280.34645669291336 137.48031496062993 30.614173228346456 12.188976377952756 la
290.5511811023622 137.48031496062993 51.023622047244096 12.188976377952756 Critique

167.81102362204723 147.11811023622047 24.661417322834644 12.472440944881889 à
177.4488188976378 147.11811023622047 54.14173228346457 12.472440944881889 l’Union
216.8503937007874 147.11811023622047 34.58267716535433 12.472440944881889 des
236.69291338582678 147.11811023622047 39.40157480314961 12.472440944881889 Arts
261.07086614173227 147.11811023622047 68.88188976377953 12.472440944881889 Plastiques
315.21259842519686 147.11811023622047 29.480314960629922 12.472440944881889 de
325.13385826771656 147.11811023622047 54.14173228346457 12.472440944881889 Roumanie.

168.3779527559055 158.17322834645668 61.511811023622045 13.32283464566929 Directeur
215.71653543307087 158.17322834645668 52.15748031496063 13.32283464566929 adjoint
253.70078740157481 158.17322834645668 28.346456692913385 13.32283464566929 de
267.87401574803147 158.17322834645668 28.346456692913385 13.32283464566929 la
282.0472440944882 158.17322834645668 61.511811023622045 13.32283464566929 Direction
329.38582677165357 158.17322834645668 33.16535433070866 13.32283464566929 des
348.37795275590554 158.17322834645668 37.98425196850393 13.32283464566929 Arts
367.37007874015745 158.17322834645668 56.69291338582677 13.32283464566929 Plastiques

167.24409448818898 166.6771653543307 30.330708661417322 17.5748031496063 au
182.5511811023622 166.6771653543307 65.48031496062993 17.5748031496063 Ministère
233.00787401574803 166.6771653543307 30.330708661417322 17.5748031496063 de
248.03149606299212 166.6771653543307 90.70866141732283 17.5748031496063 l’Enseignement
323.7165354330709 166.6771653543307 30.330708661417322 17.5748031496063 et
338.74015748031496 166.6771653543307 30.330708661417322 17.5748031496063 de
354.0472440944882 166.6771653543307 30.330708661417322 17.5748031496063 la
363.9685039370079 166.6771653543307 50.45669291338583 17.5748031496063 Culture.

123.02362204724409 247.1811023622047 32.881889763779526 17.5748031496063 La
139.46456692913387 247.1811023622047 49.32283464566929 17.5748031496063 jeune
172.3464566929134 247.1811023622047 76.53543307086615 17.5748031496063 génération
232.44094488188978 247.1811023622047 76.53543307086615 17.5748031496063 d’artistes
292.81889763779526 247.1811023622047 32.881889763779526 17.5748031496063 de
309.25984251968504 247.1811023622047 32.881889763779526 17.5748031496063 la
325.4173228346457 247.1811023622047 76.53543307086615 17.5748031496063 République
385.79527559055117 247.1811023622047 71.14960629921259 17.5748031496063 Populaire
440.503937007874 247.1811023622047 65.76377952755905 17.5748031496063 Roumaine
484.4409448818898 247.1811023622047 21.826771653543307 17.5748031496063 se

113.10236220472441 260.78740157480314 67.46456692913385 18.4251968503937 distingue
164.9763779527559 260.78740157480314 36.28346456692913 18.4251968503937 par
185.66929133858267 260.78740157480314 31.181102362204726 18.4251968503937 le
200.9763779527559 260.78740157480314 56.976377952755904 18.4251968503937 sérieux
242.64566929133858 260.78740157480314 31.181102362204726 18.4251968503937 de
258.23622047244095 260.78740157480314 31.181102362204726 18.4251968503937 la
273.54330708661416 260.78740157480314 51.874015748031496 18.4251968503937 pensée
309.8267716535433 260.78740157480314 67.46456692913385 18.4251968503937 plastique
361.7007874015748 260.78740157480314 31.181102362204726 18.4251968503937 et
377.29133858267716 260.78740157480314 88.15748031496064 18.4251968503937 l’originalité
449.8582677165354 260.78740157480314 36.28346456692913 18.4251968503937 des
465.4488188976378 260.78740157480314 41.38582677165354 18.4251968503937 moyens

112.53543307086615 275.81102362204723 89.29133858267717 14.740157480314961 d’expression.
186.23622047244095 275.81102362204723 31.46456692913386 14.740157480314961 De
202.11023622047244 275.81102362204723 62.92913385826772 14.740157480314961 nombreux
249.4488188976378 275.81102362204723 62.92913385826772 14.740157480314961 ouvrages
296.503937007874 275.81102362204723 31.46456692913386 14.740157480314961 de
312.37795275590554 275.81102362204723 57.826771653543304 14.740157480314961 valeur,
354.3307086614173 275.81102362204723 47.338582677165356 14.740157480314961 créés
386.0787401574803 275.81102362204723 31.46456692913386 14.740157480314961 au
401.6692913385827 275.81102362204723 47.338582677165356 14.740157480314961 cours
433.13385826771656 275.81102362204723 36.8503937007874 14.740157480314961 des
449.00787401574803 275.81102362204723 57.826771653543304 14.740157480314961 dernières

112.53543307086615 290.5511811023622 57.25984251968504 14.456692913385826 années,
153.92125984251967 290.5511811023622 41.669291338582674 14.456692913385826 font
180.0 290.5511811023622 57.25984251968504 14.456692913385826 preuve,
221.38582677165354 290.5511811023622 36.28346456692913 14.456692913385826 non
242.36220472440945 290.5511811023622 67.46456692913385 14.456692913385826 seulement
294.23622047244095 290.5511811023622 31.181102362204726 14.456692913385826 de
309.8267716535433 290.5511811023622 36.28346456692913 14.456692913385826 son
330.5196850393701 290.5511811023622 57.25984251968504 14.456692913385826 talent,
372.18897637795277 290.5511811023622 41.669291338582674 14.456692913385826 mais
397.98425196850394 290.5511811023622 46.77165354330709 14.456692913385826 aussi
429.1653543307087 290.5511811023622 31.181102362204726 14.456692913385826 du
444.755905511811 290.5511811023622 41.669291338582674 14.456692913385826 haut
465.4488188976378 290.5511811023622 41.669291338582674 14.456692913385826 niveau

111.96850393700787 302.1732283464567 33.732283464566926 15.307086614173228 de
128.9763779527559 302.1732283464567 33.732283464566926 15.307086614173228 sa
145.70078740157481 302.1732283464567 84.18897637795276 15.307086614173228 préparation
207.49606299212599 302.1732283464567 100.91338582677166 15.307086614173228 professionnelle.

123.02362204724409 311.81102362204723 30.04724409448819 23.811023622047244 En
138.04724409448818 311.81102362204723 49.889763779527556 23.811023622047244 effet,
172.91338582677164 311.81102362204723 49.889763779527556 23.811023622047244 l’Etat
207.7795275590551 311.81102362204723 49.889763779527556 23.811023622047244 assure
242.9291338582677 311.81102362204723 34.86614173228347 23.811023622047244 aux
262.7716535433071 311.81102362204723 49.889763779527556 23.811023622047244 jeunes
297.6377952755906 311.81102362204723 74.83464566929133 23.811023622047244 plasticiens
357.4488188976378 311.81102362204723 59.811023622047244 23.811023622047244 roumains
402.5196850393701 311.81102362204723 34.86614173228347 23.811023622047244 une
422.3622047244094 311.81102362204723 44.78740157480315 23.811023622047244 bonne
447.3070866141732 311.81102362204723 59.811023622047244 23.811023622047244 éducation,

112.53543307086615 333.07086614173227 50.74015748031496 15.307086614173228 autant
147.96850393700788 333.07086614173227 30.330708661417322 15.307086614173228 du
163.2755905511811 333.07086614173227 45.63779527559055 15.307086614173228 point
193.60629921259843 333.07086614173227 30.330708661417322 15.307086614173228 de
208.91338582677164 333.07086614173227 35.43307086614173 15.307086614173228 vue
229.03937007874015 333.07086614173227 65.76377952755905 15.307086614173228 théorique
279.7795275590551 333.07086614173227 91.2755905511811 15.307086614173228 qu’artistique,
355.748031496063 333.07086614173227 30.330708661417322 15.307086614173228 en
371.0551181102362 333.07086614173227 55.84251968503937 15.307086614173228 mettant
411.3070866141732 333.07086614173227 25.228346456692915 15.307086614173228 à
421.51181102362204 333.07086614173227 40.53543307086614 15.307086614173228 leur
441.9212598425197 333.07086614173227 65.76377952755905 15.307086614173228 disposition

111.96850393700787 347.244094488189 36.8503937007874 17.291338582677167 des
133.22834645669292 347.244094488189 52.724409448818896 17.291338582677167 écoles
170.07874015748033 347.244094488189 79.08661417322834 17.291338582677167 secondaires
233.5748031496063 347.244094488189 47.62204724409449 17.291338582677167 d’art
265.03937007874015 347.244094488189 31.748031496062993 17.291338582677167 et
280.9133858267717 347.244094488189 36.8503937007874 17.291338582677167 des
302.1732283464567 347.244094488189 68.5984251968504 17.291338582677167 instituts
354.8976377952756 347.244094488189 52.724409448818896 17.291338582677167 d’art.
391.748031496063 347.244094488189 31.748031496062993 17.291338582677167 Il
407.62204724409446 347.244094488189 42.23622047244095 17.291338582677167 leur
433.98425196850394 347.244094488189 47.62204724409449 17.291338582677167 donne
465.73228346456693 347.244094488189 31.748031496062993 17.291338582677167 en
476.2204724409449 347.244094488189 31.748031496062993 17.291338582677167 même

111.68503937007874 362.8346456692913 47.62204724409449 14.740157480314961 temps
143.43307086614172 362.8346456692913 31.748031496062993 14.740157480314961 la
159.30708661417322 362.8346456692913 79.37007874015748 14.740157480314961 possibilité
222.8031496062992 362.8346456692913 31.748031496062993 14.740157480314961 de
238.6771653543307 362.8346456692913 31.748031496062993 14.740157480314961 se
254.5511811023622 362.8346456692913 73.98425196850394 14.740157480314961 documenter
312.66141732283467 362.8346456692913 52.724409448818896 14.740157480314961 durant
349.51181102362204 362.8346456692913 31.748031496062993 14.740157480314961 de
365.38582677165357 362.8346456692913 63.496062992125985 14.740157480314961 nombreux
413.00787401574803 362.8346456692913 58.110236220472444 14.740157480314961 voyages
449.8582677165354 362.8346456692913 58.110236220472444 14.740157480314961 organisés

112.81889763779527 374.1732283464567 37.98425196850393 17.291338582677167 dans
136.62992125984252 374.1732283464567 28.62992125984252 17.291338582677167 le
151.08661417322836 374.1732283464567 37.98425196850393 17.291338582677167 pays
174.89763779527559 374.1732283464567 37.98425196850393 17.291338582677167 tout
198.70866141732284 374.1732283464567 52.44094488188976 17.291338582677167 entier.
236.69291338582678 374.1732283464567 52.44094488188976 17.291338582677167 D’autre
274.96062992125985 374.1732283464567 42.803149606299215 17.291338582677167 part,
303.3070866141732 374.1732283464567 28.62992125984252 17.291338582677167 le
317.76377952755905 374.1732283464567 37.98425196850393 17.291338582677167 fait
341.5748031496063 374.1732283464567 33.44881889763779 17.291338582677167 que
360.56692913385825 374.1732283464567 42.803149606299215 17.291338582677167 c’est
389.1968503937008 374.1732283464567 52.44094488188976 17.291338582677167 l’Etat,
427.18110236220474 374.1732283464567 28.62992125984252 17.291338582677167 en
441.6377952755906 374.1732283464567 52.44094488188976 17.291338582677167 premier
474.8031496062992 374.1732283464567 33.44881889763779 17.291338582677167 lieu,

112.53543307086615 390.3307086614173 35.1496062992126 14.173228346456693 qui
132.66141732283464 390.3307086614173 60.09448818897638 14.173228346456693 s’occupe
177.73228346456693 390.3307086614173 65.19685039370079 14.173228346456693 d’acheter
227.90551181102362 390.3307086614173 35.1496062992126 14.173228346456693 les
248.03149606299212 390.3307086614173 70.2992125984252 14.173228346456693 meilleures
303.0236220472441 390.3307086614173 50.173228346456696 14.173228346456693 œuvres
338.1732283464567 390.3307086614173 35.1496062992126 14.173228346456693 des
358.2992125984252 390.3307086614173 50.173228346456696 14.173228346456693 jeunes
393.1653543307087 390.3307086614173 60.09448818897638 14.173228346456693 artistes
438.23622047244095 390.3307086614173 30.04724409448819 14.173228346456693 et
453.54330708661416 390.3307086614173 30.04724409448819 14.173228346456693 de
463.46456692913387 390.3307086614173 45.07086614173228 14.173228346456693 diriger

111.96850393700787 404.503937007874 36.0 20.409448818897637 ces
132.66141732283464 404.503937007874 51.59055118110236 20.409448818897637 œuvres
168.66141732283464 404.503937007874 41.10236220472441 20.409448818897637 vers
194.45669291338584 404.503937007874 36.0 20.409448818897637 les
215.1496062992126 404.503937007874 61.79527559055118 20.409448818897637 nombreux
261.3543307086614 404.503937007874 51.59055118110236 20.409448818897637 musées
297.3543307086614 404.503937007874 46.488188976377955 20.409448818897637 d’art
328.53543307086613 404.503937007874 30.89763779527559 20.409448818897637 du
343.84251968503935 404.503937007874 46.488188976377955 20.409448818897637 pays,
374.74015748031496 404.503937007874 30.89763779527559 20.409448818897637 le
390.3307086614173 404.503937007874 41.10236220472441 20.409448818897637 fait
416.12598425196853 404.503937007874 36.0 20.409448818897637 que
436.53543307086613 404.503937007874 41.10236220472441 20.409448818897637 l’on
457.2283464566929 404.503937007874 51.59055118110236 20.409448818897637 organise

111.96850393700787 417.8267716535433 37.13385826771653 19.559055118110237 des
133.22834645669292 417.8267716535433 79.37007874015748 19.559055118110237 expositions
196.7244094488189 417.8267716535433 84.75590551181102 19.559055118110237 personnelles
265.6062992125984 417.8267716535433 31.748031496062993 19.559055118110237 et
281.4803149606299 417.8267716535433 84.75590551181102 19.559055118110237 collectives,
350.3622047244094 417.8267716535433 37.13385826771653 19.559055118110237 que
371.33858267716533 417.8267716535433 37.13385826771653 19.559055118110237 les
392.59842519685037 417.8267716535433 68.88188976377953 19.559055118110237 meilleurs
445.6062992125984 417.8267716535433 58.110236220472444 19.559055118110237 d’entre
482.74015748031496 417.8267716535433 26.362204724409448 19.559055118110237 eux

112.53543307086615 433.98425196850394 58.67716535433071 15.307086614173228 prennent
156.4724409448819 433.98425196850394 39.118110236220474 15.307086614173228 part
180.8503937007874 433.98425196850394 34.2992125984252 15.307086614173228 aux
200.40944881889763 433.98425196850394 73.41732283464567 15.307086614173228 expositions
259.37007874015745 433.98425196850394 63.496062992125985 15.307086614173228 annuelles
308.12598425196853 433.98425196850394 49.039370078740156 15.307086614173228 d’Etat
342.4251968503937 433.98425196850394 34.2992125984252 15.307086614173228 aux
361.98425196850394 433.98425196850394 43.93700787401575 15.307086614173228 côtés
391.46456692913387 433.98425196850394 34.2992125984252 15.307086614173228 des
411.0236220472441 433.98425196850394 58.67716535433071 15.307086614173228 artistes
450.1417322834646 433.98425196850394 58.67716535433071 15.307086614173228 consacrés,

112.53543307086615 449.29133858267716 75.4015748031496 13.039370078740157 contribuent
172.91338582677164 449.29133858267716 25.228346456692915 13.039370078740157 à
182.83464566929135 449.29133858267716 45.07086614173228 13.039370078740157 faire
212.88188976377953 449.29133858267716 65.19685039370079 13.039370078740157 connaître
263.0551181102362 449.29133858267716 30.04724409448819 13.039370078740157 et
278.3622047244094 449.29133858267716 65.19685039370079 13.039370078740157 apprécier
328.53543307086613 449.29133858267716 35.1496062992126 13.039370078740157 les
348.37795275590554 449.29133858267716 50.173228346456696 13.039370078740157 œuvres
383.5275590551181 449.29133858267716 35.1496062992126 13.039370078740157 des
403.65354330708664 449.29133858267716 50.173228346456696 13.039370078740157 jeunes
438.8031496062992 449.29133858267716 60.09448818897638 13.039370078740157 artistes
479.0551181102362 449.29133858267716 30.04724409448819 13.039370078740157 dans

112.81889763779527 460.62992125984255 36.56692913385827 17.5748031496063 les
133.51181102362204 460.62992125984255 47.05511811023622 17.5748031496063 rangs
164.9763779527559 460.62992125984255 31.181102362204726 17.5748031496063 du
180.56692913385828 460.62992125984255 57.54330708661417 17.5748031496063 public,
222.23622047244095 460.62992125984255 62.645669291338585 17.5748031496063 toujours
269.29133858267716 460.62992125984255 41.669291338582674 17.5748031496063 plus
295.37007874015745 460.62992125984255 67.74803149606299 17.5748031496063 nombreux,
347.5275590551181 460.62992125984255 36.56692913385827 17.5748031496063 des
368.503937007874 460.62992125984255 52.15748031496063 17.5748031496063 musées
405.07086614173227 460.62992125984255 31.181102362204726 17.5748031496063 et
420.66141732283467 460.62992125984255 36.56692913385827 17.5748031496063 des
436.251968503937 460.62992125984255 73.13385826771653 17.5748031496063 expositions.

123.8740157480315 477.6377952755906 39.118110236220474 15.307086614173228 Deux
148.251968503937 477.6377952755906 83.05511811023622 15.307086614173228 constatations
216.56692913385828 477.6377952755906 73.13385826771653 15.307086614173228 principales
275.244094488189 477.6377952755906 68.31496062992126 15.307086614173228 ressortent
328.81889763779526 477.6377952755906 68.31496062992126 15.307086614173228 clairement
382.3937007874016 477.6377952755906 29.19685039370079 15.307086614173228 de
397.13385826771656 477.6377952755906 53.574803149606296 15.307086614173228 l’étude
436.251968503937 477.6377952755906 29.19685039370079 15.307086614173228 de
450.70866141732284 477.6377952755906 29.19685039370079 15.307086614173228 la
460.62992125984255 477.6377952755906 48.75590551181102 15.307086614173228 création

112.53543307086615 495.496062992126 35.71653543307087 17.291338582677167 des
132.9448818897638 495.496062992126 51.023622047244096 17.291338582677167 jeunes
168.66141732283464 495.496062992126 61.22834645669291 17.291338582677167 artistes
214.58267716535434 495.496062992126 66.33070866141732 17.291338582677167 roumains.
265.6062992125984 495.496062992126 30.614173228346456 17.291338582677167 En
280.9133858267717 495.496062992126 56.125984251968504 17.291338582677167 premier
321.4488188976378 495.496062992126 45.92125984251968 17.291338582677167 lieu,
352.06299212598424 495.496062992126 35.71653543307087 17.291338582677167 les
372.4724409448819 495.496062992126 51.023622047244096 17.291338582677167 jeunes
408.18897637795277 495.496062992126 61.22834645669291 17.291338582677167 artistes
449.00787401574803 495.496062992126 61.22834645669291 17.291338582677167 continuent

112.25196850393701 509.38582677165357 43.08661417322835 17.5748031496063 avec
139.1811023622047 509.38582677165357 85.88976377952756 17.5748031496063 enthousiasme
208.91338582677164 509.38582677165357 32.31496062992126 17.5748031496063 la
225.0708661417323 509.38582677165357 69.73228346456693 17.5748031496063 tradition
278.6456692913386 509.38582677165357 64.34645669291339 17.5748031496063 réaliste
327.11811023622045 509.38582677165357 32.31496062992126 17.5748031496063 de
343.2755905511811 509.38582677165357 48.47244094488189 17.5748031496063 l’art
375.3070866141732 509.38582677165357 69.73228346456693 17.5748031496063 classique
429.1653543307087 509.38582677165357 58.960629921259844 17.5748031496063 roumain
471.9685039370079 509.38582677165357 37.7007874015748 17.5748031496063 et,
488.12598425196853 509.38582677165357 21.543307086614174 17.5748031496063 en

112.53543307086615 519.8740157480315 53.85826771653543 18.141732283464567 second
150.23622047244095 519.8740157480315 48.47244094488189 18.141732283464567 lieu,
182.5511811023622 519.8740157480315 59.24409448818898 18.141732283464567 ceux-ci
225.35433070866142 519.8740157480315 70.01574803149606 18.141732283464567 cherchent
279.21259842519686 519.8740157480315 26.929133858267715 18.141732283464567 à
289.98425196850394 519.8740157480315 53.85826771653543 18.141732283464567 donner
327.68503937007875 519.8740157480315 26.929133858267715 18.141732283464567 à
338.45669291338584 519.8740157480315 32.31496062992126 18.141732283464567 la
354.61417322834643 519.8740157480315 70.01574803149606 18.141732283464567 richesse,
408.4724409448819 519.8740157480315 32.31496062992126 18.141732283464567 au
424.34645669291336 519.8740157480315 59.24409448818898 18.141732283464567 contenu
467.43307086614175 519.8740157480315 32.31496062992126 18.141732283464567 de
478.20472440944883 519.8740157480315 32.31496062992126 18.141732283464567 leur

112.81889763779527 533.7637795275591 45.354330708661415 24.661417322834644 œuvre
143.1496062992126 533.7637795275591 75.4015748031496 24.661417322834644 étroitement
203.5275590551181 533.7637795275591 40.25196850393701 24.661417322834644 liée
228.75590551181102 533.7637795275591 25.228346456692915 24.661417322834644 à
238.6771653543307 533.7637795275591 30.330708661417322 24.661417322834644 la
253.70078740157481 533.7637795275591 40.25196850393701 24.661417322834644 vie,
278.92913385826773 533.7637795275591 35.1496062992126 24.661417322834644 une
299.0551181102362 533.7637795275591 45.354330708661415 24.661417322834644 force
329.38582677165357 533.7637795275591 45.354330708661415 24.661417322834644 aussi
359.43307086614175 533.7637795275591 60.37795275590551 24.661417322834644 adéquate
404.78740157480314 533.7637795275591 35.1496062992126 24.661417322834644 que
424.9133858267717 533.7637795275591 65.48031496062993 24.661417322834644 possible,
470.26771653543307 533.7637795275591 40.25196850393701 24.661417322834644 origi-

113.95275590551181 550.488188976378 47.05511811023622 15.874015748031496 nale,
145.13385826771653 550.488188976378 47.05511811023622 15.874015748031496 selon
176.5984251968504 550.488188976378 31.181102362204726 15.874015748031496 la
192.18897637795277 550.488188976378 83.62204724409449 15.874015748031496 personnalité
259.93700787401576 550.488188976378 73.13385826771653 15.874015748031496 artistique
317.4803149606299 550.488188976378 31.181102362204726 15.874015748031496 de
333.07086614173227 550.488188976378 52.15748031496063 15.874015748031496 chacun
369.6377952755906 550.488188976378 57.54330708661417 15.874015748031496 d’entre
411.3070866141732 550.488188976378 41.669291338582674 15.874015748031496 eux.
437.38582677165357 550.488188976378 31.181102362204726 15.874015748031496 En
447.87401574803147 550.488188976378 62.645669291338585 15.874015748031496 repoussant

126.99212598425197 588.7559055118111 30.614173228346456 22.96062992125984 100
