483.0236220472441 628.7244094488188
34.01574803149607 32.031496062992126 60.09448818897638 22.393700787401574 presse,
77.66929133858268 32.031496062992126 43.653543307086615 22.393700787401574 afin
104.88188976377953 32.031496062992126 32.881889763779526 22.393700787401574 de
121.32283464566929 32.031496062992126 71.14960629921259 22.393700787401574 permettre
176.03149606299212 32.031496062992126 32.881889763779526 22.393700787401574 le
192.4724409448819 32.031496062992126 54.70866141732284 22.393700787401574 tirage
230.45669291338584 32.031496062992126 38.267716535433074 22.393700787401574 des
252.56692913385828 32.031496062992126 65.48031496062993 22.393700787401574 gravures
301.6062992125984 32.031496062992126 32.881889763779526 22.393700787401574 de
318.0472440944882 32.031496062992126 32.881889763779526 22.393700787401574 la
334.48818897637796 32.031496062992126 65.48031496062993 22.393700787401574 Biennale
383.5275590551181 32.031496062992126 32.881889763779526 22.393700787401574 en
394.5826771653543 32.031496062992126 49.039370078740156 22.393700787401574 public,

33.44881889763779 47.90551181102362 43.653543307086615 18.708661417322833 tous
60.661417322834644 47.90551181102362 38.267716535433074 18.708661417322833 les
82.48818897637796 47.90551181102362 49.32283464566929 18.708661417322833 jours
115.37007874015748 47.90551181102362 32.881889763779526 18.708661417322833 de
131.81102362204723 47.90551181102362 32.881889763779526 18.708661417322833 16
148.251968503937 47.90551181102362 54.70866141732284 18.708661417322833 heures
186.51968503937007 47.90551181102362 27.212598425196852 18.708661417322833 à
197.5748031496063 47.90551181102362 32.881889763779526 18.708661417322833 20
214.01574803149606 47.90551181102362 60.09448818897638 18.708661417322833 heures.
257.6692913385827 47.90551181102362 38.267716535433074 18.708661417322833 Les
279.496062992126 47.90551181102362 76.53543307086615 18.708661417322833 papeteries
339.59055118110234 47.90551181102362 32.881889763779526 18.708661417322833 de
356.0314960629921 47.90551181102362 76.53543307086615 18.708661417322833 Montévrain
410.74015748031496 47.90551181102362 32.881889763779526 18.708661417322833 nous

34.86614173228347 61.79527559055118 35.43307086614173 21.25984251968504 ont
54.99212598425197 61.79527559055118 50.45669291338583 21.25984251968504 offert
90.4251968503937 61.79527559055118 80.78740157480316 21.25984251968504 gratuitement
156.18897637795277 61.79527559055118 35.43307086614173 21.25984251968504 les
176.31496062992127 61.79527559055118 60.661417322834644 21.25984251968504 feuilles
221.95275590551182 61.79527559055118 30.330708661417322 21.25984251968504 de
236.9763779527559 61.79527559055118 45.354330708661415 21.25984251968504 vélin
267.3070866141732 61.79527559055118 30.330708661417322 21.25984251968504 de
282.61417322834643 61.79527559055118 60.661417322834644 21.25984251968504 Hollande
327.9685039370079 61.79527559055118 35.43307086614173 21.25984251968504 des
348.09448818897636 61.79527559055118 70.86614173228347 21.25984251968504 papeteries
398.8346456692913 61.79527559055118 45.354330708661415 21.25984251968504 Royales

34.58267716535433 76.53543307086615 44.78740157480315 22.11023622047244 bVan
62.645669291338585 76.53543307086615 56.125984251968504 22.11023622047244 Gelder
102.04724409448819 76.53543307086615 50.45669291338583 22.11023622047244 Zonen
135.49606299212599 76.53543307086615 89.85826771653544 22.11023622047244 d’Amsterdam,
208.62992125984252 76.53543307086615 44.78740157480315 22.11023622047244 pour
236.69291338582678 76.53543307086615 33.732283464566926 22.11023622047244 le
253.41732283464566 76.53543307086615 56.125984251968504 22.11023622047244 tirage
292.81889763779526 76.53543307086615 39.40157480314961 22.11023622047244 des
315.21259842519686 76.53543307086615 44.78740157480315 22.11023622047244 cent
343.2755905511811 76.53543307086615 67.46456692913385 22.11023622047244 quarante
388.06299212598424 76.53543307086615 56.125984251968504 22.11023622047244 épreuves

35.43307086614173 89.29133858267717 79.65354330708661 21.25984251968504 numérotées
98.07874015748031 89.29133858267717 34.01574803149607 21.25984251968504 de
115.08661417322834 89.29133858267717 56.976377952755904 21.25984251968504 chaque
154.77165354330708 89.29133858267717 68.31496062992126 21.25984251968504 planche,
206.07874015748033 89.29133858267717 34.01574803149607 21.25984251968504 et
223.08661417322836 89.29133858267717 39.68503937007874 21.25984251968504 les
246.04724409448818 89.29133858267717 79.65354330708661 21.25984251968504 papeteries
308.40944881889766 89.29133858267717 34.01574803149607 21.25984251968504 du
325.7007874015748 89.29133858267717 56.976377952755904 21.25984251968504 Moulin
365.38582677165357 89.29133858267717 34.01574803149607 21.25984251968504 de
382.3937007874016 89.29133858267717 62.645669291338585 21.25984251968504 Richard
422.3622047244094 89.29133858267717 22.677165354330707 21.25984251968504 de

36.0 103.18110236220473 42.51968503937008 20.976377952755904 Bas,
62.645669291338585 103.18110236220473 53.00787401574803 20.976377952755904 celles
99.77952755905511 103.18110236220473 69.16535433070867 20.976377952755904 destinées
152.78740157480314 103.18110236220473 37.13385826771653 20.976377952755904 aux
174.04724409448818 103.18110236220473 37.13385826771653 20.976377952755904 dix
195.30708661417322 103.18110236220473 63.77952755905512 20.976377952755904 épreuves
243.21259842519686 103.18110236220473 31.748031496062993 20.976377952755904 du
259.0866141732283 103.18110236220473 53.00787401574803 20.976377952755904 tirage
296.2204724409449 103.18110236220473 31.748031496062993 20.976377952755904 de
312.37795275590554 103.18110236220473 47.90551181102362 20.976377952755904 tête,
344.12598425196853 103.18110236220473 63.77952755905512 20.976377952755904 marquées
392.0314960629921 103.18110236220473 31.748031496062993 20.976377952755904 de
407.90551181102364 103.18110236220473 26.64566929133858 20.976377952755904 A
418.3937007874016 103.18110236220473 26.64566929133858 20.976377952755904 à
423.7795275590551 103.18110236220473 21.25984251968504 20.976377952755904 N.

44.78740157480315 117.35433070866142 76.25196850393701 20.69291338582677 Mesdames
102.04724409448819 117.35433070866142 31.748031496062993 20.69291338582677 :
114.80314960629921 117.35433070866142 70.01574803149606 20.69291338582677 Barbara
165.54330708661416 117.35433070866142 101.76377952755905 20.69291338582677 KWASNIEWSKA,
248.31496062992127 117.35433070866142 70.01574803149606 20.69291338582677 Yoskiko
299.33858267716533 117.35433070866142 57.25984251968504 20.69291338582677 NOMA,
337.3228346456693 117.35433070866142 89.00787401574803 20.69291338582677 Messieurs:
401.1023622047244 117.35433070866142 44.503937007874015 20.69291338582677 Paolo

36.28346456692913 130.6771653543307 51.874015748031496 24.37795275590551 BONI,
70.86614173228347 130.6771653543307 46.20472440944882 24.37795275590551 Jean
99.77952755905511 130.6771653543307 75.11811023622047 24.37795275590551 PESCHARD,
157.3228346456693 130.6771653543307 57.826771653543304 24.37795275590551 Arthur
197.85826771653544 130.6771653543307 46.20472440944882 24.37795275590551 Luiz
226.77165354330708 130.6771653543307 51.874015748031496 24.37795275590551 PIZA,
261.3543307086614 130.6771653543307 40.53543307086614 24.37795275590551 ont
284.59842519685037 130.6771653543307 63.496062992125985 24.37795275590551 accepté
330.8031496062992 130.6771653543307 34.58267716535433 24.37795275590551 de
348.09448818897636 130.6771653543307 57.826771653543304 24.37795275590551 graver
382.6771653543307 130.6771653543307 63.496062992125985 24.37795275590551 spéciale-

36.8503937007874 146.5511811023622 53.29133858267716 20.409448818897637 lement
74.26771653543307 146.5511811023622 42.51968503937008 20.409448818897637 pour
100.62992125984252 146.5511811023622 32.031496062992126 20.409448818897637 la
116.78740157480316 146.5511811023622 69.16535433070867 20.409448818897637 Biennale,
169.79527559055117 146.5511811023622 32.031496062992126 20.409448818897637 et
185.66929133858267 146.5511811023622 26.64566929133858 20.409448818897637 à
196.44094488188978 146.5511811023622 37.13385826771653 20.409448818897637 des
217.70078740157481 146.5511811023622 74.55118110236221 20.409448818897637 conditions
276.09448818897636 146.5511811023622 42.51968503937008 20.409448818897637 très
302.74015748031496 146.5511811023622 69.16535433070867 20.409448818897637 modestes,
355.748031496063 146.5511811023622 37.13385826771653 20.409448818897637 les
377.00787401574803 146.5511811023622 63.77952755905512 20.409448818897637 planches
419.5275590551181 146.5511811023622 26.64566929133858 20.409448818897637 qui

37.13385826771653 165.82677165354332 49.889763779527556 18.708661417322833 seront
72.28346456692914 165.82677165354332 49.889763779527556 18.708661417322833 tirées
107.14960629921259 165.82677165354332 24.944881889763778 18.708661417322833 à
111.96850393700787 165.82677165354332 74.83464566929133 18.708661417322833 l’exposition.

47.338582677165356 175.748031496063 37.7007874015748 20.409448818897637 Les
68.88188976377953 175.748031496063 97.22834645669292 20.409448818897637 Établissements
149.95275590551182 175.748031496063 48.75590551181102 20.409448818897637 André
182.5511811023622 175.748031496063 54.14173228346457 20.409448818897637 Debrie
220.251968503937 175.748031496063 37.7007874015748 20.409448818897637 ont
241.79527559055117 175.748031496063 43.37007874015748 20.409448818897637 bien
269.00787401574803 175.748031496063 48.75590551181102 20.409448818897637 voulu
301.3228346456693 175.748031496063 54.14173228346457 20.409448818897637 mettre
339.3070866141732 175.748031496063 26.929133858267715 20.409448818897637 à
350.0787401574803 175.748031496063 48.75590551181102 20.409448818897637 notre
377.00787401574803 175.748031496063 70.2992125984252 20.409448818897637 disposition

36.56692913385827 189.35433070866142 45.63779527559055 20.976377952755904 les
62.645669291338585 189.35433070866142 84.75590551181102 20.976377952755904 appareils
127.84251968503936 189.35433070866142 39.118110236220474 20.976377952755904 et
147.4015748031496 189.35433070866142 39.118110236220474 20.976377952755904 le
166.96062992125985 189.35433070866142 84.75590551181102 20.976377952755904 personnel
232.15748031496062 189.35433070866142 97.79527559055119 20.976377952755904 nécessaires
310.6771653543307 189.35433070866142 52.15748031496063 20.976377952755904 pour
343.2755905511811 189.35433070866142 45.63779527559055 20.976377952755904 les
362.8346456692913 189.35433070866142 84.75590551181102 20.976377952755904 productions

31.181102362204726 208.91338582677164 123.8740157480315 17.5748031496063 cinématographiques.

48.47244094488189 217.13385826771653 32.031496062992126 21.543307086614174 De
64.62992125984252 217.13385826771653 74.55118110236221 21.543307086614174 nombreuses
123.30708661417323 217.13385826771653 64.06299212598425 21.543307086614174 galeries
171.21259842519686 217.13385826771653 37.41732283464567 21.543307086614174 ont
192.4724409448819 217.13385826771653 64.06299212598425 21.543307086614174 témoigné
240.3779527559055 217.13385826771653 42.51968503937008 21.543307086614174 leur
267.0236220472441 217.13385826771653 58.67716535433071 21.543307086614174 intérêt
309.8267716535433 217.13385826771653 42.51968503937008 21.543307086614174 pour
336.4724409448819 217.13385826771653 32.031496062992126 21.543307086614174 la
352.34645669291336 217.13385826771653 64.06299212598425 21.543307086614174 Biennale
400.53543307086613 217.13385826771653 32.031496062992126 21.543307086614174 en
411.0236220472441 217.13385826771653 37.41732283464567 21.543307086614174 orga-

38.83464566929134 234.99212598425197 54.70866141732284 18.708661417322833 nisant
77.10236220472441 234.99212598425197 92.69291338582677 18.708661417322833 parallèlement
153.35433070866142 234.99212598425197 38.267716535433074 18.708661417322833 des
175.1811023622047 234.99212598425197 81.92125984251969 18.708661417322833 expositions
240.66141732283464 234.99212598425197 65.48031496062993 18.708661417322833 annexes,
289.98425196850394 234.99212598425197 70.86614173228347 18.708661417322833 accordées
344.40944881889766 234.99212598425197 27.212598425196852 18.708661417322833 à
355.46456692913387 234.99212598425197 49.039370078740156 18.708661417322833 notre
382.6771653543307 234.99212598425197 65.48031496062993 18.708661417322833 programme.

48.75590551181102 244.3464566929134 33.44881889763779 24.094488188976378 De
65.48031496062993 244.3464566929134 66.89763779527559 24.094488188976378 nombreux
115.65354330708661 244.3464566929134 66.89763779527559 24.094488188976378 éditeurs
165.82677165354332 244.3464566929134 33.44881889763779 24.094488188976378 de
182.5511811023622 244.3464566929134 55.55905511811024 24.094488188976378 livres
221.38582677165354 244.3464566929134 33.44881889763779 24.094488188976378 et
238.11023622047244 244.3464566929134 33.44881889763779 24.094488188976378 de
254.83464566929135 244.3464566929134 55.55905511811024 24.094488188976378 revues
293.9527559055118 244.3464566929134 39.118110236220474 24.094488188976378 ont
316.06299212598424 244.3464566929134 44.503937007874015 24.094488188976378 bien
344.12598425196853 244.3464566929134 50.173228346456696 24.094488188976378 voulu
377.5748031496063 244.3464566929134 44.503937007874015 24.094488188976378 nous
399.68503937007875 244.3464566929134 50.173228346456696 24.094488188976378 fournir

39.40157480314961 258.23622047244095 39.968503937007874 24.37795275590551 des
62.07874015748032 258.23622047244095 74.26771653543307 24.37795275590551 spécimens
119.33858267716535 258.23622047244095 34.2992125984252 24.37795275590551 de
136.3464566929134 258.23622047244095 51.30708661417323 24.37795275590551 leurs
170.64566929133858 258.23622047244095 96.94488188976378 24.37795275590551 publications,
250.58267716535434 258.23622047244095 45.63779527559055 24.37795275590551 pour
278.92913385826773 258.23622047244095 74.26771653543307 24.37795275590551 permettre
335.90551181102364 258.23622047244095 39.968503937007874 24.37795275590551 aux
358.86614173228344 258.23622047244095 74.26771653543307 24.37795275590551 visiteurs
415.84251968503935 258.23622047244095 34.2992125984252 24.37795275590551 de
427.18110236220474 258.23622047244095 22.96062992125984 24.37795275590551 se

40.25196850393701 279.21259842519686 57.826771653543304 17.5748031496063 reposer
82.48818897637796 279.21259842519686 31.46456692913386 17.5748031496063 au
98.07874015748031 279.21259842519686 47.338582677165356 17.5748031496063 cours
129.82677165354332 279.21259842519686 31.46456692913386 17.5748031496063 de
145.41732283464566 279.21259842519686 41.95275590551181 17.5748031496063 leur
171.7795275590551 279.21259842519686 57.826771653543304 17.5748031496063 visite,
213.73228346456693 279.21259842519686 31.46456692913386 17.5748031496063 en
229.60629921259843 279.21259842519686 73.41732283464567 17.5748031496063 consultant
287.1496062992126 279.21259842519686 36.8503937007874 17.5748031496063 les
308.40944881889766 279.21259842519686 62.92913385826772 17.5748031496063 ouvrages
355.46456692913387 279.21259842519686 36.8503937007874 17.5748031496063 qui
376.7244094488189 279.21259842519686 68.31496062992126 17.5748031496063 reflètent
423.7795275590551 279.21259842519686 26.362204724409448 17.5748031496063 les

39.968503937007874 290.26771653543307 79.08661417322834 19.84251968503937 conceptions
103.18110236220473 290.26771653543307 73.7007874015748 19.84251968503937 nationales
161.29133858267716 290.26771653543307 31.748031496062993 19.84251968503937 et
177.16535433070865 290.26771653543307 105.44881889763779 19.84251968503937 internationales.
266.74015748031496 290.26771653543307 31.748031496062993 19.84251968503937 M.
282.3307086614173 290.26771653543307 84.18897637795276 19.84251968503937 Gheerbrandt,
350.92913385826773 290.26771653543307 36.8503937007874 19.84251968503937 qui
371.90551181102364 290.26771653543307 42.23622047244095 19.84251968503937 nous
398.26771653543307 290.26771653543307 26.362204724409448 19.84251968503937 a
403.65354330708664 290.26771653543307 47.338582677165356 19.84251968503937 effica-

40.53543307086614 301.3228346456693 51.874015748031496 24.37795275590551 cement
76.81889763779527 301.3228346456693 46.77165354330709 24.37795275590551 aidés
108.0 301.3228346456693 41.669291338582674 24.37795275590551 pour
134.07874015748033 301.3228346456693 93.54330708661418 24.37795275590551 l’organisation
212.03149606299212 301.3228346456693 31.181102362204726 24.37795275590551 de
227.6220472440945 301.3228346456693 31.181102362204726 24.37795275590551 la
243.21259842519686 301.3228346456693 57.25984251968504 24.37795275590551 section
284.88188976377955 301.3228346456693 31.181102362204726 24.37795275590551 de
300.4724409448819 301.3228346456693 62.36220472440945 24.37795275590551 gravure,
347.244094488189 301.3228346456693 26.078740157480315 24.37795275590551 a
357.73228346456693 301.3228346456693 67.74803149606299 24.37795275590551 également
404.503937007874 301.3228346456693 46.77165354330709 24.37795275590551 accepté

41.10236220472441 318.0472440944882 79.93700787401575 22.677165354330707 d’organiser
105.16535433070867 318.0472440944882 32.031496062992126 22.677165354330707 un
121.03937007874016 318.0472440944882 58.67716535433071 22.677165354330707 service
163.84251968503938 318.0472440944882 32.031496062992126 22.677165354330707 de
179.71653543307087 318.0472440944882 53.29133858267716 22.677165354330707 ventes
217.13385826771653 318.0472440944882 42.51968503937008 22.677165354330707 pour
243.7795275590551 318.0472440944882 37.41732283464567 22.677165354330707 les
265.03937007874015 318.0472440944882 53.29133858267716 22.677165354330707 livres
302.45669291338584 318.0472440944882 32.031496062992126 22.677165354330707 ou
318.3307086614173 318.0472440944882 53.29133858267716 22.677165354330707 revues
355.748031496063 318.0472440944882 37.41732283464567 22.677165354330707 que
377.00787401574803 318.0472440944882 37.41732283464567 22.677165354330707 nos
392.88188976377955 318.0472440944882 58.67716535433071 22.677165354330707 visiteurs

40.818897637795274 339.0236220472441 76.53543307086615 17.858267716535433 voudraient
95.24409448818898 339.0236220472441 60.09448818897638 17.858267716535433 acquérir.

51.30708661417323 339.59055118110234 33.16535433070866 27.77952755905512 La
67.74803149606299 339.59055118110234 71.43307086614173 27.77952755905512 direction
122.74015748031496 339.59055118110234 82.48818897637796 27.77952755905512 d’Entrepose
188.78740157480314 339.59055118110234 27.496062992125985 27.77952755905512 a
199.84251968503938 339.59055118110234 38.55118110236221 27.77952755905512 mis
221.95275590551182 339.59055118110234 88.15748031496064 27.77952755905512 gratuitement
293.38582677165357 339.59055118110234 27.496062992125985 27.77952755905512 à
304.4409448818898 339.59055118110234 49.60629921259842 27.77952755905512 notre
337.3228346456693 339.59055118110234 88.15748031496064 27.77952755905512 disposition,
403.37007874015745 339.59055118110234 49.60629921259842 27.77952755905512 pendant

41.38582677165354 365.38582677165357 46.77165354330709 21.25984251968504 toute
72.56692913385827 365.38582677165357 31.181102362204726 21.25984251968504 la
88.15748031496064 365.38582677165357 46.77165354330709 21.25984251968504 durée
119.33858267716535 365.38582677165357 31.181102362204726 21.25984251968504 de
134.9291338582677 365.38582677165357 31.181102362204726 21.25984251968504 la
150.51968503937007 365.38582677165357 78.23622047244095 21.25984251968504 préparation
213.16535433070865 365.38582677165357 31.181102362204726 21.25984251968504 et
228.75590551181102 365.38582677165357 31.181102362204726 21.25984251968504 de
244.3464566929134 365.38582677165357 88.44094488188976 21.25984251968504 l’exposition,
317.1968503937008 365.38582677165357 31.181102362204726 21.25984251968504 le
332.78740157480314 365.38582677165357 62.36220472440945 21.25984251968504 matériel
374.45669291338584 365.38582677165357 78.23622047244095 21.25984251968504 d’échafaudage

41.95275590551181 376.4409448818898 78.23622047244095 20.125984251968504 nécessaire
103.46456692913385 376.4409448818898 44.78740157480315 20.125984251968504 pour
131.5275590551181 376.4409448818898 78.23622047244095 20.125984251968504 construire
193.03937007874015 376.4409448818898 39.118110236220474 20.125984251968504 les
215.43307086614172 376.4409448818898 72.56692913385827 20.125984251968504 ensembles
271.2755905511811 376.4409448818898 33.44881889763779 20.125984251968504 de
288.0 376.4409448818898 44.78740157480315 20.125984251968504 deux
316.06299212598424 376.4409448818898 61.511811023622045 20.125984251968504 groupes
355.18110236220474 376.4409448818898 72.56692913385827 20.125984251968504 collectifs.

52.44094488188976 391.18110236220474 44.503937007874015 22.11023622047244 Nous
80.22047244094489 391.18110236220474 55.55905511811024 22.11023622047244 tenons
119.33858267716535 391.18110236220474 27.77952755905512 22.11023622047244 à
130.39370078740157 391.18110236220474 38.83464566929134 22.11023622047244 les
152.78740157480314 391.18110236220474 33.44881889763779 22.11023622047244 en
169.22834645669292 391.18110236220474 72.28346456692914 22.11023622047244 remercier
225.0708661417323 391.18110236220474 44.503937007874015 22.11023622047244 tous
252.8503937007874 391.18110236220474 44.503937007874015 22.11023622047244 très
280.62992125984255 391.18110236220474 72.28346456692914 22.11023622047244 vivement,
336.18897637795277 391.18110236220474 38.83464566929134 22.11023622047244 car
358.2992125984252 391.18110236220474 44.503937007874015 22.11023622047244 nous
386.3622047244094 391.18110236220474 55.55905511811024 22.11023622047244 savons
419.5275590551181 391.18110236220474 33.44881889763779 22.11023622047244 bien

42.803149606299215 404.78740157480314 36.8503937007874 21.826771653543307 que
64.06299212598425 404.78740157480314 42.23622047244095 21.826771653543307 sans
90.4251968503937 404.78740157480314 36.8503937007874 21.826771653543307 eux
111.4015748031496 404.78740157480314 31.748031496062993 21.826771653543307 il
127.2755905511811 404.78740157480314 31.748031496062993 21.826771653543307 ne
143.1496062992126 404.78740157480314 42.23622047244095 21.826771653543307 nous
169.51181102362204 404.78740157480314 36.8503937007874 21.826771653543307 eût
190.48818897637796 404.78740157480314 36.8503937007874 21.826771653543307 pas
211.748031496063 404.78740157480314 36.8503937007874 21.826771653543307 été
232.7244094488189 404.78740157480314 63.21259842519685 21.826771653543307 possible
280.06299212598424 404.78740157480314 31.748031496062993 21.826771653543307 de
295.93700787401576 404.78740157480314 58.110236220472444 21.826771653543307 montrer
338.1732283464567 404.78740157480314 79.08661417322834 21.826771653543307 aujourd’hui
401.38582677165357 404.78740157480314 31.748031496062993 21.826771653543307 au
411.87401574803147 404.78740157480314 42.23622047244095 21.826771653543307 public

43.37007874015748 420.66141732283467 75.68503937007874 20.409448818897637 l’ensemble
102.89763779527559 420.66141732283467 37.98425196850393 20.409448818897637 que
124.44094488188976 420.66141732283467 43.37007874015748 20.409448818897637 nous
151.6535433070866 420.66141732283467 75.68503937007874 20.409448818897637 présentons
211.1811023622047 420.66141732283467 32.59842519685039 20.409448818897637 et
227.6220472440945 420.66141732283467 43.37007874015748 20.409448818897637 qui,
254.5511811023622 420.66141732283467 43.37007874015748 20.409448818897637 pour
281.76377952755905 420.66141732283467 48.75590551181102 20.409448818897637 nous,
314.0787401574803 420.66141732283467 27.212598425196852 20.409448818897637 a
324.8503937007874 420.66141732283467 64.91338582677166 20.409448818897637 d’autant
373.6062992125984 420.66141732283467 43.37007874015748 20.409448818897637 plus
400.81889763779526 420.66141732283467 32.59842519685039 20.409448818897637 de
411.59055118110234 420.66141732283467 43.37007874015748 20.409448818897637 valeur

44.503937007874015 435.11811023622045 44.22047244094488 22.11023622047244 qu’il
73.98425196850394 435.11811023622045 34.2992125984252 22.11023622047244 est
93.54330708661418 435.11811023622045 29.480314960629922 22.11023622047244 le
108.28346456692914 435.11811023622045 58.960629921259844 22.11023622047244 résultat
152.50393700787401 435.11811023622045 39.40157480314961 22.11023622047244 d’un
176.88188976377953 435.11811023622045 54.14173228346457 22.11023622047244 effort,
216.28346456692913 435.11811023622045 39.40157480314961 22.11023622047244 d’un
240.9448818897638 435.11811023622045 54.14173228346457 22.11023622047244 espoir,
280.06299212598424 435.11811023622045 58.960629921259844 22.11023622047244 vraiment
319.46456692913387 435.11811023622045 63.77952755905512 22.11023622047244 collectifs.

53.574803149606296 447.59055118110234 29.763779527559056 24.944881889763778 Il
68.5984251968504 447.59055118110234 44.78740157480315 24.944881889763778 reste
98.36220472440945 447.59055118110234 74.55118110236221 24.944881889763778 maintenant,
157.88976377952756 447.59055118110234 39.68503937007874 24.944881889763778 pour
182.83464566929135 447.59055118110234 49.60629921259842 24.944881889763778 savoir
217.41732283464566 447.59055118110234 29.763779527559056 24.944881889763778 si
232.44094488188978 447.59055118110234 39.68503937007874 24.944881889763778 tout
257.38582677165357 447.59055118110234 29.763779527559056 24.944881889763778 ce
272.12598425196853 447.59055118110234 54.70866141732284 24.944881889763778 travail
311.81102362204723 447.59055118110234 34.86614173228347 24.944881889763778 n’a
331.65354330708664 447.59055118110234 34.86614173228347 24.944881889763778 pas
351.496062992126 447.59055118110234 34.86614173228347 24.944881889763778 été
371.33858267716533 447.59055118110234 44.78740157480315 24.944881889763778 vain,
401.1023622047244 447.59055118110234 24.944881889763778 24.944881889763778 à
406.20472440944883 447.59055118110234 49.60629921259842 24.944881889763778 attendre

44.78740157480315 460.62992125984255 30.330708661417322 23.244094488188978 le
60.09448818897638 460.62992125984255 60.94488188976378 23.244094488188978 jugement
105.73228346456693 460.62992125984255 30.330708661417322 23.244094488188978 de
121.03937007874016 460.62992125984255 45.63779527559055 23.244094488188978 ceux,
151.37007874015748 460.62992125984255 40.53543307086614 23.244094488188978 pour
176.88188976377953 460.62992125984255 35.43307086614173 23.244094488188978 qui
197.00787401574803 460.62992125984255 30.330708661417322 23.244094488188978 il
212.31496062992127 460.62992125984255 35.43307086614173 23.244094488188978 fut
232.7244094488189 460.62992125984255 45.63779527559055 23.244094488188978 pensé
263.0551181102362 460.62992125984255 30.330708661417322 23.244094488188978 et
278.3622047244094 460.62992125984255 66.04724409448819 23.244094488188978 accompli,
329.1023622047244 460.62992125984255 81.35433070866142 23.244094488188978 c’est-à-dire
395.1496062992126 460.62992125984255 30.330708661417322 23.244094488188978 le
405.3543307086614 460.62992125984255 50.74015748031496 23.244094488188978 jugement

44.503937007874015 481.03937007874015 32.031496062992126 16.440944881889763 du
60.661417322834644 481.03937007874015 58.67716535433071 16.440944881889763 public,
103.18110236220473 481.03937007874015 47.90551181102362 16.440944881889763 celui
135.21259842519686 481.03937007874015 37.41732283464567 16.440944881889763 des
156.75590551181102 481.03937007874015 64.06299212598425 16.440944881889763 amateurs
204.66141732283464 481.03937007874015 53.29133858267716 16.440944881889763 autant
242.07874015748033 481.03937007874015 37.41732283464567 16.440944881889763 que
263.33858267716533 481.03937007874015 47.90551181102362 16.440944881889763 celui
295.37007874015745 481.03937007874015 37.41732283464567 16.440944881889763 des
316.62992125984255 481.03937007874015 69.44881889763779 16.440944881889763 artistes,
370.20472440944883 481.03937007874015 58.67716535433071 16.440944881889763 puisque
412.7244094488189 481.03937007874015 37.41732283464567 16.440944881889763 les
428.88188976377955 481.03937007874015 26.64566929133858 16.440944881889763 uns

45.07086614173228 490.3937007874016 32.031496062992126 23.52755905511811 et
61.22834645669291 490.3937007874016 37.41732283464567 23.52755905511811 les
82.48818897637796 490.3937007874016 53.574803149606296 23.52755905511811 autres
119.90551181102362 490.3937007874016 42.803149606299215 23.52755905511811 sont
146.5511811023622 490.3937007874016 74.83464566929133 23.52755905511811 intimement
205.51181102362204 490.3937007874016 42.803149606299215 23.52755905511811 liés
232.15748031496062 490.3937007874016 42.803149606299215 23.52755905511811 pour
258.8031496062992 490.3937007874016 58.67716535433071 23.52755905511811 définir
301.6062992125984 490.3937007874016 69.44881889763779 23.52755905511811 l’avenir,
355.18110236220474 490.3937007874016 42.803149606299215 23.52755905511811 même
381.8267716535433 490.3937007874016 74.83464566929133 23.52755905511811 lorsqu’ils
435.40157480314963 490.3937007874016 21.25984251968504 23.52755905511811 se

45.354330708661415 513.0708661417323 63.496062992125985 18.141732283464567 croient
85.60629921259843 513.0708661417323 57.826771653543304 18.141732283464567 opposés.

125.85826771653544 545.9527559055118 72.56692913385827 26.64566929133858 Raymond
182.83464566929135 545.9527559055118 77.66929133858268 26.64566929133858 Cogniat
244.91338582677164 545.9527559055118 56.976377952755904 26.64566929133858 Délégué
286.2992125984252 545.9527559055118 56.976377952755904 26.64566929133858 Général
327.68503937007875 545.9527559055118 31.181102362204726 26.64566929133858 de
343.2755905511811 545.9527559055118 31.181102362204726 26.64566929133858 la
358.86614173228344 545.9527559055118 62.07874015748032 26.64566929133858 Biennale
405.3543307086614 545.9527559055118 31.181102362204726 26.64566929133858 de
415.84251968503935 545.9527559055118 41.38582677165354 26.64566929133858 Paris.

408.755905511811 594.992125984252 28.346456692913385 14.173228346456693 IX
