515.3385826771654 625.6062992125984
67.46456692913385 11.05511811023622 80.78740157480316 20.976377952755904 FRANCE

126.70866141732283 288.2834645669291 28.62992125984252 27.496062992125985 La
141.16535433070865 288.2834645669291 80.78740157480316 27.496062992125985 participation
207.49606299212599 288.2834645669291 61.79527559055118 27.496062992125985 française
255.11811023622047 288.2834645669291 28.62992125984252 27.496062992125985 se
269.29133858267716 288.2834645669291 52.44094488188976 27.496062992125985 devait,
307.5590551181102 288.2834645669291 37.98425196850393 27.496062992125985 plus
331.37007874015745 288.2834645669291 61.79527559055118 27.496062992125985 qu’aucune
378.70866141732284 288.2834645669291 47.62204724409449 27.496062992125985 autre,
412.15748031496065 288.2834645669291 28.62992125984252 27.496062992125985 de
426.3307086614173 288.2834645669291 47.62204724409449 27.496062992125985 servir
454.96062992125985 288.2834645669291 56.976377952755904 27.496062992125985 d’exemple,

116.78740157480316 312.09448818897636 29.763779527559056 18.992125984251967 au
131.5275590551181 312.09448818897636 44.503937007874015 18.992125984251967 moins
161.29133858267716 312.09448818897636 39.68503937007874 18.992125984251967 dans
185.95275590551182 312.09448818897636 29.763779527559056 18.992125984251967 le
200.69291338582678 312.09448818897636 54.425196850393704 18.992125984251967 respect
240.3779527559055 312.09448818897636 34.58267716535433 18.992125984251967 des
260.2204724409449 312.09448818897636 64.34645669291339 18.992125984251967 principes
309.54330708661416 312.09448818897636 34.58267716535433 18.992125984251967 qui
329.38582677165357 312.09448818897636 39.68503937007874 18.992125984251967 sont
354.0472440944882 312.09448818897636 24.661417322834644 18.992125984251967 à
363.9685039370079 312.09448818897636 29.763779527559056 18.992125984251967 la
378.99212598425197 312.09448818897636 39.68503937007874 18.992125984251967 base
403.65354330708664 312.09448818897636 29.763779527559056 18.992125984251967 de
418.3937007874016 312.09448818897636 29.763779527559056 18.992125984251967 la
433.4173228346457 312.09448818897636 64.34645669291339 18.992125984251967 Biennale.
477.9212598425197 312.09448818897636 34.58267716535433 18.992125984251967 Ainsi

115.93700787401575 325.98425196850394 45.92125984251968 18.708661417322833 nous
144.56692913385828 325.98425196850394 86.1732283464567 18.708661417322833 sommes-nous
213.4488188976378 325.98425196850394 68.88188976377953 18.708661417322833 efforcés
265.03937007874015 325.98425196850394 86.1732283464567 18.708661417322833 d’appliquer
333.9212598425197 325.98425196850394 109.13385826771653 18.708661417322833 scrupuleusement
425.76377952755905 325.98425196850394 40.25196850393701 18.708661417322833 ces
443.0551181102362 325.98425196850394 68.88188976377953 18.708661417322833 principes.

126.99212598425197 341.00787401574803 36.56692913385827 19.275590551181104 Les
147.68503937007873 341.00787401574803 47.05511811023622 19.275590551181104 jurys
179.1496062992126 341.00787401574803 31.181102362204726 19.275590551181104 de
194.74015748031496 341.00787401574803 67.74803149606299 19.275590551181104 sélection
246.89763779527559 341.00787401574803 36.56692913385827 19.275590551181104 ont
267.87401574803147 341.00787401574803 36.56692913385827 19.275590551181104 été
288.56692913385825 341.00787401574803 62.645669291338585 19.275590551181104 composés
335.62204724409446 341.00787401574803 73.13385826771653 19.275590551181104 d’artistes
393.1653543307087 341.00787401574803 31.181102362204726 19.275590551181104 ou
408.755905511811 341.00787401574803 31.181102362204726 19.275590551181104 de
424.34645669291336 341.00787401574803 67.74803149606299 19.275590551181104 critiques
471.40157480314963 341.00787401574803 41.669291338582674 19.275590551181104 d’art,

116.22047244094489 356.31496062992125 41.38582677165354 16.440944881889763 tous
142.01574803149606 356.31496062992125 41.38582677165354 16.440944881889763 âgés
167.81102362204723 356.31496062992125 30.89763779527559 16.440944881889763 de
183.11811023622047 356.31496062992125 46.488188976377955 16.440944881889763 moins
214.29921259842519 356.31496062992125 30.89763779527559 16.440944881889763 de
229.60629921259843 356.31496062992125 77.38582677165354 16.440944881889763 trente-cinq
291.68503937007875 356.31496062992125 41.38582677165354 16.440944881889763 ans.
317.4803149606299 356.31496062992125 30.89763779527559 16.440944881889763 En
332.78740157480314 356.31496062992125 51.59055118110236 16.440944881889763 outre,
368.78740157480314 356.31496062992125 30.89763779527559 16.440944881889763 le
384.37795275590554 356.31496062992125 56.69291338582677 16.440944881889763 Conseil
420.37795275590554 356.31496062992125 92.97637795275591 16.440944881889763 d’Administration

117.07086614173228 371.90551181102364 24.37795275590551 20.125984251968504 a
126.70866141732283 371.90551181102364 44.22047244094488 20.125984251968504 tenté
156.18897637795277 371.90551181102364 29.480314960629922 20.125984251968504 de
170.9291338582677 371.90551181102364 63.77952755905512 20.125984251968504 compléter
219.96850393700788 371.90551181102364 34.2992125984252 20.125984251968504 ces
239.5275590551181 371.90551181102364 44.22047244094488 20.125984251968504 choix
269.00787401574803 371.90551181102364 39.118110236220474 20.125984251968504 afin
293.38582677165357 371.90551181102364 58.67716535433071 20.125984251968504 d’éviter
337.6062992125984 371.90551181102364 58.67716535433071 20.125984251968504 quelques
381.54330708661416 371.90551181102364 53.85826771653543 20.125984251968504 erreurs
420.9448818897638 371.90551181102364 29.480314960629922 20.125984251968504 ou
435.40157480314963 371.90551181102364 49.039370078740156 20.125984251968504 oublis
464.88188976377955 371.90551181102364 49.039370078740156 20.125984251968504 toujours

111.11811023622047 387.496062992126 64.91338582677166 17.858267716535433 possibles.

126.99212598425197 393.1653543307087 42.51968503937008 23.52755905511811 Tous
153.63779527559055 393.1653543307087 37.13385826771653 23.52755905511811 les
174.89763779527559 393.1653543307087 74.26771653543307 23.52755905511811 exposants,
233.29133858267716 393.1653543307087 42.51968503937008 23.52755905511811 même
259.93700787401576 393.1653543307087 42.51968503937008 23.52755905511811 ceux
286.2992125984252 393.1653543307087 47.90551181102362 23.52755905511811 ayant
318.3307086614173 393.1653543307087 42.51968503937008 23.52755905511811 déjà
344.6929133858268 393.1653543307087 53.00787401574803 23.52755905511811 acquis
382.1102362204724 393.1653543307087 37.13385826771653 23.52755905511811 une
403.37007874015745 393.1653543307087 63.77952755905512 23.52755905511811 certaine
445.6062992125984 393.1653543307087 69.16535433070867 23.52755905511811 réputation,

117.63779527559055 414.99212598425197 37.13385826771653 16.15748031496063 ont
138.89763779527559 414.99212598425197 58.110236220472444 16.15748031496063 accepté
181.13385826771653 414.99212598425197 31.748031496062993 16.15748031496063 de
197.00787401574803 414.99212598425197 68.88188976377953 16.15748031496063 soumettre
250.01574803149606 414.99212598425197 47.62204724409449 16.15748031496063 leurs
281.76377952755905 414.99212598425197 53.00787401574803 16.15748031496063 œuvres
318.8976377952756 414.99212598425197 31.748031496062993 16.15748031496063 au
334.48818897637796 414.99212598425197 63.496062992125985 16.15748031496063 jugement
382.1102362204724 414.99212598425197 31.748031496062993 16.15748031496063 de
397.98425196850394 414.99212598425197 37.13385826771653 16.15748031496063 ces
419.244094488189 414.99212598425197 73.98425196850394 16.15748031496063 différents
472.251968503937 414.99212598425197 42.23622047244095 16.15748031496063 jurys.

128.9763779527559 426.8976377952756 38.267716535433074 18.141732283464567 Nous
152.78740157480314 426.8976377952756 43.08661417322835 18.141732283464567 avons
181.41732283464566 426.8976377952756 38.267716535433074 18.141732283464567 fait
205.51181102362204 426.8976377952756 28.62992125984252 18.141732283464567 un
219.68503937007873 426.8976377952756 47.62204724409449 18.141732283464567 effort
253.13385826771653 426.8976377952756 71.71653543307086 18.141732283464567 particulier
310.3937007874016 426.8976377952756 28.62992125984252 18.141732283464567 en
324.8503937007874 426.8976377952756 47.62204724409449 18.141732283464567 faveur
358.01574803149606 426.8976377952756 33.44881889763779 18.141732283464567 des
377.29133858267716 426.8976377952756 52.44094488188976 18.141732283464567 travaux
415.2755905511811 426.8976377952756 66.89763779527559 18.141732283464567 collectifs
463.18110236220474 426.8976377952756 52.44094488188976 18.141732283464567 (groupant

118.48818897637796 443.33858267716533 79.37007874015748 16.440944881889763 architectes,
183.11811023622047 443.33858267716533 64.62992125984252 16.440944881889763 peintres,
232.7244094488189 443.33858267716533 79.37007874015748 16.440944881889763 sculpteurs),
297.3543307086614 443.33858267716533 39.68503937007874 16.440944881889763 afin
322.2992125984252 443.33858267716533 29.763779527559056 16.440944881889763 de
337.03937007874015 443.33858267716533 49.60629921259842 16.440944881889763 tenter
371.90551181102364 443.33858267716533 44.78740157480315 16.440944881889763 cette
401.6692913385827 443.33858267716533 59.52755905511811 16.440944881889763 synthèse
446.45669291338584 443.33858267716533 34.86614173228347 16.440944881889763 des
466.2992125984252 443.33858267716533 39.68503937007874 16.440944881889763 arts
486.1417322834646 443.33858267716533 29.763779527559056 16.440944881889763 dont

118.77165354330708 454.6771653543307 34.01574803149607 17.5748031496063 on
135.7795275590551 454.6771653543307 51.023622047244096 17.5748031496063 parle
169.79527559055117 454.6771653543307 68.03149606299213 17.5748031496063 beaucoup
220.8188976377953 454.6771653543307 56.69291338582677 17.5748031496063 depuis
260.78740157480314 454.6771653543307 62.36220472440945 17.5748031496063 quelque
306.1417322834646 454.6771653543307 56.69291338582677 17.5748031496063 temps,
345.8267716535433 454.6771653543307 45.354330708661415 17.5748031496063 mais
374.1732283464567 454.6771653543307 39.68503937007874 17.5748031496063 qui
396.8503937007874 454.6771653543307 56.69291338582677 17.5748031496063 semble
436.81889763779526 454.6771653543307 51.023622047244096 17.5748031496063 avoir
465.1653543307087 454.6771653543307 51.023622047244096 17.5748031496063 quelque

119.90551181102362 472.251968503937 46.488188976377955 19.275590551181104 peine
150.8031496062992 472.251968503937 25.79527559055118 19.275590551181104 à
161.00787401574803 472.251968503937 30.89763779527559 19.275590551181104 se
171.49606299212599 472.251968503937 77.38582677165354 19.275590551181104 matérialiser.

130.11023622047244 483.87401574803147 38.267716535433074 17.5748031496063 Ces
151.93700787401573 483.87401574803147 59.811023622047244 17.5748031496063 travaux
195.30708661417322 483.87401574803147 38.267716535433074 17.5748031496063 ont
217.13385826771653 483.87401574803147 70.86614173228347 17.5748031496063 nécessité
271.5590551181102 483.87401574803147 32.59842519685039 17.5748031496063 de
288.0 483.87401574803147 76.25196850393701 17.5748031496063 nombreuses
347.81102362204723 483.87401574803147 54.425196850393704 17.5748031496063 études
386.0787401574803 483.87401574803147 32.59842519685039 17.5748031496063 et
402.5196850393701 483.87401574803147 38.267716535433074 17.5748031496063 les
424.06299212598424 483.87401574803147 76.25196850393701 17.5748031496063 intéressés
478.7716535433071 483.87401574803147 38.267716535433074 17.5748031496063 n’ont

120.4724409448819 502.5826771653543 37.41732283464567 15.023622047244094 pas
142.01574803149606 502.5826771653543 53.574803149606296 15.023622047244094 ménagé
179.43307086614172 502.5826771653543 48.188976377952756 15.023622047244094 leurs
211.748031496063 502.5826771653543 58.960629921259844 15.023622047244094 efforts
254.5511811023622 502.5826771653543 42.803149606299215 15.023622047244094 pour
281.4803149606299 502.5826771653543 53.574803149606296 15.023622047244094 donner
318.8976377952756 502.5826771653543 37.41732283464567 15.023622047244094 une
340.4409448818898 502.5826771653543 58.960629921259844 15.023622047244094 réalité
383.244094488189 502.5826771653543 26.929133858267715 15.023622047244094 à
394.01574803149606 502.5826771653543 48.188976377952756 15.023622047244094 leurs
426.0472440944882 502.5826771653543 64.34645669291339 15.023622047244094 projets.
474.5196850393701 502.5826771653543 42.803149606299215 15.023622047244094 Nous
495.7795275590551 502.5826771653543 21.543307086614174 15.023622047244094 ne

120.4724409448819 514.488188976378 64.34645669291339 17.291338582677167 saurions
168.66141732283464 514.488188976378 26.929133858267715 17.291338582677167 à
179.43307086614172 514.488188976378 48.188976377952756 17.291338582677167 cette
211.748031496063 514.488188976378 64.34645669291339 17.291338582677167 occasion
259.93700787401576 514.488188976378 42.803149606299215 17.291338582677167 trop
286.86614173228344 514.488188976378 69.73228346456693 17.291338582677167 remercier
340.4409448818898 514.488188976378 85.88976377952756 17.291338582677167 spécialement
410.1732283464567 514.488188976378 32.31496062992126 17.291338582677167 M.
426.3307086614173 514.488188976378 32.31496062992126 17.291338582677167 H.
442.48818897637796 514.488188976378 58.960629921259844 17.291338582677167 Georges
479.90551181102364 514.488188976378 37.7007874015748 17.291338582677167 Adam,

121.32283464566929 529.2283464566929 72.85039370078741 17.007874015748033 professeur
178.58267716535434 529.2283464566929 31.181102362204726 17.007874015748033 de
194.17322834645668 529.2283464566929 67.74803149606299 17.007874015748033 sculpture
246.33070866141733 529.2283464566929 26.078740157480315 17.007874015748033 à
256.81889763779526 529.2283464566929 57.25984251968504 17.007874015748033 l’Ecole
298.48818897637796 529.2283464566929 72.85039370078741 17.007874015748033 Supérieure
355.748031496063 529.2283464566929 36.56692913385827 17.007874015748033 des
376.7244094488189 529.2283464566929 72.85039370078741 17.007874015748033 Beaux-Arts
433.98425196850394 529.2283464566929 41.669291338582674 17.007874015748033 qui,
454.6771653543307 529.2283464566929 62.645669291338585 17.007874015748033 témoignant

121.60629921259843 545.3858267716536 41.669291338582674 12.472440944881889 d’un
147.68503937007873 545.3858267716536 46.77165354330709 12.472440944881889 grand
178.86614173228347 545.3858267716536 57.25984251968504 12.472440944881889 intérêt
220.53543307086613 545.3858267716536 41.669291338582674 12.472440944881889 pour
246.61417322834646 545.3858267716536 31.181102362204726 12.472440944881889 ce
262.20472440944883 545.3858267716536 72.85039370078741 12.472440944881889 programme,
319.46456692913387 545.3858267716536 26.078740157480315 12.472440944881889 a
329.9527559055118 545.3858267716536 62.645669291338585 12.472440944881889 apporté,
377.00787401574803 545.3858267716536 31.181102362204726 12.472440944881889 en
392.59842519685037 545.3858267716536 67.74803149606299 12.472440944881889 plusieurs
439.37007874015745 545.3858267716536 78.23622047244095 12.472440944881889 circonstances

122.74015748031496 557.5748031496063 35.43307086614173 14.456692913385826 une
143.1496062992126 557.5748031496063 40.53543307086614 14.456692913385826 aide
168.3779527559055 557.5748031496063 101.19685039370079 14.456692913385826 particulièrement
254.5511811023622 557.5748031496063 60.661417322834644 14.456692913385826 efficace
300.18897637795277 557.5748031496063 40.53543307086614 14.456692913385826 pour
325.4173228346457 557.5748031496063 30.330708661417322 14.456692913385826 en
340.4409448818898 557.5748031496063 65.76377952755905 14.456692913385826 faciliter
391.18110236220474 557.5748031496063 30.330708661417322 14.456692913385826 la
401.38582677165357 557.5748031496063 70.86614173228347 14.456692913385826 réalisation.

136.3464566929134 602.3622047244095 31.181102362204726 17.291338582677167 122
