531.496062992126 622.7716535433071
271.84251968503935 1.984251968503937 49.60629921259842 20.69291338582677 LES
300.18897637795277 1.984251968503937 71.14960629921259 20.69291338582677 JEUNES
350.0787401574803 1.984251968503937 85.32283464566929 20.69291338582677 ARTISTES
413.8582677165354 1.984251968503937 49.60629921259842 20.69291338582677 ONT
435.11811023622045 1.984251968503937 56.976377952755904 20.69291338582677 CHOISI

76.53543307086615 33.16535433070866 58.960629921259844 17.858267716535433 Aasa
119.33858267716535 33.16535433070866 90.99212598425197 17.858267716535433 SCHERDIN
194.17322834645668 33.16535433070866 37.41732283464567 17.858267716535433 née
215.71653543307087 33.16535433070866 26.64566929133858 17.858267716535433 à
226.20472440944883 33.16535433070866 69.44881889763779 17.858267716535433 Stockholm
279.7795275590551 33.16535433070866 32.031496062992126 17.858267716535433 en
290.5511811023622 33.16535433070866 37.41732283464567 17.858267716535433 1932.

61.79527559055118 42.803149606299215 64.06299212598425 24.944881889763778 18
111.11811023622047 42.803149606299215 54.425196850393704 24.944881889763778 Dragon,
150.51968503937007 42.803149606299215 39.40157480314961 24.944881889763778 1961
175.1811023622047 42.803149606299215 49.32283464566929 24.944881889763778 (terre
209.76377952755905 42.803149606299215 49.32283464566929 24.944881889763778 cuite,
244.3464566929134 42.803149606299215 69.16535433070867 24.944881889763778 45x54x25).
298.48818897637796 42.803149606299215 69.16535433070867 24.944881889763778 Collection
352.9133858267717 42.803149606299215 54.425196850393704 24.944881889763778 Galerie
392.31496062992125 42.803149606299215 49.32283464566929 24.944881889763778 Pierre
422.0787401574803 42.803149606299215 39.40157480314961 24.944881889763778 Domec,

71.43307086614173 61.511811023622045 43.93700787401575 13.32283464566929 Paris.

77.10236220472441 76.25196850393701 68.31496062992126 13.88976377952756 Claude
129.82677165354332 76.25196850393701 79.08661417322834 13.88976377952756 VISEUX
193.03937007874015 76.25196850393701 31.46456692913386 13.88976377952756 né
208.91338582677164 76.25196850393701 26.362204724409448 13.88976377952756 à
219.4015748031496 76.25196850393701 115.93700787401575 13.88976377952756 Champagne-sur-Oise
319.46456692913387 76.25196850393701 31.46456692913386 13.88976377952756 en
329.9527559055118 76.25196850393701 36.8503937007874 13.88976377952756 1927.

63.496062992125985 89.85826771653544 37.13385826771653 15.590551181102363 19
89.29133858267717 89.85826771653544 17.007874015748033 15.590551181102363 1961

77.38582677165354 96.37795275590551 82.20472440944881 20.69291338582677 Momification
144.0 96.37795275590551 30.89763779527559 20.69291338582677 n°
159.59055118110237 96.37795275590551 36.0 20.69291338582677 40,
180.0 96.37795275590551 41.10236220472441 20.69291338582677 1961
205.79527559055117 96.37795275590551 56.40944881889764 20.69291338582677 (bronze
241.51181102362204 96.37795275590551 30.89763779527559 20.69291338582677 80).

87.8740157480315 123.30708661417323 49.60629921259842 24.661417322834644 Cette
120.75590551181102 123.30708661417323 71.71653543307086 24.661417322834644 sélection
176.03149606299212 123.30708661417323 33.16535433070866 24.661417322834644 ne
192.4724409448819 123.30708661417323 60.661417322834644 24.661417322834644 prétend
236.69291338582678 123.30708661417323 38.55118110236221 24.661417322834644 pas
258.8031496062992 123.30708661417323 77.10236220472441 24.661417322834644 constituer
319.46456692913387 123.30708661417323 33.16535433070866 24.661417322834644 un
335.90551181102364 123.30708661417323 71.71653543307086 24.661417322834644 palmarès.
391.18110236220474 123.30708661417323 33.16535433070866 24.661417322834644 Si
407.62204724409446 123.30708661417323 55.275590551181104 24.661417322834644 l’idée
440.78740157480314 123.30708661417323 22.11023622047244 24.661417322834644 de

77.95275590551181 144.0 60.09448818897638 17.291338582677167 prestige
123.02362204724409 144.0 45.07086614173228 17.291338582677167 avait
153.0708661417323 144.0 54.99212598425197 17.291338582677167 présidé
193.03937007874015 144.0 24.944881889763778 17.291338582677167 à
202.96062992125985 144.0 34.86614173228347 17.291338582677167 nos
223.08661417322836 144.0 89.85826771653544 17.291338582677167 délibérations,
297.9212598425197 144.0 30.04724409448819 17.291338582677167 il
312.9448818897638 144.0 39.968503937007874 17.291338582677167 nous
337.8897637795276 144.0 34.86614173228347 17.291338582677167 eût
358.01574803149606 144.0 45.07086614173228 17.291338582677167 fallu
388.06299212598424 144.0 64.91338582677166 17.291338582677167 réinviter
432.8503937007874 144.0 30.04724409448819 17.291338582677167 tous

77.95275590551181 154.48818897637796 36.0 18.992125984251967 les
98.36220472440945 154.48818897637796 61.511811023622045 18.992125984251967 artistes
144.56692913385828 154.48818897637796 82.20472440944881 18.992125984251967 sélectionnés
211.46456692913387 154.48818897637796 36.0 18.992125984251967 par
231.8740157480315 154.48818897637796 41.10236220472441 18.992125984251967 nous
257.6692913385827 154.48818897637796 30.89763779527559 18.992125984251967 ou
272.9763779527559 154.48818897637796 36.0 18.992125984251967 nos
293.38582677165357 154.48818897637796 66.61417322834646 18.992125984251967 confrères
344.9763779527559 154.48818897637796 30.89763779527559 18.992125984251967 il
360.2834645669291 154.48818897637796 25.79527559055118 18.992125984251967 y
370.48818897637796 154.48818897637796 25.79527559055118 18.992125984251967 a
380.6929133858268 154.48818897637796 41.10236220472441 18.992125984251967 deux
406.48818897637796 154.48818897637796 36.0 18.992125984251967 ans
426.8976377952756 154.48818897637796 30.89763779527559 18.992125984251967 et
437.1023622047244 154.48818897637796 25.79527559055118 18.992125984251967 qui

78.23622047244095 169.79527559055117 50.45669291338583 17.291338582677167 n’ont
111.96850393700787 169.79527559055117 39.118110236220474 17.291338582677167 pas
134.36220472440945 169.79527559055117 56.125984251968504 17.291338582677167 encore
173.48031496062993 169.79527559055117 61.511811023622045 17.291338582677167 dépassé
218.26771653543307 169.79527559055117 33.732283464566926 17.291338582677167 la
234.99212598425197 169.79527559055117 56.125984251968504 17.291338582677167 limite
268.7244094488189 169.79527559055117 44.78740157480315 17.291338582677167 d’âge.

89.29133858267717 178.29921259842519 48.75590551181102 22.677165354330707 Notre
121.88976377952756 178.29921259842519 54.425196850393704 22.677165354330707 choix,
159.8740157480315 178.29921259842519 48.75590551181102 22.677165354330707 cette
192.4724409448819 178.29921259842519 54.425196850393704 22.677165354330707 année,
230.45669291338584 178.29921259842519 65.19685039370079 22.677165354330707 souhaite
279.496062992126 178.29921259842519 32.59842519685039 22.677165354330707 au
295.65354330708664 178.29921259842519 70.58267716535433 22.677165354330707 contraire
350.0787401574803 178.29921259842519 65.19685039370079 22.677165354330707 apporter
398.8346456692913 178.29921259842519 32.59842519685039 22.677165354330707 du
415.2755905511811 178.29921259842519 48.75590551181102 22.677165354330707 neuf,
442.20472440944883 178.29921259842519 21.826771653543307 22.677165354330707 de

78.23622047244095 196.15748031496062 63.496062992125985 15.874015748031496 nouveaux
125.85826771653544 196.15748031496062 47.62204724409449 15.874015748031496 noms,
157.60629921259843 196.15748031496062 36.8503937007874 15.874015748031496 des
178.86614173228347 196.15748031496062 73.98425196850394 15.874015748031496 recherches
236.9763779527559 196.15748031496062 73.98425196850394 15.874015748031496 nouvelles,
295.0866141732283 196.15748031496062 47.62204724409449 15.874015748031496 faire
326.5511811023622 196.15748031496062 68.5984251968504 15.874015748031496 connaître
374.1732283464567 196.15748031496062 89.85826771653544 15.874015748031496 l’effervescence

78.51968503937007 207.21259842519686 36.8503937007874 19.559055118110237 qui
99.77952755905511 207.21259842519686 31.748031496062993 19.559055118110237 se
115.65354330708661 207.21259842519686 68.5984251968504 19.559055118110237 manifeste
168.3779527559055 207.21259842519686 42.23622047244095 19.559055118110237 chez
194.74015748031496 207.21259842519686 31.748031496062993 19.559055118110237 de
210.61417322834646 207.21259842519686 52.724409448818896 19.559055118110237 jeunes
247.748031496063 207.21259842519686 84.4724409448819 19.559055118110237 plasticiens,
316.34645669291336 207.21259842519686 58.110236220472444 19.559055118110237 montrer
358.5826771653543 207.21259842519686 47.62204724409449 19.559055118110237 qu’en
390.3307086614173 207.21259842519686 58.110236220472444 19.559055118110237 France,
427.46456692913387 207.21259842519686 36.8503937007874 19.559055118110237 comme

78.23622047244095 221.95275590551182 72.85039370078741 15.874015748031496 ailleurs,
134.36220472440945 221.95275590551182 33.44881889763779 15.874015748031496 on
151.08661417322836 221.95275590551182 61.511811023622045 15.874015748031496 éprouve
195.8740157480315 221.95275590551182 33.44881889763779 15.874015748031496 le
212.5984251968504 221.95275590551182 55.84251968503937 15.874015748031496 besoin
251.71653543307087 221.95275590551182 33.44881889763779 15.874015748031496 de
268.4409448818898 221.95275590551182 67.18110236220473 15.874015748031496 chercher
318.8976377952756 221.95275590551182 28.062992125984252 15.874015748031496 «
329.9527559055118 221.95275590551182 50.45669291338583 15.874015748031496 autre
363.68503937007875 221.95275590551182 50.45669291338583 15.874015748031496 chose
397.13385826771656 221.95275590551182 33.44881889763779 15.874015748031496 »,
408.4724409448819 221.95275590551182 55.84251968503937 15.874015748031496 d’autres

79.65354330708661 233.00787401574803 57.25984251968504 18.992125984251967 moyens,
121.32283464566929 233.00787401574803 62.36220472440945 18.992125984251967 d’autres
168.09448818897638 233.00787401574803 78.23622047244095 18.992125984251967 techniques,
230.45669291338584 233.00787401574803 62.36220472440945 18.992125984251967 d’autres
277.51181102362204 233.00787401574803 57.25984251968504 18.992125984251967 styles,
319.18110236220474 233.00787401574803 31.181102362204726 18.992125984251967 et
334.7716535433071 233.00787401574803 62.36220472440945 18.992125984251967 indiquer
381.54330708661416 233.00787401574803 46.77165354330709 18.992125984251967 ainsi
407.62204724409446 233.00787401574803 57.25984251968504 18.992125984251967 quelques-

78.80314960629921 248.88188976377953 45.354330708661415 15.590551181102363 unes
107.14960629921259 248.88188976377953 39.68503937007874 15.590551181102363 des
129.82677165354332 248.88188976377953 79.08661417322834 15.590551181102363 directions
191.90551181102362 248.88188976377953 84.75590551181102 15.590551181102363 éventuelles
259.93700787401576 248.88188976377953 34.01574803149607 15.590551181102363 de
276.9448818897638 248.88188976377953 51.023622047244096 15.590551181102363 l’art
310.6771653543307 248.88188976377953 34.01574803149607 15.590551181102363 de
322.01574803149606 248.88188976377953 51.023622047244096 15.590551181102363 demain.

231.30708661417322 269.5748031496063 39.40157480314961 14.740157480314961 Les
253.70078740157481 269.5748031496063 61.79527559055118 14.740157480314961 membres
298.7716535433071 269.5748031496063 33.732283464566926 14.740157480314961 du
315.496062992126 269.5748031496063 44.78740157480315 14.740157480314961 jury
343.5590551181102 269.5748031496063 39.40157480314961 14.740157480314961 des
365.9527559055118 269.5748031496063 56.125984251968504 14.740157480314961 jeunes
399.68503937007875 269.5748031496063 61.79527559055118 14.740157480314961 critiques
