515.3385826771654 622.7716535433071
74.55118110236221 3.1181102362204722 114.51968503937007 20.69291338582677 MANIFESTATIONS
167.24409448818898 3.1181102362204722 70.86614173228347 20.69291338582677 ANNEXES

258.8031496062992 48.47244094488189 50.173228346456696 15.874015748031496 JAN
286.86614173228344 48.47244094488189 89.29133858267717 15.874015748031496 LEBENSTEIN

184.8188976377953 59.24409448818898 41.38582677165354 17.007874015748033 Prix
210.61417322834646 59.24409448818898 30.89763779527559 17.007874015748033 de
226.20472440944883 59.24409448818898 30.89763779527559 17.007874015748033 la
241.51181102362204 59.24409448818898 46.488188976377955 17.007874015748033 Ville
272.6929133858268 59.24409448818898 30.89763779527559 17.007874015748033 de
288.2834645669291 59.24409448818898 51.59055118110236 17.007874015748033 Paris,
324.2834645669291 59.24409448818898 62.07874015748032 17.007874015748033 Biennale
370.7716535433071 59.24409448818898 30.89763779527559 17.007874015748033 de
386.3622047244094 59.24409448818898 46.488188976377955 17.007874015748033 Paris
412.15748031496065 59.24409448818898 36.28346456692913 17.007874015748033 1959.

252.8503937007874 71.71653543307086 70.86614173228347 16.15748031496063 Gouaches
305.8582677165354 71.71653543307086 35.43307086614173 16.15748031496063 et
317.76377952755905 71.71653543307086 58.960629921259844 16.15748031496063 dessins.

125.85826771653544 91.84251968503936 32.031496062992126 18.141732283464567 La
142.01574803149606 91.84251968503936 58.67716535433071 18.141732283464567 Galerie
184.53543307086613 91.84251968503936 58.67716535433071 18.141732283464567 Lambert
227.33858267716536 91.84251968503936 26.64566929133858 18.141732283464567 a
237.82677165354332 91.84251968503936 53.29133858267716 18.141732283464567 offert
275.244094488189 91.84251968503936 26.64566929133858 18.141732283464567 à
286.01574803149606 91.84251968503936 37.41732283464567 18.141732283464567 Jan
307.2755905511811 91.84251968503936 74.55118110236221 18.141732283464567 Lebenstein
365.9527559055118 91.84251968503936 69.44881889763779 18.141732283464567 d’exposer
419.244094488189 91.84251968503936 37.41732283464567 18.141732283464567 ses
440.503937007874 91.84251968503936 64.06299212598425 18.141732283464567 tableaux
483.3070866141732 91.84251968503936 26.64566929133858 18.141732283464567 dès

115.37007874015748 103.74803149606299 48.75590551181102 16.724409448818896 1958,
147.68503937007873 103.74803149606299 32.31496062992126 16.724409448818896 un
164.1259842519685 103.74803149606299 32.31496062992126 16.724409448818896 an
180.28346456692913 103.74803149606299 48.75590551181102 16.724409448818896 avant
212.5984251968504 103.74803149606299 48.75590551181102 16.724409448818896 qu’il
245.1968503937008 103.74803149606299 37.7007874015748 16.724409448818896 fût
266.74015748031496 103.74803149606299 64.91338582677166 16.724409448818896 consacré
315.496062992126 103.74803149606299 37.7007874015748 16.724409448818896 par
337.03937007874015 103.74803149606299 32.31496062992126 16.724409448818896 le
353.1968503937008 103.74803149606299 43.37007874015748 16.724409448818896 Prix
380.12598425196853 103.74803149606299 32.31496062992126 16.724409448818896 de
396.56692913385825 103.74803149606299 32.31496062992126 16.724409448818896 la
412.7244094488189 103.74803149606299 48.75590551181102 16.724409448818896 Ville
445.03937007874015 103.74803149606299 32.31496062992126 16.724409448818896 de
461.1968503937008 103.74803149606299 54.14173228346457 16.724409448818896 Paris,
493.79527559055117 103.74803149606299 16.15748031496063 16.724409448818896 à

116.22047244094489 114.80314960629921 29.480314960629922 15.590551181102363 la
130.96062992125985 114.80314960629921 58.960629921259844 15.590551181102363 Première
175.1811023622047 114.80314960629921 58.960629921259844 15.590551181102363 Biennale
219.4015748031496 114.80314960629921 29.480314960629922 15.590551181102363 de
234.14173228346456 114.80314960629921 44.22047244094488 15.590551181102363 1959.
263.90551181102364 114.80314960629921 29.480314960629922 15.590551181102363 La
278.6456692913386 114.80314960629921 58.960629921259844 15.590551181102363 présente
322.86614173228344 114.80314960629921 68.88188976377953 15.590551181102363 exposition
377.00787401574803 114.80314960629921 29.480314960629922 15.590551181102363 de
391.748031496063 114.80314960629921 34.58267716535433 15.590551181102363 ses
411.59055118110234 114.80314960629921 58.960629921259844 15.590551181102363 gouaches
455.81102362204723 114.80314960629921 29.480314960629922 15.590551181102363 et
465.73228346456693 114.80314960629921 44.22047244094488 15.590551181102363 dessins

115.65354330708661 126.70866141732283 64.91338582677166 15.023622047244094 récents,
164.1259842519685 126.70866141732283 32.31496062992126 15.023622047244094 en
180.56692913385828 126.70866141732283 48.75590551181102 15.023622047244094 marge
212.88188976377953 126.70866141732283 32.31496062992126 15.023622047244094 de
229.03937007874015 126.70866141732283 37.7007874015748 15.023622047244094 son
250.58267716535434 126.70866141732283 75.68503937007874 15.023622047244094 exposition
310.1102362204724 126.70866141732283 91.84251968503936 15.023622047244094 rétrospective
385.79527559055117 126.70866141732283 32.31496062992126 15.023622047244094 au
401.9527559055118 126.70866141732283 48.75590551181102 15.023622047244094 Musée
434.26771653543307 126.70866141732283 48.75590551181102 15.023622047244094 d’Art
461.4803149606299 126.70866141732283 48.75590551181102 15.023622047244094 moderne

115.93700787401575 137.48031496062993 29.480314960629922 15.874015748031496 de
130.6771653543307 137.48031496062993 29.480314960629922 15.874015748031496 la
145.41732283464566 137.48031496062993 44.22047244094488 15.874015748031496 Ville
174.89763779527559 137.48031496062993 29.480314960629922 15.874015748031496 de
189.63779527559055 137.48031496062993 49.32283464566929 15.874015748031496 Paris,
224.2204724409449 137.48031496062993 34.58267716535433 15.874015748031496 est
243.7795275590551 137.48031496062993 49.32283464566929 15.874015748031496 ainsi,
278.3622047244094 137.48031496062993 29.480314960629922 15.874015748031496 en
293.1023622047244 137.48031496062993 54.14173228346457 15.874015748031496 premier
332.503937007874 137.48031496062993 44.22047244094488 15.874015748031496 lieu,
362.26771653543307 137.48031496062993 29.480314960629922 15.874015748031496 un
377.00787401574803 137.48031496062993 68.88188976377953 15.874015748031496 témoignage
431.1496062992126 137.48031496062993 64.06299212598425 15.874015748031496 d’amitié.
475.37007874015745 137.48031496062993 34.58267716535433 15.874015748031496 C’est

115.08661417322834 149.38582677165354 47.338582677165356 13.606299212598426 aussi
146.83464566929135 149.38582677165354 73.7007874015748 13.606299212598426 l’occasion
204.66141732283464 149.38582677165354 31.46456692913386 13.606299212598426 de
220.251968503937 149.38582677165354 73.7007874015748 13.606299212598426 contribuer
278.0787401574803 149.38582677165354 26.362204724409448 13.606299212598426 à
288.56692913385825 149.38582677165354 47.338582677165356 13.606299212598426 faire
320.31496062992125 149.38582677165354 68.31496062992126 13.606299212598426 connaître
372.755905511811 149.38582677165354 31.46456692913386 13.606299212598426 un
388.62992125984255 149.38582677165354 68.31496062992126 13.606299212598426 processus
441.07086614173227 149.38582677165354 31.46456692913386 13.606299212598426 de
451.5590551181102 149.38582677165354 57.826771653543304 13.606299212598426 création:

115.65354330708661 157.3228346456693 35.43307086614173 16.724409448818896 les
135.7795275590551 157.3228346456693 60.661417322834644 16.724409448818896 gouaches
181.41732283464566 157.3228346456693 30.330708661417322 16.724409448818896 et
196.44094488188978 157.3228346456693 35.43307086614173 16.724409448818896 les
216.8503937007874 157.3228346456693 55.55905511811024 16.724409448818896 dessins
257.1023622047244 157.3228346456693 30.330708661417322 16.724409448818896 de
272.40944881889766 157.3228346456693 70.58267716535433 16.724409448818896 Lebenstein
327.9685039370079 157.3228346456693 45.354330708661415 16.724409448818896 étant
358.01574803149606 157.3228346456693 60.661417322834644 16.724409448818896 toujours
403.65354330708664 157.3228346456693 35.43307086614173 16.724409448818896 des
423.7795275590551 157.3228346456693 60.661417322834644 16.724409448818896 ébauches
464.31496062992125 157.3228346456693 45.354330708661415 16.724409448818896 variées

115.37007874015748 168.66141732283464 60.661417322834644 14.740157480314961 d’idées
159.30708661417322 168.66141732283464 33.16535433070866 14.740157480314961 et
175.748031496063 168.66141732283464 33.16535433070866 14.740157480314961 de
192.4724409448819 168.66141732283464 82.77165354330708 14.740157480314961 conceptions
258.5196850393701 168.66141732283464 71.71653543307086 14.740157480314961 réalisées
313.79527559055117 168.66141732283464 44.22047244094488 14.740157480314961 dans
341.29133858267716 168.66141732283464 38.55118110236221 14.740157480314961 ses
357.73228346456693 168.66141732283464 60.661417322834644 14.740157480314961 tableaux.

126.14173228346456 179.1496062992126 29.763779527559056 16.440944881889763 La
141.16535433070865 179.1496062992126 54.70866141732284 16.440944881889763 Galerie
181.13385826771653 179.1496062992126 54.70866141732284 16.440944881889763 Lambert
220.8188976377953 179.1496062992126 44.78740157480315 16.440944881889763 s’est
250.58267716535434 179.1496062992126 99.49606299212599 16.440944881889763 particulièrement
335.33858267716533 179.1496062992126 59.811023622047244 16.440944881889763 attachée
380.12598425196853 179.1496062992126 24.944881889763778 16.440944881889763 à
390.0472440944882 179.1496062992126 44.78740157480315 16.440944881889763 faire
419.81102362204723 179.1496062992126 64.62992125984252 16.440944881889763 connaître
469.7007874015748 179.1496062992126 24.944881889763778 16.440944881889763 à
474.5196850393701 179.1496062992126 34.86614173228347 16.440944881889763 Paris

115.65354330708661 190.48818897637796 35.71653543307087 14.456692913385826 des
136.06299212598427 190.48818897637796 61.511811023622045 14.456692913385826 artistes
182.26771653543307 190.48818897637796 66.61417322834646 14.456692913385826 étrangers
233.29133858267716 190.48818897637796 30.614173228346456 14.456692913385826 de
248.5984251968504 190.48818897637796 45.92125984251968 14.456692913385826 moins
279.21259842519686 190.48818897637796 30.614173228346456 14.456692913385826 de
294.5196850393701 190.48818897637796 61.511811023622045 14.456692913385826 quarante
335.62204724409446 190.48818897637796 30.614173228346456 14.456692913385826 ans.

253.13385826771653 205.79527559055117 82.48818897637796 20.976377952755904 GALERIE
305.5748031496063 205.79527559055117 67.46456692913385 20.976377952755904 LAMBERT

162.70866141732284 214.58267716535434 37.98425196850393 25.228346456692915 14,
184.251968503937 214.58267716535434 37.98425196850393 25.228346456692915 rue
206.07874015748033 214.58267716535434 140.5984251968504 25.228346456692915 Saint-Louis-en-l’Isle,
330.5196850393701 214.58267716535434 48.75590551181102 25.228346456692915 Paris
362.8346456692913 214.58267716535434 43.37007874015748 25.228346456692915 (4e)
390.0472440944882 214.58267716535434 26.929133858267715 25.228346456692915 —
400.81889763779526 214.58267716535434 43.37007874015748 25.228346456692915 DAN.
422.3622047244094 214.58267716535434 43.37007874015748 25.228346456692915 51

216.8503937007874 242.64566929133858 76.25196850393701 15.590551181102363 Exposition
276.66141732283467 242.64566929133858 32.59842519685039 15.590551181102363 du
293.1023622047244 242.64566929133858 27.212598425196852 15.590551181102363 6
303.87401574803147 242.64566929133858 32.59842519685039 15.590551181102363 au
320.31496062992125 242.64566929133858 32.59842519685039 15.590551181102363 31
336.755905511811 242.64566929133858 60.09448818897638 15.590551181102363 octobre
374.74015748031496 242.64566929133858 38.267716535433074 15.590551181102363 1961.

188.78740157480314 254.83464566929135 73.13385826771653 14.173228346456693 Vernissage
246.33070866141733 254.83464566929135 31.46456692913386 14.173228346456693 le
261.9212598425197 254.83464566929135 62.92913385826772 14.173228346456693 vendredi
308.9763779527559 254.83464566929135 26.078740157480315 14.173228346456693 6
319.46456692913387 254.83464566929135 57.54330708661417 14.173228346456693 octobre
361.4173228346457 254.83464566929135 31.46456692913386 14.173228346456693 de
377.00787401574803 254.83464566929135 31.46456692913386 14.173228346456693 17
392.59842519685037 254.83464566929135 26.078740157480315 14.173228346456693 h
403.0866141732283 254.83464566929135 26.078740157480315 14.173228346456693 à
413.5748031496063 254.83464566929135 31.46456692913386 14.173228346456693 21
424.06299212598424 254.83464566929135 20.976377952755904 14.173228346456693 h.

115.08661417322834 262.20472440944883 41.10236220472441 20.125984251968504 Tous
140.5984251968504 262.20472440944883 36.0 20.125984251968504 les
161.29133858267716 262.20472440944883 51.30708661417323 20.125984251968504 jours,
197.00787401574803 262.20472440944883 41.10236220472441 20.125984251968504 sauf
222.8031496062992 262.20472440944883 30.89763779527559 20.125984251968504 le
238.11023622047244 262.20472440944883 61.511811023622045 20.125984251968504 dimanche
284.31496062992125 262.20472440944883 30.89763779527559 20.125984251968504 et
299.62204724409446 262.20472440944883 30.89763779527559 20.125984251968504 le
315.21259842519686 262.20472440944883 51.30708661417323 20.125984251968504 lundi,
350.92913385826773 262.20472440944883 30.89763779527559 20.125984251968504 de
366.23622047244095 262.20472440944883 30.89763779527559 20.125984251968504 10
381.8267716535433 262.20472440944883 25.511811023622048 20.125984251968504 h
392.0314960629921 262.20472440944883 30.89763779527559 20.125984251968504 30
407.33858267716533 262.20472440944883 25.511811023622048 20.125984251968504 à
417.54330708661416 262.20472440944883 30.89763779527559 20.125984251968504 12
433.13385826771656 262.20472440944883 25.511811023622048 20.125984251968504 h
443.33858267716533 262.20472440944883 30.89763779527559 20.125984251968504 et
458.6456692913386 262.20472440944883 30.89763779527559 20.125984251968504 de
473.9527559055118 262.20472440944883 30.89763779527559 20.125984251968504 14
484.4409448818898 262.20472440944883 25.511811023622048 20.125984251968504 n30

282.0472440944882 275.81102362204723 29.763779527559056 17.5748031496063 à
293.9527559055118 275.81102362204723 35.43307086614173 17.5748031496063 18
311.81102362204723 275.81102362204723 29.763779527559056 17.5748031496063 h
317.76377952755905 275.81102362204723 29.763779527559056 17.5748031496063 30.

128.1259842519685 364.81889763779526 92.40944881889764 16.724409448818896 ATELIER
200.69291338582678 364.81889763779526 39.68503937007874 16.724409448818896 DE
220.53543307086613 364.81889763779526 72.56692913385827 16.724409448818896 L’ÉCOLE
273.25984251968504 364.81889763779526 85.88976377952756 16.724409448818896 NATIONALE
339.0236220472441 364.81889763779526 46.20472440944882 16.724409448818896 DES
365.6692913385827 364.81889763779526 52.724409448818896 16.724409448818896 ARTS
392.0314960629921 364.81889763779526 105.44881889763779 16.724409448818896 DÉCORATIFS

124.7244094488189 384.37795275590554 32.031496062992126 22.393700787401574 En
140.88188976377953 384.37795275590554 74.83464566929133 22.393700787401574 présentant
199.84251968503938 384.37795275590554 37.41732283464567 22.393700787401574 les
221.10236220472441 384.37795275590554 53.574803149606296 22.393700787401574 œuvres
258.5196850393701 384.37795275590554 32.031496062992126 22.393700787401574 de
274.6771653543307 384.37795275590554 53.574803149606296 22.393700787401574 jeunes
312.09448818897636 384.37795275590554 64.34645669291339 22.393700787401574 peintres
360.2834645669291 384.37795275590554 58.960629921259844 22.393700787401574 formant
403.0866141732283 384.37795275590554 32.031496062992126 22.393700787401574 un
419.244094488189 384.37795275590554 53.574803149606296 22.393700787401574 groupe
451.2755905511811 384.37795275590554 58.960629921259844 22.393700787401574 homogène,

114.80314960629921 398.5511811023622 28.913385826771652 15.874015748031496 la
129.25984251968504 398.5511811023622 53.00787401574803 15.874015748031496 Galerie
167.81102362204723 398.5511811023622 38.55118110236221 15.874015748031496 Jean
191.90551181102362 398.5511811023622 48.188976377952756 15.874015748031496 Cailac
225.63779527559055 398.5511811023622 53.00787401574803 15.874015748031496 propose
264.18897637795277 398.5511811023622 57.826771653543304 15.874015748031496 quelques
307.5590551181102 398.5511811023622 77.10236220472441 15.874015748031496 perspectives
370.20472440944883 398.5511811023622 33.732283464566926 15.874015748031496 sur
389.4803149606299 398.5511811023622 57.826771653543304 15.874015748031496 l’avenir
432.8503937007874 398.5511811023622 28.913385826771652 15.874015748031496 de
447.3070866141732 398.5511811023622 28.913385826771652 15.874015748031496 la
456.9448818897638 398.5511811023622 53.00787401574803 15.874015748031496 peinture.

115.08661417322834 410.74015748031496 29.19685039370079 14.456692913385826 Ce
129.54330708661416 410.74015748031496 34.01574803149607 14.456692913385826 qui
149.10236220472441 410.74015748031496 53.574803149606296 14.456692913385826 marque,
188.2204724409449 410.74015748031496 29.19685039370079 14.456692913385826 en
202.96062992125985 410.74015748031496 48.75590551181102 14.456692913385826 effet,
236.9763779527559 410.74015748031496 34.01574803149607 14.456692913385826 ces
256.53543307086613 410.74015748031496 48.75590551181102 14.456692913385826 jeunes
290.5511811023622 410.74015748031496 63.496062992125985 14.456692913385826 peintres,
339.59055118110234 410.74015748031496 43.93700787401575 14.456692913385826 c’est
368.78740157480314 410.74015748031496 39.118110236220474 14.456692913385826 que,
393.1653543307087 410.74015748031496 63.496062992125985 14.456692913385826 dépassant
441.9212598425197 410.74015748031496 34.01574803149607 14.456692913385826 les
456.66141732283467 410.74015748031496 53.574803149606296 14.456692913385826 doctrines

114.51968503937007 420.09448818897636 28.346456692913385 15.874015748031496 et
128.69291338582678 420.09448818897636 32.881889763779526 15.874015748031496 les
147.68503937007873 420.09448818897636 47.05511811023622 15.874015748031496 écoles
180.56692913385828 420.09448818897636 70.58267716535433 15.874015748031496 figuratives
236.9763779527559 420.09448818897636 28.346456692913385 15.874015748031496 ou
251.1496062992126 420.09448818897636 70.58267716535433 15.874015748031496 abstraites,
307.5590551181102 420.09448818897636 37.7007874015748 15.874015748031496 mais
331.0866141732283 420.09448818897636 70.58267716535433 15.874015748031496 recueillant
387.496062992126 420.09448818897636 28.346456692913385 15.874015748031496 au
401.38582677165357 420.09448818897636 51.59055118110236 15.874015748031496 passage
439.0866141732283 420.09448818897636 42.23622047244095 15.874015748031496 leurs
462.61417322834643 420.09448818897636 47.05511811023622 15.874015748031496 apports,

114.51968503937007 432.0 36.0 11.905511811023622 ils
134.9291338582677 432.0 56.40944881889764 11.905511811023622 situent
176.03149606299212 432.0 46.20472440944882 11.905511811023622 leurs
206.9291338582677 432.0 72.0 11.905511811023622 recherches
263.62204724409446 432.0 56.40944881889764 11.905511811023622 au-delà
304.7244094488189 432.0 36.0 11.905511811023622 des
325.13385826771656 432.0 77.10236220472441 11.905511811023622 expériences
386.92913385826773 432.0 41.10236220472441 11.905511811023622 déjà
412.7244094488189 432.0 56.40944881889764 11.905511811023622 faites.
453.8267716535433 432.0 30.89763779527559 11.905511811023622 Ce
469.13385826771656 432.0 36.0 11.905511811023622 qui
484.4409448818898 432.0 25.79527559055118 11.905511811023622 les

114.23622047244095 443.33858267716533 58.110236220472444 14.456692913385826 réunit,
156.4724409448819 443.33858267716533 47.338582677165356 14.456692913385826 c’est
188.2204724409449 443.33858267716533 47.338582677165356 14.456692913385826 leurs
219.96850393700788 443.33858267716533 47.338582677165356 14.456692913385826 goûts
251.43307086614172 443.33858267716533 58.110236220472444 14.456692913385826 communs
293.6692913385827 443.33858267716533 42.23622047244095 14.456692913385826 pour
320.0314960629921 443.33858267716533 36.8503937007874 14.456692913385826 les
341.29133858267716 443.33858267716533 58.110236220472444 14.456692913385826 valeurs
383.244094488189 443.33858267716533 89.5748031496063 14.456692913385826 fondamentales
457.2283464566929 443.33858267716533 31.748031496062993 14.456692913385826 du
467.7165354330709 443.33858267716533 42.23622047244095 14.456692913385826 dessin

114.51968503937007 454.1102362204724 30.330708661417322 14.173228346456693 et
129.82677165354332 454.1102362204724 30.330708661417322 14.173228346456693 de
145.13385826771653 454.1102362204724 30.330708661417322 14.173228346456693 la
160.15748031496062 454.1102362204724 66.04724409448819 14.173228346456693 peinture,
210.89763779527559 454.1102362204724 40.53543307086614 14.173228346456693 leur
236.40944881889763 454.1102362204724 55.84251968503937 14.173228346456693 passion
276.9448818897638 454.1102362204724 40.53543307086614 14.173228346456693 pour
302.45669291338584 454.1102362204724 30.330708661417322 14.173228346456693 le
317.4803149606299 454.1102362204724 60.94488188976378 14.173228346456693 travail,
363.40157480314963 454.1102362204724 40.53543307086614 14.173228346456693 leur
388.62992125984255 454.1102362204724 81.35433070866142 14.173228346456693 enthousiasme
454.6771653543307 454.1102362204724 50.74015748031496 14.173228346456693 devant
485.00787401574803 454.1102362204724 25.511811023622048 14.173228346456693 les

113.66929133858268 462.61417322834643 79.37007874015748 17.5748031496063 problèmes
174.89763779527559 462.61417322834643 30.614173228346456 17.5748031496063 à
180.8503937007874 462.61417322834643 67.18110236220473 17.5748031496063 résoudre.

222.23622047244095 482.74015748031496 80.50393700787401 16.15748031496063 GALERIE
280.9133858267717 482.74015748031496 65.76377952755905 16.15748031496063 D’ART
317.4803149606299 482.74015748031496 87.8740157480315 16.15748031496063 MIROMESNIL

194.17322834645668 495.7795275590551 35.71653543307087 19.559055118110237 19,
214.58267716535434 495.7795275590551 35.71653543307087 19.559055118110237 rue
234.99212598425197 495.7795275590551 30.614173228346456 19.559055118110237 de
250.58267716535434 495.7795275590551 76.81889763779527 19.559055118110237 Miromesnil,
311.81102362204723 495.7795275590551 46.20472440944882 19.559055118110237 Paris
342.70866141732284 495.7795275590551 41.10236220472441 19.559055118110237 (8e)
368.2204724409449 495.7795275590551 25.511811023622048 19.559055118110237 -
378.4251968503937 495.7795275590551 41.10236220472441 19.559055118110237 ANJ.
398.8346456692913 495.7795275590551 41.10236220472441 19.559055118110237 24

196.15748031496062 513.3543307086615 74.26771653543307 18.4251968503937 Exposition
254.5511811023622 513.3543307086615 31.748031496062993 18.4251968503937 du
270.4251968503937 513.3543307086615 26.64566929133858 18.4251968503937 4
281.1968503937008 513.3543307086615 58.39370078740158 18.4251968503937 octobre
323.43307086614175 513.3543307086615 31.748031496062993 18.4251968503937 au
339.3070866141732 513.3543307086615 31.748031496062993 18.4251968503937 15
355.18110236220474 513.3543307086615 63.496062992125985 18.4251968503937 novembre
397.7007874015748 513.3543307086615 37.13385826771653 18.4251968503937 1961.

195.30708661417322 528.0944881889764 69.16535433070867 15.023622047244094 Vernissage
249.4488188976378 528.0944881889764 29.763779527559056 15.023622047244094 le
264.4724409448819 528.0944881889764 59.24409448818898 15.023622047244094 mercredi
308.9763779527559 528.0944881889764 24.661417322834644 15.023622047244094 4
318.8976377952756 528.0944881889764 54.425196850393704 15.023622047244094 octobre
358.2992125984252 528.0944881889764 29.763779527559056 15.023622047244094 de
373.03937007874015 528.0944881889764 29.763779527559056 15.023622047244094 17
388.06299212598424 528.0944881889764 24.661417322834644 15.023622047244094 h
397.98425196850394 528.0944881889764 24.661417322834644 15.023622047244094 à
407.62204724409446 528.0944881889764 29.763779527559056 15.023622047244094 22
417.54330708661416 528.0944881889764 19.84251968503937 15.023622047244094 h.

114.51968503937007 534.8976377952756 42.803149606299215 19.275590551181104 Tous
141.4488188976378 534.8976377952756 37.41732283464567 19.275590551181104 les
162.70866141732284 534.8976377952756 53.574803149606296 19.275590551181104 jours,
200.1259842519685 534.8976377952756 42.803149606299215 19.275590551181104 sauf
227.0551181102362 534.8976377952756 32.031496062992126 19.275590551181104 le
242.9291338582677 534.8976377952756 69.44881889763779 19.275590551181104 dimanche,
296.503937007874 534.8976377952756 32.031496062992126 19.275590551181104 de
312.66141732283467 534.8976377952756 32.031496062992126 19.275590551181104 10
328.53543307086613 534.8976377952756 26.64566929133858 19.275590551181104 h
339.3070866141732 534.8976377952756 32.031496062992126 19.275590551181104 30
355.46456692913387 534.8976377952756 26.64566929133858 19.275590551181104 à
365.9527559055118 534.8976377952756 32.031496062992126 19.275590551181104 12
382.1102362204724 534.8976377952756 26.64566929133858 19.275590551181104 h
392.88188976377955 534.8976377952756 32.031496062992126 19.275590551181104 et
408.755905511811 534.8976377952756 32.031496062992126 19.275590551181104 de
424.9133858267717 534.8976377952756 32.031496062992126 19.275590551181104 14
441.07086614173227 534.8976377952756 26.64566929133858 19.275590551181104 h
451.5590551181102 534.8976377952756 32.031496062992126 19.275590551181104 30
467.7165354330709 534.8976377952756 26.64566929133858 19.275590551181104 à
478.48818897637796 534.8976377952756 32.031496062992126 19.275590551181104 19
488.9763779527559 534.8976377952756 21.543307086614174 19.275590551181104 h.

127.55905511811024 598.1102362204724 31.181102362204726 14.173228346456693 146
