501.1653543307087 625.6062992125984
412.15748031496065 7.086614173228346 73.98425196850394 21.543307086614174 ITALIE

94.67716535433071 138.89763779527559 65.76377952755905 11.905511811023622 Commissaire
147.11811023622047 138.89763779527559 48.188976377952756 11.905511811023622 Général
182.26771653543307 138.89763779527559 21.826771653543307 11.905511811023622 :
191.0551181102362 138.89763779527559 70.01574803149606 11.905511811023622 Fortunato
243.49606299212599 138.89763779527559 61.511811023622045 11.905511811023622 Bellonzi

93.54330708661418 147.68503937007873 71.43307086614173 20.976377952755904 Secrétaire
149.66929133858267 147.68503937007873 56.125984251968504 20.976377952755904 Général
190.48818897637796 147.68503937007873 30.614173228346456 20.976377952755904 de
205.79527559055117 147.68503937007873 30.614173228346456 20.976377952755904 la
221.10236220472441 147.68503937007873 81.63779527559055 20.976377952755904 Quadriennale
287.43307086614175 147.68503937007873 45.92125984251968 20.976377952755904 d’Art
318.0472440944882 147.68503937007873 30.614173228346456 20.976377952755904 de
328.251968503937 147.68503937007873 35.71653543307087 20.976377952755904 Rome.

47.05511811023622 227.6220472440945 29.763779527559056 15.874015748031496 Le
62.07874015748032 227.6220472440945 49.889763779527556 15.874015748031496 Comité
96.94488188976378 227.6220472440945 54.70866141732284 15.874015748031496 Italien
136.62992125984252 227.6220472440945 89.5748031496063 15.874015748031496 d’Organisation
211.46456692913387 227.6220472440945 24.944881889763778 15.874015748031496 a
221.38582677165354 227.6220472440945 59.811023622047244 15.874015748031496 préféré,
266.1732283464567 227.6220472440945 44.78740157480315 15.874015748031496 cette
295.93700787401576 227.6220472440945 44.78740157480315 15.874015748031496 fois,
325.98425196850394 227.6220472440945 54.70866141732284 15.874015748031496 inviter
365.6692913385827 227.6220472440945 29.763779527559056 15.874015748031496 un
380.6929133858268 227.6220472440945 44.78740157480315 15.874015748031496 petit
405.6377952755906 227.6220472440945 39.68503937007874 15.874015748031496 nombre

37.41732283464567 242.9291338582677 80.50393700787401 14.173228346456693 d’artistes;
102.04724409448819 242.9291338582677 53.85826771653543 14.173228346456693 chacun
139.46456692913387 242.9291338582677 53.85826771653543 14.173228346456693 d’eux,
177.16535433070865 242.9291338582677 48.47244094488189 14.173228346456693 étant
209.48031496062993 242.9291338582677 26.929133858267715 14.173228346456693 à
220.251968503937 242.9291338582677 32.31496062992126 14.173228346456693 la
236.40944881889763 242.9291338582677 53.85826771653543 14.173228346456693 pointe
273.8267716535433 242.9291338582677 37.7007874015748 14.173228346456693 des
295.37007874015745 242.9291338582677 85.88976377952756 14.173228346456693 orientations
365.38582677165357 242.9291338582677 75.11811023622047 14.173228346456693 actuelles,
418.96062992125985 242.9291338582677 26.929133858267715 14.173228346456693 est

37.41732283464567 254.83464566929135 79.37007874015748 16.724409448818896 représenté
99.77952755905511 254.83464566929135 39.68503937007874 16.724409448818896 par
122.45669291338582 254.83464566929135 34.01574803149607 16.724409448818896 un
139.46456692913387 254.83464566929135 56.69291338582677 16.724409448818896 nombre
179.1496062992126 254.83464566929135 68.03149606299213 16.724409448818896 d’œuvres
230.17322834645668 254.83464566929135 73.7007874015748 16.724409448818896 suffisant
286.86614173228344 254.83464566929135 45.354330708661415 16.724409448818896 pour
315.21259842519686 254.83464566929135 56.69291338582677 16.724409448818896 donner
354.8976377952756 254.83464566929135 34.01574803149607 16.724409448818896 la
371.90551181102364 254.83464566929135 73.7007874015748 16.724409448818896 dimension
422.92913385826773 254.83464566929135 22.677165354330707 16.724409448818896 de

37.7007874015748 269.5748031496063 30.330708661417322 17.007874015748033 sa
53.00787401574803 269.5748031496063 50.74015748031496 17.007874015748033 valeur
83.33858267716535 269.5748031496063 45.63779527559055 17.007874015748033 réelle.

47.05511811023622 283.18110236220474 33.16535433070866 16.440944881889763 Un
63.77952755905512 283.18110236220474 44.22047244094488 16.440944881889763 seul
91.55905511811024 283.18110236220474 77.38582677165354 16.440944881889763 sculpteur,
152.50393700787401 283.18110236220474 72.0 16.440944881889763 Francesco
207.7795275590551 283.18110236220474 66.33070866141732 16.440944881889763 Somaini,
257.6692913385827 283.18110236220474 38.83464566929134 16.440944881889763 qui
279.7795275590551 283.18110236220474 27.77952755905512 16.440944881889763 a
290.8346456692913 283.18110236220474 66.33070866141732 16.440944881889763 remporté
340.7244094488189 283.18110236220474 33.16535433070866 16.440944881889763 il
357.1653543307087 283.18110236220474 27.77952755905512 16.440944881889763 y
368.503937007874 283.18110236220474 27.77952755905512 16.440944881889763 a
379.5590551181102 283.18110236220474 44.22047244094488 16.440944881889763 deux
407.0551181102362 283.18110236220474 38.83464566929134 16.440944881889763 ans
423.7795275590551 283.18110236220474 22.11023622047244 16.440944881889763 le

37.98425196850393 297.9212598425197 43.653543307086615 18.4251968503937 prix
65.19685039370079 297.9212598425197 32.59842519685039 18.4251968503937 du
81.35433070866142 297.9212598425197 65.19685039370079 18.4251968503937 meilleur
130.39370078740157 297.9212598425197 70.58267716535433 18.4251968503937 sculpteur
184.8188976377953 297.9212598425197 65.19685039370079 18.4251968503937 étranger
233.85826771653544 297.9212598425197 27.212598425196852 18.4251968503937 à
244.62992125984252 297.9212598425197 32.59842519685039 18.4251968503937 la
261.07086614173227 297.9212598425197 70.58267716535433 18.4251968503937 cinquième
315.21259842519686 297.9212598425197 65.19685039370079 18.4251968503937 Biennale
358.86614173228344 297.9212598425197 87.02362204724409 18.4251968503937 Internationale

37.41732283464567 312.9448818897638 33.44881889763779 19.559055118110237 de
54.14173228346457 312.9448818897638 39.118110236220474 19.559055118110237 São
76.53543307086615 312.9448818897638 55.84251968503937 19.559055118110237 Paulo.
115.93700787401575 312.9448818897638 61.511811023622045 19.559055118110237 Somaini
160.44094488188978 312.9448818897638 39.118110236220474 19.559055118110237 est
182.83464566929135 312.9448818897638 44.78740157480315 19.559055118110237 loin
210.89763779527559 312.9448818897638 55.84251968503937 19.559055118110237 d’être
250.01574803149606 312.9448818897638 33.44881889763779 19.559055118110237 un
266.74015748031496 312.9448818897638 61.511811023622045 19.559055118110237 inconnu
311.5275590551181 312.9448818897638 33.44881889763779 19.559055118110237 en
328.53543307086613 312.9448818897638 61.511811023622045 19.559055118110237 France;
373.03937007874015 312.9448818897638 44.78740157480315 19.559055118110237 Léon
395.43307086614175 312.9448818897638 50.45669291338583 19.559055118110237 Degand,

38.267716535433074 327.40157480314963 51.59055118110236 15.590551181102363 Marcel
74.26771653543307 327.40157480314963 56.69291338582677 15.590551181102363 Seuphor
115.65354330708661 327.40157480314963 30.89763779527559 15.590551181102363 et
130.96062992125985 327.40157480314963 51.59055118110236 15.590551181102363 Michel
167.24409448818898 327.40157480314963 51.59055118110236 15.590551181102363 Tapié,
203.24409448818898 327.40157480314963 46.488188976377955 15.590551181102363 entre
234.4251968503937 327.40157480314963 56.69291338582677 15.590551181102363 autres,
275.5275590551181 327.40157480314963 36.0 15.590551181102363 ont
296.2204724409449 327.40157480314963 61.79527559055118 15.590551181102363 consacré
342.70866141732284 327.40157480314963 72.28346456692914 15.590551181102363 différents
394.2992125984252 327.40157480314963 51.59055118110236 15.590551181102363 articles

36.8503937007874 342.70866141732284 29.763779527559056 13.88976377952756 à
48.75590551181102 342.70866141732284 41.669291338582674 13.88976377952756 son
72.56692913385827 342.70866141732284 59.24409448818898 13.88976377952756 œuvre.
113.95275590551181 342.70866141732284 29.763779527559056 13.88976377952756 A
125.85826771653544 342.70866141732284 59.24409448818898 13.88976377952756 propos
167.5275590551181 342.70866141732284 47.62204724409449 13.88976377952756 d’un
197.00787401574803 342.70866141732284 59.24409448818898 13.88976377952756 groupe
238.6771653543307 342.70866141732284 35.71653543307087 13.88976377952756 de
256.53543307086613 342.70866141732284 83.05511811023622 13.88976377952756 sculptures
321.73228346456693 342.70866141732284 71.14960629921259 13.88976377952756 exposées
375.3070866141732 342.70866141732284 29.763779527559056 13.88976377952756 à
387.21259842519686 342.70866141732284 35.71653543307087 13.88976377952756 la
398.8346456692913 342.70866141732284 47.62204724409449 13.88976377952756 vingt-

37.41732283464567 356.31496062992125 70.01574803149606 15.307086614173228 neuvième
90.14173228346456 356.31496062992125 70.01574803149606 15.307086614173228 Biennale
142.58267716535434 356.31496062992125 34.86614173228347 15.307086614173228 de
160.15748031496062 356.31496062992125 58.39370078740158 15.307086614173228 Venise
200.9763779527559 356.31496062992125 34.86614173228347 15.307086614173228 en
218.26771653543307 356.31496062992125 52.44094488188976 15.307086614173228 1958,
253.41732283464566 356.31496062992125 52.44094488188976 15.307086614173228 Tapié
288.2834645669291 356.31496062992125 87.59055118110236 15.307086614173228 s’exprimait
358.2992125984252 356.31496062992125 34.86614173228347 15.307086614173228 en
375.87401574803147 356.31496062992125 40.818897637795274 15.307086614173228 ces
393.4488188976378 356.31496062992125 52.44094488188976 15.307086614173228 termes:

37.98425196850393 371.33858267716533 58.960629921259844 12.755905511811024 «D’ores
81.07086614173228 371.33858267716533 32.31496062992126 12.755905511811024 et
96.94488188976378 371.33858267716533 48.188976377952756 12.755905511811024 déjà,
129.25984251968504 371.33858267716533 58.960629921259844 12.755905511811024 Somaini
172.06299212598427 371.33858267716533 32.31496062992126 12.755905511811024 se
188.2204724409449 371.33858267716533 48.188976377952756 12.755905511811024 place
220.53543307086613 371.33858267716533 42.803149606299215 12.755905511811024 dans
247.1811023622047 371.33858267716533 37.7007874015748 12.755905511811024 les
268.7244094488189 371.33858267716533 69.73228346456693 12.755905511811024 possibles
322.5826771653543 371.33858267716533 53.574803149606296 12.755905511811024 grands
360.0 371.33858267716533 75.11811023622047 12.755905511811024 sculpteurs
413.5748031496063 371.33858267716533 32.31496062992126 12.755905511811024 d’un

37.7007874015748 385.2283464566929 57.54330708661417 13.88976377952756 demain
77.95275590551181 385.2283464566929 34.58267716535433 13.88976377952756 où
95.24409448818898 385.2283464566929 34.58267716535433 13.88976377952756 la
112.53543307086615 385.2283464566929 74.83464566929133 13.88976377952756 recherche
170.07874015748033 385.2283464566929 46.20472440944882 13.88976377952756 d’un
198.70866141732284 385.2283464566929 51.874015748031496 13.88976377952756 ordre
233.29133858267716 385.2283464566929 51.874015748031496 13.88976377952756 autre
267.87401574803147 385.2283464566929 46.20472440944882 13.88976377952756 aura
296.78740157480314 385.2283464566929 80.50393700787401 13.88976377952756 énormément
360.0 385.2283464566929 28.913385826771652 13.88976377952756 à
371.62204724409446 385.2283464566929 69.16535433070867 13.88976377952756 attendre
417.54330708661416 385.2283464566929 28.913385826771652 13.88976377952756 des

38.267716535433074 399.11811023622045 70.58267716535433 14.456692913385826 sculpteurs
93.8267716535433 399.11811023622045 30.330708661417322 14.456692913385826 et
108.85039370078741 399.11811023622045 35.43307086614173 14.456692913385826 des
129.25984251968504 399.11811023622045 80.78740157480316 14.456692913385826 architectes,
194.74015748031496 399.11811023622045 40.25196850393701 14.456692913385826 face
219.96850393700788 399.11811023622045 25.228346456692915 14.456692913385826 à
230.17322834645668 399.11811023622045 35.43307086614173 14.456692913385826 une
250.29921259842519 399.11811023622045 70.58267716535433 14.456692913385826 saturation
305.8582677165354 399.11811023622045 30.330708661417322 14.456692913385826 de
320.88188976377955 399.11811023622045 40.25196850393701 14.456692913385826 trop
346.1102362204724 399.11811023622045 50.45669291338583 14.456692913385826 totale
381.54330708661416 399.11811023622045 55.55905511811024 14.456692913385826 liberté
416.6929133858268 399.11811023622045 30.330708661417322 14.456692913385826 dans

38.267716535433074 413.5748031496063 61.22834645669291 15.023622047244094 laquelle
84.18897637795276 413.5748031496063 45.92125984251968 15.023622047244094 s’est
114.80314960629921 413.5748031496063 56.125984251968504 15.023622047244094 souvent
155.90551181102362 413.5748031496063 61.22834645669291 15.023622047244094 fatiguée
201.82677165354332 413.5748031496063 30.614173228346456 15.023622047244094 la
217.13385826771653 413.5748031496063 66.33070866141732 15.023622047244094 peinture,
268.15748031496065 413.5748031496063 25.511811023622048 15.023622047244094 à
278.3622047244094 413.5748031496063 51.023622047244096 15.023622047244094 l’aube
314.0787401574803 413.5748031496063 30.614173228346456 15.023622047244094 de
329.38582677165357 413.5748031496063 45.92125984251968 15.023622047244094 l’une
360.2834645669291 413.5748031496063 35.71653543307087 15.023622047244094 des
380.6929133858268 413.5748031496063 40.818897637795274 15.023622047244094 plus
401.1023622047244 413.5748031496063 45.92125984251968 15.023622047244094 grandes

37.7007874015748 428.0314960629921 71.71653543307086 18.4251968503937 aventures
92.69291338582677 428.0314960629921 33.16535433070866 18.4251968503937 du
109.41732283464567 428.0314960629921 66.33070866141732 18.4251968503937 possible
153.35433070866142 428.0314960629921 77.38582677165354 18.4251968503937 artistique.»

47.90551181102362 441.9212598425197 32.31496062992126 15.023622047244094 Un
64.06299212598425 441.9212598425197 43.08661417322835 15.023622047244094 seul
90.99212598425197 441.9212598425197 59.52755905511811 15.023622047244094 graveur
134.36220472440945 441.9212598425197 75.68503937007874 15.023622047244094 également,
193.60629921259843 441.9212598425197 37.7007874015748 15.023622047244094 lui
215.43307086614172 441.9212598425197 48.47244094488189 15.023622047244094 aussi
247.748031496063 441.9212598425197 32.31496062992126 15.023622047244094 de
263.90551181102364 441.9212598425197 64.91338582677166 15.023622047244094 renommée
312.66141732283467 441.9212598425197 102.61417322834646 15.023622047244094 internationale,
393.4488188976378 441.9212598425197 54.14173228346457 15.023622047244094 Giuseppe

38.55118110236221 455.5275590551181 80.78740157480316 18.4251968503937 Guerreschi,
103.18110236220473 455.5275590551181 37.7007874015748 18.4251968503937 que
124.7244094488189 455.5275590551181 32.31496062992126 18.4251968503937 la
140.88188976377953 455.5275590551181 64.62992125984252 18.4251968503937 Première
189.0708661417323 455.5275590551181 64.62992125984252 18.4251968503937 Biennale
237.54330708661416 455.5275590551181 32.31496062992126 18.4251968503937 de
253.70078740157481 455.5275590551181 48.47244094488189 18.4251968503937 Paris
286.01574803149606 455.5275590551181 48.47244094488189 18.4251968503937 avait
318.3307086614173 455.5275590551181 43.08661417322835 18.4251968503937 déjà
345.25984251968504 455.5275590551181 53.85826771653543 18.4251968503937 invité
382.6771653543307 455.5275590551181 32.31496062992126 18.4251968503937 en
398.8346456692913 455.5275590551181 43.08661417322835 18.4251968503937 tant
420.37795275590554 455.5275590551181 26.929133858267715 18.4251968503937 que

38.55118110236221 473.1023622047244 58.39370078740158 16.440944881889763 peintre
81.07086614173228 473.1023622047244 31.748031496062993 16.440944881889763 et
96.94488188976378 473.1023622047244 42.51968503937008 16.440944881889763 dont
123.59055118110236 473.1023622047244 69.16535433070867 16.440944881889763 plusieurs
176.5984251968504 473.1023622047244 53.00787401574803 16.440944881889763 œuvres
214.01574803149606 473.1023622047244 31.748031496062993 16.440944881889763 se
229.88976377952756 473.1023622047244 63.77952755905512 16.440944881889763 trouvent
277.51181102362204 473.1023622047244 42.51968503937008 16.440944881889763 dans
304.15748031496065 473.1023622047244 37.13385826771653 16.440944881889763 les
325.4173228346457 473.1023622047244 53.00787401574803 16.440944881889763 musées
362.5511811023622 473.1023622047244 37.13385826771653 16.440944881889763 les
383.81102362204723 473.1023622047244 42.51968503937008 16.440944881889763 plus
405.07086614173227 473.1023622047244 42.51968503937008 16.440944881889763 impor-

37.7007874015748 488.12598425196853 51.30708661417323 14.740157480314961 tants
71.71653543307086 488.12598425196853 39.68503937007874 14.740157480314961 des
94.67716535433071 488.12598425196853 34.01574803149607 14.740157480314961 U.
111.68503937007874 488.12598425196853 34.01574803149607 14.740157480314961 S.
128.69291338582678 488.12598425196853 34.01574803149607 14.740157480314961 A.
145.70078740157481 488.12598425196853 34.01574803149607 14.740157480314961 Le
162.70866141732284 488.12598425196853 62.645669291338585 14.740157480314961 langage
208.3464566929134 488.12598425196853 73.98425196850394 14.740157480314961 figuratif
265.03937007874015 488.12598425196853 34.01574803149607 14.740157480314961 de
282.0472440944882 488.12598425196853 79.65354330708661 14.740157480314961 Guerreschi
344.6929133858268 488.12598425196853 39.68503937007874 14.740157480314961 qui
367.37007874015745 488.12598425196853 68.31496062992126 14.740157480314961 dénonce,
413.00787401574803 488.12598425196853 34.01574803149607 14.740157480314961 avec

39.118110236220474 500.88188976377955 37.13385826771653 14.456692913385826 une
60.37795275590551 500.88188976377955 95.5275590551181 14.456692913385826 exceptionnelle
140.03149606299212 500.88188976377955 63.77952755905512 14.456692913385826 vigueur,
187.6535433070866 500.88188976377955 31.748031496062993 14.456692913385826 la
203.5275590551181 500.88188976377955 63.77952755905512 14.456692913385826 violence
251.43307086614172 500.88188976377955 31.748031496062993 14.456692913385826 et
267.3070866141732 500.88188976377955 100.91338582677166 14.456692913385826 l’irrationalité
352.06299212598424 500.88188976377955 37.13385826771653 14.456692913385826 qui
367.93700787401576 500.88188976377955 79.65354330708661 14.456692913385826 caractérisent

38.83464566929134 514.2047244094488 59.811023622047244 14.740157480314961 l’homme
82.48818897637796 514.2047244094488 98.07874015748031 14.740157480314961 d’aujourd’hui,
164.1259842519685 514.2047244094488 54.425196850393704 14.740157480314961 trouve
202.11023622047244 514.2047244094488 32.59842519685039 14.740157480314961 sa
218.5511811023622 514.2047244094488 54.425196850393704 14.740157480314961 source
256.53543307086613 514.2047244094488 43.653543307086615 14.740157480314961 dans
284.0314960629921 514.2047244094488 32.59842519685039 14.740157480314961 un
300.18897637795277 514.2047244094488 70.86614173228347 14.740157480314961 impératif
354.61417322834643 514.2047244094488 49.039370078740156 14.740157480314961 moral
387.496062992126 514.2047244094488 32.59842519685039 14.740157480314961 de
398.26771653543307 514.2047244094488 49.039370078740156 14.740157480314961 défense

39.118110236220474 528.3779527559055 31.748031496062993 17.291338582677167 de
54.99212598425197 528.3779527559055 79.65354330708661 17.291338582677167 l’intégrité
118.77165354330708 528.3779527559055 63.77952755905512 17.291338582677167 humaine,
166.39370078740157 528.3779527559055 31.748031496062993 17.291338582677167 et
182.26771653543307 528.3779527559055 31.748031496062993 17.291338582677167 sa
198.4251968503937 528.3779527559055 90.14173228346456 17.291338582677167 justification
272.6929133858268 528.3779527559055 42.51968503937008 17.291338582677167 dans
299.0551181102362 528.3779527559055 31.748031496062993 17.291338582677167 la
314.92913385826773 528.3779527559055 68.88188976377953 17.291338582677167 nécessité
367.93700787401576 528.3779527559055 31.748031496062993 17.291338582677167 où
383.81102362204723 528.3779527559055 42.51968503937008 17.291338582677167 nous
405.07086614173227 528.3779527559055 42.51968503937008 17.291338582677167 sommes

39.40157480314961 542.8346456692914 29.480314960629922 15.023622047244094 de
54.14173228346457 542.8346456692914 44.22047244094488 15.023622047244094 juger
83.62204724409449 542.8346456692914 29.480314960629922 15.023622047244094 la
98.36220472440945 542.8346456692914 58.960629921259844 15.023622047244094 réalité;
142.58267716535434 542.8346456692914 29.480314960629922 15.023622047244094 il
157.3228346456693 542.8346456692914 54.14173228346457 15.023622047244094 apporte
196.7244094488189 542.8346456692914 34.2992125984252 15.023622047244094 une
216.28346456692913 542.8346456692914 24.661417322834644 15.023622047244094 «
226.20472440944883 542.8346456692914 58.960629921259844 15.023622047244094 solution
270.4251968503937 542.8346456692914 24.661417322834644 15.023622047244094 »
280.06299212598424 542.8346456692914 24.661417322834644 15.023622047244094 à
289.98425196850394 542.8346456692914 29.480314960629922 15.023622047244094 la
304.7244094488189 542.8346456692914 39.40157480314961 15.023622047244094 fois
329.38582677165357 542.8346456692914 58.960629921259844 15.023622047244094 formelle
373.6062992125984 542.8346456692914 29.480314960629922 15.023622047244094 et
383.5275590551181 542.8346456692914 63.77952755905512 15.023622047244094 historique.

48.188976377952756 557.007874015748 46.20472440944882 19.275590551181104 Cinq
77.10236220472441 557.007874015748 69.44881889763779 19.275590551181104 peintres
129.25984251968504 557.007874015748 46.20472440944882 19.275590551181104 sont
158.17322834645668 557.007874015748 34.86614173228347 19.275590551181104 en
175.46456692913387 557.007874015748 52.15748031496063 19.275590551181104 outre
210.33070866141733 557.007874015748 75.4015748031496 19.275590551181104 présents,
268.15748031496065 557.007874015748 57.826771653543304 19.275590551181104 Sergio
308.6929133858268 557.007874015748 69.44881889763779 19.275590551181104 Dangelo,
360.8503937007874 557.007874015748 52.15748031496063 19.275590551181104 Piero
389.76377952755905 557.007874015748 57.826771653543304 19.275590551181104 Dorazio,

397.7007874015748 602.0787401574803 28.913385826771652 16.15748031496063 67
