<alto xmlns:xsi="http://www.w3.org/2001/XMLSchema-instance" xmlns="http://www.loc.gov/standards/alto/ns-v2#" xmlns:page="http://schema.primaresearch.org/PAGE/gts/pagecontent/2013-07-15" xsi:schemaLocation="http://www.loc.gov/standards/alto/ns-v2# http://www.loc.gov/standards/alto/alto.xsd">
  <Description>
    <MeasurementUnit>pixel</MeasurementUnit>
    <sourceImageInformation>
         <fileName>Cat_Paris_1961-0066.xml</fileName>
      </sourceImageInformation>
    <OCRProcessing ID="IdOcr">
      <ocrProcessingStep>
        <processingDateTime>2020-07-01T20:52:42.134+02:00</processingDateTime>
        <processingSoftware>
               <softwareCreator>CONTRIBUTORS</softwareCreator>
               <softwareName>pdfalto</softwareName>
               <softwareVersion>0.1</softwareVersion>
            </processingSoftware>
      </ocrProcessingStep>
    </OCRProcessing>
  </Description>
  <Styles>
     <TextStyle ID="FONT0" FONTFAMILY="unknown" FONTSIZE="unknown" FONTTYPE="unknown" FONTWIDTH="unknown" FONTCOLOR="unknown" FONTSTYLE=""/>
     <TextStyle ID="FONT1" FONTFAMILY="unknown" FONTSIZE="unknown" FONTTYPE="unknown" FONTWIDTH="unknown" FONTCOLOR="unknown" FONTSTYLE="bold"/>
     <TextStyle ID="FONT2" FONTFAMILY="unknown" FONTSIZE="unknown" FONTTYPE="unknown" FONTWIDTH="unknown" FONTCOLOR="unknown" FONTSTYLE="italics"/>
</Styles>
  <Tags/>
  <Layout>
    <Page ID="Page1" PHYSICAL_IMG_NR="1" HEIGHT="625.6062992125984" WIDTH="495.21259842519686">
      <PrintSpace HEIGHT="625.6062992125984" WIDTH="495.21259842519686" VPOS="0.0" HPOS="0.0">
        <TextBlock ID="region_1593609217379_1631" HEIGHT="14.456692913385826" WIDTH="80.78740157480316" VPOS="7.937007874015748" HPOS="402.5196850393701">
          <TextLine ID="line_1593609217511_1634" BASELINE="79" HEIGHT="14.456692913385826" WIDTH="80.78740157480316" VPOS="7.937007874015748" HPOS="402.5196850393701">
            <String HEIGHT="14.456692913385826" WIDTH="92.40944881889764" VPOS="7.937007874015748" HPOS="390.8976377952756" CONTENT="HONGRIE" ID="line_1593609217511_1634_1" STYLEREFS="FONT1"/>
          </TextLine>
        </TextBlock>
        <TextBlock ID="r_1_1" HEIGHT="28.62992125984252" WIDTH="193.88976377952756" VPOS="133.22834645669292" HPOS="99.21259842519684">
          <TextLine ID="tl_1" BASELINE="505" HEIGHT="22.393700787401574" WIDTH="198.14173228346456" VPOS="120.75590551181102" HPOS="96.94488188976378">
            <String HEIGHT="22.393700787401574" WIDTH="80.22047244094489" VPOS="120.75590551181102" HPOS="91.55905511811024" CONTENT="Commissaire" ID="tl_1_1" STYLEREFS="FONT0"/>
            <SP HEIGHT="22.393700787401574" WIDTH="5.3858267716535435" VPOS="120.75590551181102" HPOS="171.7795275590551"/>
            <String HEIGHT="22.393700787401574" WIDTH="64.34645669291339" VPOS="120.75590551181102" HPOS="155.90551181102362" CONTENT="Général:" ID="tl_1_2" STYLEREFS="FONT0"/>
            <SP HEIGHT="22.393700787401574" WIDTH="5.3858267716535435" VPOS="120.75590551181102" HPOS="220.251968503937"/>
            <String HEIGHT="22.393700787401574" WIDTH="53.574803149606296" VPOS="120.75590551181102" HPOS="204.09448818897638" CONTENT="Sandor" ID="tl_1_3" STYLEREFS="FONT0"/>
            <SP HEIGHT="22.393700787401574" WIDTH="5.3858267716535435" VPOS="120.75590551181102" HPOS="257.6692913385827"/>
            <String HEIGHT="22.393700787401574" WIDTH="58.960629921259844" VPOS="120.75590551181102" HPOS="236.1259842519685" CONTENT="Hemberger" ID="tl_1_4" STYLEREFS="FONT0"/>
          </TextLine>
          <TextLine ID="tl_2" BASELINE="536" HEIGHT="11.05511811023622" WIDTH="185.66929133858267" VPOS="140.88188976377953" HPOS="96.94488188976378">
            <String HEIGHT="11.05511811023622" WIDTH="63.496062992125985" VPOS="140.88188976377953" HPOS="92.1259842519685" CONTENT="Directeur" ID="tl_2_1" STYLEREFS="FONT0"/>
            <SP HEIGHT="11.05511811023622" WIDTH="4.818897637795276" VPOS="140.88188976377953" HPOS="155.6220472440945"/>
            <String HEIGHT="11.05511811023622" WIDTH="34.2992125984252" VPOS="140.88188976377953" HPOS="140.88188976377953" CONTENT="des" ID="tl_2_2" STYLEREFS="FONT0"/>
            <SP HEIGHT="11.05511811023622" WIDTH="4.818897637795276" VPOS="140.88188976377953" HPOS="175.1811023622047"/>
            <String HEIGHT="11.05511811023622" WIDTH="73.41732283464567" VPOS="140.88188976377953" HPOS="160.44094488188978" CONTENT="Expositions" ID="tl_2_3" STYLEREFS="FONT0"/>
            <SP HEIGHT="11.05511811023622" WIDTH="4.818897637795276" VPOS="140.88188976377953" HPOS="233.85826771653544"/>
            <String HEIGHT="11.05511811023622" WIDTH="24.37795275590551" VPOS="140.88188976377953" HPOS="219.11811023622047" CONTENT="à" ID="tl_2_4" STYLEREFS="FONT0"/>
            <SP HEIGHT="11.05511811023622" WIDTH="4.818897637795276" VPOS="140.88188976377953" HPOS="243.49606299212599"/>
            <String HEIGHT="11.05511811023622" WIDTH="58.67716535433071" VPOS="140.88188976377953" HPOS="223.93700787401573" CONTENT="l’Institut" ID="tl_2_5" STYLEREFS="FONT0"/>
          </TextLine>
          <TextLine ID="tl_3" BASELINE="593" HEIGHT="15.874015748031496" WIDTH="190.48818897637796" VPOS="152.2204724409449" HPOS="97.22834645669292">
            <String HEIGHT="15.874015748031496" WIDTH="35.1496062992126" VPOS="152.2204724409449" HPOS="92.1259842519685" CONTENT="des" ID="tl_3_1" STYLEREFS="FONT0"/>
            <SP HEIGHT="15.874015748031496" WIDTH="5.102362204724409" VPOS="152.2204724409449" HPOS="127.2755905511811"/>
            <String HEIGHT="15.874015748031496" WIDTH="65.19685039370079" VPOS="152.2204724409449" HPOS="112.25196850393701" CONTENT="Relations" ID="tl_3_2" STYLEREFS="FONT0"/>
            <SP HEIGHT="15.874015748031496" WIDTH="5.102362204724409" VPOS="152.2204724409449" HPOS="177.4488188976378"/>
            <String HEIGHT="15.874015748031496" WIDTH="75.11811023622047" VPOS="152.2204724409449" HPOS="162.4251968503937" CONTENT="Culturelles" ID="tl_3_3" STYLEREFS="FONT0"/>
            <SP HEIGHT="15.874015748031496" WIDTH="5.102362204724409" VPOS="152.2204724409449" HPOS="237.54330708661416"/>
            <String HEIGHT="15.874015748031496" WIDTH="30.04724409448819" VPOS="152.2204724409449" HPOS="222.51968503937007" CONTENT="de" ID="tl_3_4" STYLEREFS="FONT0"/>
            <SP HEIGHT="15.874015748031496" WIDTH="5.102362204724409" VPOS="152.2204724409449" HPOS="252.56692913385828"/>
            <String HEIGHT="15.874015748031496" WIDTH="55.275590551181104" VPOS="152.2204724409449" HPOS="232.44094488188978" CONTENT="Budapest." ID="tl_3_5" STYLEREFS="FONT0"/>
          </TextLine>
        </TextBlock>
        <TextBlock ID="r_2_1" HEIGHT="54.70866141732284" WIDTH="399.68503937007875" VPOS="229.60629921259843" HPOS="43.37007874015748">
          <TextLine ID="tl_4" BASELINE="855" HEIGHT="19.84251968503937" WIDTH="392.88188976377955" VPOS="222.51968503937007" HPOS="51.30708661417323">
            <String HEIGHT="19.84251968503937" WIDTH="45.92125984251968" VPOS="222.51968503937007" HPOS="46.20472440944882" CONTENT="C’est" ID="tl_4_1" STYLEREFS="FONT0"/>
            <SP HEIGHT="19.84251968503937" WIDTH="5.102362204724409" VPOS="222.51968503937007" HPOS="92.1259842519685"/>
            <String HEIGHT="19.84251968503937" WIDTH="30.614173228346456" VPOS="222.51968503937007" HPOS="76.81889763779527" CONTENT="la" ID="tl_4_2" STYLEREFS="FONT0"/>
            <SP HEIGHT="19.84251968503937" WIDTH="5.102362204724409" VPOS="222.51968503937007" HPOS="107.43307086614173"/>
            <String HEIGHT="19.84251968503937" WIDTH="61.22834645669291" VPOS="222.51968503937007" HPOS="92.1259842519685" CONTENT="deuxième" ID="tl_4_3" STYLEREFS="FONT0"/>
            <SP HEIGHT="19.84251968503937" WIDTH="5.102362204724409" VPOS="222.51968503937007" HPOS="153.35433070866142"/>
            <String HEIGHT="19.84251968503937" WIDTH="40.818897637795274" VPOS="222.51968503937007" HPOS="138.04724409448818" CONTENT="fois" ID="tl_4_4" STYLEREFS="FONT0"/>
            <SP HEIGHT="19.84251968503937" WIDTH="5.102362204724409" VPOS="222.51968503937007" HPOS="178.86614173228347"/>
            <String HEIGHT="19.84251968503937" WIDTH="35.71653543307087" VPOS="222.51968503937007" HPOS="163.55905511811022" CONTENT="que" ID="tl_4_5" STYLEREFS="FONT0"/>
            <SP HEIGHT="19.84251968503937" WIDTH="5.102362204724409" VPOS="222.51968503937007" HPOS="199.2755905511811"/>
            <String HEIGHT="19.84251968503937" WIDTH="30.614173228346456" VPOS="222.51968503937007" HPOS="183.96850393700788" CONTENT="la" ID="tl_4_6" STYLEREFS="FONT0"/>
            <SP HEIGHT="19.84251968503937" WIDTH="5.102362204724409" VPOS="222.51968503937007" HPOS="214.58267716535434"/>
            <String HEIGHT="19.84251968503937" WIDTH="56.125984251968504" VPOS="222.51968503937007" HPOS="199.2755905511811" CONTENT="Hongrie" ID="tl_4_7" STYLEREFS="FONT0"/>
            <SP HEIGHT="19.84251968503937" WIDTH="5.102362204724409" VPOS="222.51968503937007" HPOS="255.4015748031496"/>
            <String HEIGHT="19.84251968503937" WIDTH="35.71653543307087" VPOS="222.51968503937007" HPOS="240.09448818897638" CONTENT="est" ID="tl_4_8" STYLEREFS="FONT0"/>
            <SP HEIGHT="19.84251968503937" WIDTH="5.102362204724409" VPOS="222.51968503937007" HPOS="275.81102362204723"/>
            <String HEIGHT="19.84251968503937" WIDTH="76.53543307086615" VPOS="222.51968503937007" HPOS="260.503937007874" CONTENT="représentée" ID="tl_4_9" STYLEREFS="FONT0"/>
            <SP HEIGHT="19.84251968503937" WIDTH="5.102362204724409" VPOS="222.51968503937007" HPOS="337.03937007874015"/>
            <String HEIGHT="19.84251968503937" WIDTH="25.511811023622048" VPOS="222.51968503937007" HPOS="321.73228346456693" CONTENT="à" ID="tl_4_10" STYLEREFS="FONT0"/>
            <SP HEIGHT="19.84251968503937" WIDTH="5.102362204724409" VPOS="222.51968503937007" HPOS="347.244094488189"/>
            <String HEIGHT="19.84251968503937" WIDTH="30.614173228346456" VPOS="222.51968503937007" HPOS="331.93700787401576" CONTENT="la" ID="tl_4_11" STYLEREFS="FONT0"/>
            <SP HEIGHT="19.84251968503937" WIDTH="5.102362204724409" VPOS="222.51968503937007" HPOS="362.5511811023622"/>
            <String HEIGHT="19.84251968503937" WIDTH="61.22834645669291" VPOS="222.51968503937007" HPOS="347.244094488189" CONTENT="Biennale" ID="tl_4_12" STYLEREFS="FONT0"/>
            <SP HEIGHT="19.84251968503937" WIDTH="5.102362204724409" VPOS="222.51968503937007" HPOS="408.4724409448819"/>
            <String HEIGHT="19.84251968503937" WIDTH="30.614173228346456" VPOS="222.51968503937007" HPOS="393.1653543307087" CONTENT="de" ID="tl_4_13" STYLEREFS="FONT0"/>
            <SP HEIGHT="19.84251968503937" WIDTH="5.102362204724409" VPOS="222.51968503937007" HPOS="423.7795275590551"/>
            <String HEIGHT="19.84251968503937" WIDTH="40.818897637795274" VPOS="222.51968503937007" HPOS="403.37007874015745" CONTENT="Paris." ID="tl_4_14" STYLEREFS="FONT0"/>
          </TextLine>
          <TextLine ID="tl_5" BASELINE="914" HEIGHT="17.5748031496063" WIDTH="403.65354330708664" VPOS="241.51181102362204" HPOS="41.10236220472441">
            <String HEIGHT="17.5748031496063" WIDTH="45.354330708661415" VPOS="241.51181102362204" HPOS="35.43307086614173" CONTENT="Bien" ID="tl_5_1" STYLEREFS="FONT0"/>
            <SP HEIGHT="17.5748031496063" WIDTH="5.669291338582677" VPOS="241.51181102362204" HPOS="80.78740157480316"/>
            <String HEIGHT="17.5748031496063" WIDTH="68.31496062992126" VPOS="241.51181102362204" HPOS="63.77952755905512" CONTENT="entendu," ID="tl_5_2" STYLEREFS="FONT0"/>
            <SP HEIGHT="17.5748031496063" WIDTH="5.669291338582677" VPOS="241.51181102362204" HPOS="132.09448818897638"/>
            <String HEIGHT="17.5748031496063" WIDTH="39.68503937007874" VPOS="241.51181102362204" HPOS="115.08661417322834" CONTENT="ces" ID="tl_5_3" STYLEREFS="FONT0"/>
            <SP HEIGHT="17.5748031496063" WIDTH="5.669291338582677" VPOS="241.51181102362204" HPOS="154.77165354330708"/>
            <String HEIGHT="17.5748031496063" WIDTH="68.31496062992126" VPOS="241.51181102362204" HPOS="137.76377952755905" CONTENT="quelques" ID="tl_5_4" STYLEREFS="FONT0"/>
            <SP HEIGHT="17.5748031496063" WIDTH="5.669291338582677" VPOS="241.51181102362204" HPOS="206.07874015748033"/>
            <String HEIGHT="17.5748031496063" WIDTH="73.98425196850394" VPOS="241.51181102362204" HPOS="188.78740157480314" CONTENT="tableaux," ID="tl_5_5" STYLEREFS="FONT0"/>
            <SP HEIGHT="17.5748031496063" WIDTH="5.669291338582677" VPOS="241.51181102362204" HPOS="262.7716535433071"/>
            <String HEIGHT="17.5748031496063" WIDTH="79.65354330708661" VPOS="241.51181102362204" HPOS="245.76377952755905" CONTENT="sculptures" ID="tl_5_6" STYLEREFS="FONT0"/>
            <SP HEIGHT="17.5748031496063" WIDTH="5.669291338582677" VPOS="241.51181102362204" HPOS="325.4173228346457"/>
            <String HEIGHT="17.5748031496063" WIDTH="34.01574803149607" VPOS="241.51181102362204" HPOS="308.40944881889766" CONTENT="et" ID="tl_5_7" STYLEREFS="FONT0"/>
            <SP HEIGHT="17.5748031496063" WIDTH="5.669291338582677" VPOS="241.51181102362204" HPOS="342.4251968503937"/>
            <String HEIGHT="17.5748031496063" WIDTH="56.976377952755904" VPOS="241.51181102362204" HPOS="325.4173228346457" CONTENT="œuvres" ID="tl_5_8" STYLEREFS="FONT0"/>
            <SP HEIGHT="17.5748031496063" WIDTH="5.669291338582677" VPOS="241.51181102362204" HPOS="382.1102362204724"/>
            <String HEIGHT="17.5748031496063" WIDTH="79.65354330708661" VPOS="241.51181102362204" HPOS="365.1023622047244" CONTENT="graphiques" ID="tl_5_9" STYLEREFS="FONT0"/>
            <SP HEIGHT="17.5748031496063" WIDTH="5.669291338582677" VPOS="241.51181102362204" HPOS="444.755905511811"/>
            <String HEIGHT="17.5748031496063" WIDTH="22.677165354330707" VPOS="241.51181102362204" HPOS="422.0787401574803" CONTENT="ne" ID="tl_5_10" STYLEREFS="FONT0"/>
          </TextLine>
          <TextLine ID="tl_6" BASELINE="962" HEIGHT="19.275590551181104" WIDTH="403.93700787401576" VPOS="253.41732283464566" HPOS="41.38582677165354">
            <String HEIGHT="19.275590551181104" WIDTH="56.976377952755904" VPOS="253.41732283464566" HPOS="36.28346456692913" CONTENT="donnent" ID="tl_6_1" STYLEREFS="FONT0"/>
            <SP HEIGHT="19.275590551181104" WIDTH="5.102362204724409" VPOS="253.41732283464566" HPOS="93.25984251968504"/>
            <String HEIGHT="19.275590551181104" WIDTH="51.874015748031496" VPOS="253.41732283464566" HPOS="77.66929133858268" CONTENT="qu’une" ID="tl_6_2" STYLEREFS="FONT0"/>
            <SP HEIGHT="19.275590551181104" WIDTH="5.102362204724409" VPOS="253.41732283464566" HPOS="129.54330708661416"/>
            <String HEIGHT="19.275590551181104" WIDTH="41.38582677165354" VPOS="253.41732283464566" HPOS="113.95275590551181" CONTENT="idée" ID="tl_6_3" STYLEREFS="FONT0"/>
            <SP HEIGHT="19.275590551181104" WIDTH="5.102362204724409" VPOS="253.41732283464566" HPOS="155.33858267716536"/>
            <String HEIGHT="19.275590551181104" WIDTH="41.38582677165354" VPOS="253.41732283464566" HPOS="139.748031496063" CONTENT="très" ID="tl_6_4" STYLEREFS="FONT0"/>
            <SP HEIGHT="19.275590551181104" WIDTH="5.102362204724409" VPOS="253.41732283464566" HPOS="181.13385826771653"/>
            <String HEIGHT="19.275590551181104" WIDTH="62.07874015748032" VPOS="253.41732283464566" HPOS="165.54330708661416" CONTENT="sommaire" ID="tl_6_5" STYLEREFS="FONT0"/>
            <SP HEIGHT="19.275590551181104" WIDTH="5.102362204724409" VPOS="253.41732283464566" HPOS="227.90551181102362"/>
            <String HEIGHT="19.275590551181104" WIDTH="31.181102362204726" VPOS="253.41732283464566" HPOS="212.31496062992127" CONTENT="de" ID="tl_6_6" STYLEREFS="FONT0"/>
            <SP HEIGHT="19.275590551181104" WIDTH="5.102362204724409" VPOS="253.41732283464566" HPOS="243.49606299212599"/>
            <String HEIGHT="19.275590551181104" WIDTH="77.66929133858268" VPOS="253.41732283464566" HPOS="227.90551181102362" CONTENT="l’activité," ID="tl_6_7" STYLEREFS="FONT0"/>
            <SP HEIGHT="19.275590551181104" WIDTH="5.102362204724409" VPOS="253.41732283464566" HPOS="305.5748031496063"/>
            <String HEIGHT="19.275590551181104" WIDTH="36.28346456692913" VPOS="253.41732283464566" HPOS="289.98425196850394" CONTENT="des" ID="tl_6_8" STYLEREFS="FONT0"/>
            <SP HEIGHT="19.275590551181104" WIDTH="5.102362204724409" VPOS="253.41732283464566" HPOS="326.26771653543307"/>
            <String HEIGHT="19.275590551181104" WIDTH="77.66929133858268" VPOS="253.41732283464566" HPOS="310.6771653543307" CONTENT="aspirations" ID="tl_6_9" STYLEREFS="FONT0"/>
            <SP HEIGHT="19.275590551181104" WIDTH="5.102362204724409" VPOS="253.41732283464566" HPOS="388.34645669291336"/>
            <String HEIGHT="19.275590551181104" WIDTH="72.56692913385827" VPOS="253.41732283464566" HPOS="372.755905511811" CONTENT="créatrices" ID="tl_6_10" STYLEREFS="FONT0"/>
            <SP HEIGHT="19.275590551181104" WIDTH="5.102362204724409" VPOS="253.41732283464566" HPOS="445.3228346456693"/>
            <String HEIGHT="19.275590551181104" WIDTH="20.69291338582677" VPOS="253.41732283464566" HPOS="424.62992125984255" CONTENT="et" ID="tl_6_11" STYLEREFS="FONT0"/>
          </TextLine>
          <TextLine ID="tl_7" BASELINE="1004" HEIGHT="16.440944881889763" WIDTH="226.20472440944883" VPOS="268.15748031496065" HPOS="41.38582677165354">
            <String HEIGHT="16.440944881889763" WIDTH="71.43307086614173" VPOS="268.15748031496065" HPOS="35.43307086614173" CONTENT="humaines" ID="tl_7_1" STYLEREFS="FONT0"/>
            <SP HEIGHT="16.440944881889763" WIDTH="5.952755905511811" VPOS="268.15748031496065" HPOS="106.86614173228347"/>
            <String HEIGHT="16.440944881889763" WIDTH="41.669291338582674" VPOS="268.15748031496065" HPOS="89.00787401574803" CONTENT="des" ID="tl_7_2" STYLEREFS="FONT0"/>
            <SP HEIGHT="16.440944881889763" WIDTH="5.952755905511811" VPOS="268.15748031496065" HPOS="130.6771653543307"/>
            <String HEIGHT="16.440944881889763" WIDTH="59.52755905511811" VPOS="268.15748031496065" HPOS="112.81889763779527" CONTENT="jeunes" ID="tl_7_3" STYLEREFS="FONT0"/>
            <SP HEIGHT="16.440944881889763" WIDTH="5.952755905511811" VPOS="268.15748031496065" HPOS="172.3464566929134"/>
            <String HEIGHT="16.440944881889763" WIDTH="71.43307086614173" VPOS="268.15748031496065" HPOS="154.48818897637796" CONTENT="artistes" ID="tl_7_4" STYLEREFS="FONT0"/>
            <SP HEIGHT="16.440944881889763" WIDTH="5.952755905511811" VPOS="268.15748031496065" HPOS="225.92125984251967"/>
            <String HEIGHT="16.440944881889763" WIDTH="65.48031496062993" VPOS="268.15748031496065" HPOS="202.11023622047244" CONTENT="hongrois." ID="tl_7_5" STYLEREFS="FONT0"/>
          </TextLine>
        </TextBlock>
        <TextBlock ID="r_2_2" HEIGHT="40.25196850393701" WIDTH="399.9685039370079" VPOS="287.1496062992126" HPOS="43.37007874015748">
          <TextLine ID="tl_8" BASELINE="1055" HEIGHT="19.84251968503937" WIDTH="393.73228346456693" VPOS="279.21259842519686" HPOS="52.15748031496063">
            <String HEIGHT="19.84251968503937" WIDTH="35.71653543307087" VPOS="279.21259842519686" HPOS="47.05511811023622" CONTENT="Une" ID="tl_8_1" STYLEREFS="FONT0"/>
            <SP HEIGHT="19.84251968503937" WIDTH="5.102362204724409" VPOS="279.21259842519686" HPOS="82.77165354330708"/>
            <String HEIGHT="19.84251968503937" WIDTH="97.22834645669292" VPOS="279.21259842519686" HPOS="67.46456692913385" CONTENT="caractéristique" ID="tl_8_2" STYLEREFS="FONT0"/>
            <SP HEIGHT="19.84251968503937" WIDTH="5.102362204724409" VPOS="279.21259842519686" HPOS="164.69291338582678"/>
            <String HEIGHT="19.84251968503937" WIDTH="92.1259842519685" VPOS="279.21259842519686" HPOS="149.38582677165354" CONTENT="traditionnelle" ID="tl_8_3" STYLEREFS="FONT0"/>
            <SP HEIGHT="19.84251968503937" WIDTH="5.102362204724409" VPOS="279.21259842519686" HPOS="241.22834645669292"/>
            <String HEIGHT="19.84251968503937" WIDTH="30.614173228346456" VPOS="279.21259842519686" HPOS="225.92125984251967" CONTENT="de" ID="tl_8_4" STYLEREFS="FONT0"/>
            <SP HEIGHT="19.84251968503937" WIDTH="5.102362204724409" VPOS="279.21259842519686" HPOS="256.81889763779526"/>
            <String HEIGHT="19.84251968503937" WIDTH="30.614173228346456" VPOS="279.21259842519686" HPOS="241.22834645669292" CONTENT="la" ID="tl_8_5" STYLEREFS="FONT0"/>
            <SP HEIGHT="19.84251968503937" WIDTH="5.102362204724409" VPOS="279.21259842519686" HPOS="272.12598425196853"/>
            <String HEIGHT="19.84251968503937" WIDTH="61.22834645669291" VPOS="279.21259842519686" HPOS="256.81889763779526" CONTENT="totalité" ID="tl_8_6" STYLEREFS="FONT0"/>
            <SP HEIGHT="19.84251968503937" WIDTH="5.102362204724409" VPOS="279.21259842519686" HPOS="318.0472440944882"/>
            <String HEIGHT="19.84251968503937" WIDTH="35.71653543307087" VPOS="279.21259842519686" HPOS="302.74015748031496" CONTENT="des" ID="tl_8_7" STYLEREFS="FONT0"/>
            <SP HEIGHT="19.84251968503937" WIDTH="5.102362204724409" VPOS="279.21259842519686" HPOS="338.45669291338584"/>
            <String HEIGHT="19.84251968503937" WIDTH="71.71653543307086" VPOS="279.21259842519686" HPOS="323.1496062992126" CONTENT="beaux-arts" ID="tl_8_8" STYLEREFS="FONT0"/>
            <SP HEIGHT="19.84251968503937" WIDTH="5.102362204724409" VPOS="279.21259842519686" HPOS="394.86614173228344"/>
            <String HEIGHT="19.84251968503937" WIDTH="61.22834645669291" VPOS="279.21259842519686" HPOS="379.2755905511811" CONTENT="hongrois" ID="tl_8_9" STYLEREFS="FONT0"/>
            <SP HEIGHT="19.84251968503937" WIDTH="5.102362204724409" VPOS="279.21259842519686" HPOS="440.78740157480314"/>
            <String HEIGHT="19.84251968503937" WIDTH="25.511811023622048" VPOS="279.21259842519686" HPOS="420.37795275590554" CONTENT="est" ID="tl_8_10" STYLEREFS="FONT0"/>
          </TextLine>
          <TextLine ID="tl_9" BASELINE="1105" HEIGHT="17.5748031496063" WIDTH="403.93700787401576" VPOS="295.65354330708664" HPOS="41.10236220472441">
            <String HEIGHT="17.5748031496063" WIDTH="32.31496062992126" VPOS="295.65354330708664" HPOS="35.71653543307087" CONTENT="la" ID="tl_9_1" STYLEREFS="FONT0"/>
            <SP HEIGHT="17.5748031496063" WIDTH="5.3858267716535435" VPOS="295.65354330708664" HPOS="68.03149606299213"/>
            <String HEIGHT="17.5748031496063" WIDTH="64.62992125984252" VPOS="295.65354330708664" HPOS="51.874015748031496" CONTENT="tendance" ID="tl_9_2" STYLEREFS="FONT0"/>
            <SP HEIGHT="17.5748031496063" WIDTH="5.3858267716535435" VPOS="295.65354330708664" HPOS="116.50393700787401"/>
            <String HEIGHT="17.5748031496063" WIDTH="32.31496062992126" VPOS="295.65354330708664" HPOS="100.34645669291339" CONTENT="au" ID="tl_9_3" STYLEREFS="FONT0"/>
            <SP HEIGHT="17.5748031496063" WIDTH="5.3858267716535435" VPOS="295.65354330708664" HPOS="132.66141732283464"/>
            <String HEIGHT="17.5748031496063" WIDTH="70.01574803149606" VPOS="295.65354330708664" HPOS="116.50393700787401" CONTENT="réalisme." ID="tl_9_4" STYLEREFS="FONT0"/>
            <SP HEIGHT="17.5748031496063" WIDTH="5.3858267716535435" VPOS="295.65354330708664" HPOS="186.51968503937007"/>
            <String HEIGHT="17.5748031496063" WIDTH="48.47244094488189" VPOS="295.65354330708664" HPOS="170.36220472440945" CONTENT="C’est" ID="tl_9_5" STYLEREFS="FONT0"/>
            <SP HEIGHT="17.5748031496063" WIDTH="5.3858267716535435" VPOS="295.65354330708664" HPOS="218.83464566929135"/>
            <String HEIGHT="17.5748031496063" WIDTH="32.31496062992126" VPOS="295.65354330708664" HPOS="202.6771653543307" CONTENT="de" ID="tl_9_6" STYLEREFS="FONT0"/>
            <SP HEIGHT="17.5748031496063" WIDTH="5.3858267716535435" VPOS="295.65354330708664" HPOS="234.99212598425197"/>
            <String HEIGHT="17.5748031496063" WIDTH="48.47244094488189" VPOS="295.65354330708664" HPOS="218.83464566929135" CONTENT="cette" ID="tl_9_7" STYLEREFS="FONT0"/>
            <SP HEIGHT="17.5748031496063" WIDTH="5.3858267716535435" VPOS="295.65354330708664" HPOS="267.3070866141732"/>
            <String HEIGHT="17.5748031496063" WIDTH="64.62992125984252" VPOS="295.65354330708664" HPOS="251.1496062992126" CONTENT="tendance" ID="tl_9_8" STYLEREFS="FONT0"/>
            <SP HEIGHT="17.5748031496063" WIDTH="5.3858267716535435" VPOS="295.65354330708664" HPOS="315.7795275590551"/>
            <String HEIGHT="17.5748031496063" WIDTH="43.08661417322835" VPOS="295.65354330708664" HPOS="299.62204724409446" CONTENT="dont" ID="tl_9_9" STYLEREFS="FONT0"/>
            <SP HEIGHT="17.5748031496063" WIDTH="5.3858267716535435" VPOS="295.65354330708664" HPOS="342.70866141732284"/>
            <String HEIGHT="17.5748031496063" WIDTH="75.4015748031496" VPOS="295.65354330708664" HPOS="326.5511811023622" CONTENT="témoignent" ID="tl_9_10" STYLEREFS="FONT0"/>
            <SP HEIGHT="17.5748031496063" WIDTH="5.3858267716535435" VPOS="295.65354330708664" HPOS="401.9527559055118"/>
            <String HEIGHT="17.5748031496063" WIDTH="37.7007874015748" VPOS="295.65354330708664" HPOS="385.79527559055117" CONTENT="les" ID="tl_9_11" STYLEREFS="FONT0"/>
            <SP HEIGHT="17.5748031496063" WIDTH="5.3858267716535435" VPOS="295.65354330708664" HPOS="423.496062992126"/>
            <String HEIGHT="17.5748031496063" WIDTH="43.08661417322835" VPOS="295.65354330708664" HPOS="401.9527559055118" CONTENT="œuvres" ID="tl_9_12" STYLEREFS="FONT0"/>
          </TextLine>
          <TextLine ID="tl_10" BASELINE="1155" HEIGHT="15.307086614173228" WIDTH="142.29921259842519" VPOS="312.09448818897636" HPOS="41.669291338582674">
            <String HEIGHT="15.307086614173228" WIDTH="74.26771653543307" VPOS="312.09448818897636" HPOS="35.43307086614173" CONTENT="exposées" ID="tl_10_1" STYLEREFS="FONT0"/>
            <SP HEIGHT="15.307086614173228" WIDTH="6.2362204724409445" VPOS="312.09448818897636" HPOS="109.7007874015748"/>
            <String HEIGHT="15.307086614173228" WIDTH="30.89763779527559" VPOS="312.09448818897636" HPOS="91.2755905511811" CONTENT="à" ID="tl_10_2" STYLEREFS="FONT0"/>
            <SP HEIGHT="15.307086614173228" WIDTH="6.2362204724409445" VPOS="312.09448818897636" HPOS="122.1732283464567"/>
            <String HEIGHT="15.307086614173228" WIDTH="37.13385826771653" VPOS="312.09448818897636" HPOS="103.46456692913385" CONTENT="la" ID="tl_10_3" STYLEREFS="FONT0"/>
            <SP HEIGHT="15.307086614173228" WIDTH="6.2362204724409445" VPOS="312.09448818897636" HPOS="140.5984251968504"/>
            <String HEIGHT="15.307086614173228" WIDTH="68.03149606299213" VPOS="312.09448818897636" HPOS="115.93700787401575" CONTENT="Biennale." ID="tl_10_4" STYLEREFS="FONT0"/>
          </TextLine>
        </TextBlock>
        <TextBlock ID="r_2_3" HEIGHT="96.37795275590551" WIDTH="400.81889763779526" VPOS="329.9527559055118" HPOS="43.37007874015748">
          <TextLine ID="tl_11" BASELINE="1211" HEIGHT="16.440944881889763" WIDTH="393.1653543307087" VPOS="326.8346456692913" HPOS="52.724409448818896">
            <String HEIGHT="16.440944881889763" WIDTH="38.267716535433074" VPOS="326.8346456692913" HPOS="47.338582677165356" CONTENT="Les" ID="tl_11_1" STYLEREFS="FONT0"/>
            <SP HEIGHT="16.440944881889763" WIDTH="5.3858267716535435" VPOS="326.8346456692913" HPOS="85.60629921259843"/>
            <String HEIGHT="16.440944881889763" WIDTH="81.92125984251969" VPOS="326.8346456692913" HPOS="69.16535433070867" CONTENT="différentes" ID="tl_11_2" STYLEREFS="FONT0"/>
            <SP HEIGHT="16.440944881889763" WIDTH="5.3858267716535435" VPOS="326.8346456692913" HPOS="151.08661417322836"/>
            <String HEIGHT="16.440944881889763" WIDTH="76.53543307086615" VPOS="326.8346456692913" HPOS="134.64566929133858" CONTENT="recherches" ID="tl_11_3" STYLEREFS="FONT0"/>
            <SP HEIGHT="16.440944881889763" WIDTH="5.3858267716535435" VPOS="326.8346456692913" HPOS="211.1811023622047"/>
            <String HEIGHT="16.440944881889763" WIDTH="65.48031496062993" VPOS="326.8346456692913" HPOS="194.74015748031496" CONTENT="modernes" ID="tl_11_4" STYLEREFS="FONT0"/>
            <SP HEIGHT="16.440944881889763" WIDTH="5.3858267716535435" VPOS="326.8346456692913" HPOS="260.2204724409449"/>
            <String HEIGHT="16.440944881889763" WIDTH="32.881889763779526" VPOS="326.8346456692913" HPOS="243.7795275590551" CONTENT="ne" ID="tl_11_5" STYLEREFS="FONT0"/>
            <SP HEIGHT="16.440944881889763" WIDTH="5.3858267716535435" VPOS="326.8346456692913" HPOS="276.66141732283467"/>
            <String HEIGHT="16.440944881889763" WIDTH="43.653543307086615" VPOS="326.8346456692913" HPOS="260.2204724409449" CONTENT="sont" ID="tl_11_6" STYLEREFS="FONT0"/>
            <SP HEIGHT="16.440944881889763" WIDTH="5.3858267716535435" VPOS="326.8346456692913" HPOS="303.87401574803147"/>
            <String HEIGHT="16.440944881889763" WIDTH="43.653543307086615" VPOS="326.8346456692913" HPOS="287.43307086614175" CONTENT="pas," ID="tl_11_7" STYLEREFS="FONT0"/>
            <SP HEIGHT="16.440944881889763" WIDTH="5.3858267716535435" VPOS="326.8346456692913" HPOS="331.0866141732283"/>
            <String HEIGHT="16.440944881889763" WIDTH="43.653543307086615" VPOS="326.8346456692913" HPOS="314.92913385826773" CONTENT="bien" ID="tl_11_8" STYLEREFS="FONT0"/>
            <SP HEIGHT="16.440944881889763" WIDTH="5.3858267716535435" VPOS="326.8346456692913" HPOS="358.5826771653543"/>
            <String HEIGHT="16.440944881889763" WIDTH="65.48031496062993" VPOS="326.8346456692913" HPOS="342.1417322834646" CONTENT="entendu," ID="tl_11_9" STYLEREFS="FONT0"/>
            <SP HEIGHT="16.440944881889763" WIDTH="5.3858267716535435" VPOS="326.8346456692913" HPOS="407.62204724409446"/>
            <String HEIGHT="16.440944881889763" WIDTH="60.09448818897638" VPOS="326.8346456692913" HPOS="385.79527559055117" CONTENT="inconnues" ID="tl_11_10" STYLEREFS="FONT0"/>
          </TextLine>
          <TextLine ID="tl_12" BASELINE="1257" HEIGHT="15.874015748031496" WIDTH="404.2204724409449" VPOS="340.4409448818898" HPOS="41.669291338582674">
            <String HEIGHT="15.874015748031496" WIDTH="29.19685039370079" VPOS="340.4409448818898" HPOS="36.8503937007874" CONTENT="en" ID="tl_12_1" STYLEREFS="FONT0"/>
            <SP HEIGHT="15.874015748031496" WIDTH="4.818897637795276" VPOS="340.4409448818898" HPOS="66.04724409448819"/>
            <String HEIGHT="15.874015748031496" WIDTH="58.39370078740158" VPOS="340.4409448818898" HPOS="51.30708661417323" CONTENT="Hongrie." ID="tl_12_2" STYLEREFS="FONT0"/>
            <SP HEIGHT="15.874015748031496" WIDTH="4.818897637795276" VPOS="340.4409448818898" HPOS="109.98425196850394"/>
            <String HEIGHT="15.874015748031496" WIDTH="38.83464566929134" VPOS="340.4409448818898" HPOS="95.24409448818898" CONTENT="Tout" ID="tl_12_3" STYLEREFS="FONT0"/>
            <SP HEIGHT="15.874015748031496" WIDTH="4.818897637795276" VPOS="340.4409448818898" HPOS="134.07874015748033"/>
            <String HEIGHT="15.874015748031496" WIDTH="43.93700787401575" VPOS="340.4409448818898" HPOS="119.62204724409449" CONTENT="aussi" ID="tl_12_4" STYLEREFS="FONT0"/>
            <SP HEIGHT="15.874015748031496" WIDTH="4.818897637795276" VPOS="340.4409448818898" HPOS="163.55905511811022"/>
            <String HEIGHT="15.874015748031496" WIDTH="53.574803149606296" VPOS="340.4409448818898" HPOS="148.8188976377953" CONTENT="naturel" ID="tl_12_5" STYLEREFS="FONT0"/>
            <SP HEIGHT="15.874015748031496" WIDTH="4.818897637795276" VPOS="340.4409448818898" HPOS="202.39370078740157"/>
            <String HEIGHT="15.874015748031496" WIDTH="34.01574803149607" VPOS="340.4409448818898" HPOS="187.6535433070866" CONTENT="est" ID="tl_12_6" STYLEREFS="FONT0"/>
            <SP HEIGHT="15.874015748031496" WIDTH="4.818897637795276" VPOS="340.4409448818898" HPOS="221.95275590551182"/>
            <String HEIGHT="15.874015748031496" WIDTH="29.19685039370079" VPOS="340.4409448818898" HPOS="207.21259842519686" CONTENT="le" ID="tl_12_7" STYLEREFS="FONT0"/>
            <SP HEIGHT="15.874015748031496" WIDTH="4.818897637795276" VPOS="340.4409448818898" HPOS="236.40944881889763"/>
            <String HEIGHT="15.874015748031496" WIDTH="38.83464566929134" VPOS="340.4409448818898" HPOS="221.95275590551182" CONTENT="fait" ID="tl_12_8" STYLEREFS="FONT0"/>
            <SP HEIGHT="15.874015748031496" WIDTH="4.818897637795276" VPOS="340.4409448818898" HPOS="260.78740157480314"/>
            <String HEIGHT="15.874015748031496" WIDTH="58.39370078740158" VPOS="340.4409448818898" HPOS="246.33070866141733" CONTENT="qu’elles" ID="tl_12_9" STYLEREFS="FONT0"/>
            <SP HEIGHT="15.874015748031496" WIDTH="4.818897637795276" VPOS="340.4409448818898" HPOS="304.7244094488189"/>
            <String HEIGHT="15.874015748031496" WIDTH="58.39370078740158" VPOS="340.4409448818898" HPOS="289.98425196850394" CONTENT="exercent" ID="tl_12_10" STYLEREFS="FONT0"/>
            <SP HEIGHT="15.874015748031496" WIDTH="4.818897637795276" VPOS="340.4409448818898" HPOS="348.37795275590554"/>
            <String HEIGHT="15.874015748031496" WIDTH="34.01574803149607" VPOS="340.4409448818898" HPOS="333.9212598425197" CONTENT="une" ID="tl_12_11" STYLEREFS="FONT0"/>
            <SP HEIGHT="15.874015748031496" WIDTH="4.818897637795276" VPOS="340.4409448818898" HPOS="367.93700787401576"/>
            <String HEIGHT="15.874015748031496" WIDTH="58.39370078740158" VPOS="340.4409448818898" HPOS="353.4803149606299" CONTENT="certaine" ID="tl_12_12" STYLEREFS="FONT0"/>
            <SP HEIGHT="15.874015748031496" WIDTH="4.818897637795276" VPOS="340.4409448818898" HPOS="411.87401574803147"/>
            <String HEIGHT="15.874015748031496" WIDTH="53.574803149606296" VPOS="340.4409448818898" HPOS="392.31496062992125" CONTENT="influence" ID="tl_12_13" STYLEREFS="FONT0"/>
          </TextLine>
          <TextLine ID="tl_13" BASELINE="1304" HEIGHT="16.15748031496063" WIDTH="404.2204724409449" VPOS="353.4803149606299" HPOS="41.669291338582674">
            <String HEIGHT="16.15748031496063" WIDTH="37.13385826771653" VPOS="353.4803149606299" HPOS="36.28346456692913" CONTENT="sur" ID="tl_13_1" STYLEREFS="FONT0"/>
            <SP HEIGHT="16.15748031496063" WIDTH="5.3858267716535435" VPOS="353.4803149606299" HPOS="73.7007874015748"/>
            <String HEIGHT="16.15748031496063" WIDTH="37.13385826771653" VPOS="353.4803149606299" HPOS="57.54330708661417" CONTENT="nos" ID="tl_13_2" STYLEREFS="FONT0"/>
            <SP HEIGHT="16.15748031496063" WIDTH="5.3858267716535435" VPOS="353.4803149606299" HPOS="94.96062992125984"/>
            <String HEIGHT="16.15748031496063" WIDTH="69.16535433070867" VPOS="353.4803149606299" HPOS="78.80314960629921" CONTENT="artistes." ID="tl_13_3" STYLEREFS="FONT0"/>
            <SP HEIGHT="16.15748031496063" WIDTH="5.3858267716535435" VPOS="353.4803149606299" HPOS="147.96850393700788"/>
            <String HEIGHT="16.15748031496063" WIDTH="42.51968503937008" VPOS="353.4803149606299" HPOS="132.09448818897638" CONTENT="Mais" ID="tl_13_4" STYLEREFS="FONT0"/>
            <SP HEIGHT="16.15748031496063" WIDTH="5.3858267716535435" VPOS="353.4803149606299" HPOS="174.61417322834646"/>
            <String HEIGHT="16.15748031496063" WIDTH="79.65354330708661" VPOS="353.4803149606299" HPOS="158.74015748031496" CONTENT="l’essentiel" ID="tl_13_5" STYLEREFS="FONT0"/>
            <SP HEIGHT="16.15748031496063" WIDTH="5.3858267716535435" VPOS="353.4803149606299" HPOS="238.39370078740157"/>
            <String HEIGHT="16.15748031496063" WIDTH="32.031496062992126" VPOS="353.4803149606299" HPOS="222.51968503937007" CONTENT="de" ID="tl_13_6" STYLEREFS="FONT0"/>
            <SP HEIGHT="16.15748031496063" WIDTH="5.3858267716535435" VPOS="353.4803149606299" HPOS="254.5511811023622"/>
            <String HEIGHT="16.15748031496063" WIDTH="47.90551181102362" VPOS="353.4803149606299" HPOS="238.39370078740157" CONTENT="leurs" ID="tl_13_7" STYLEREFS="FONT0"/>
            <SP HEIGHT="16.15748031496063" WIDTH="5.3858267716535435" VPOS="353.4803149606299" HPOS="286.2992125984252"/>
            <String HEIGHT="16.15748031496063" WIDTH="58.39370078740158" VPOS="353.4803149606299" HPOS="270.4251968503937" CONTENT="efforts" ID="tl_13_8" STYLEREFS="FONT0"/>
            <SP HEIGHT="16.15748031496063" WIDTH="5.3858267716535435" VPOS="353.4803149606299" HPOS="328.81889763779526"/>
            <String HEIGHT="16.15748031496063" WIDTH="63.77952755905512" VPOS="353.4803149606299" HPOS="312.9448818897638" CONTENT="déployés" ID="tl_13_9" STYLEREFS="FONT0"/>
            <SP HEIGHT="16.15748031496063" WIDTH="5.3858267716535435" VPOS="353.4803149606299" HPOS="376.7244094488189"/>
            <String HEIGHT="16.15748031496063" WIDTH="32.031496062992126" VPOS="353.4803149606299" HPOS="360.8503937007874" CONTENT="au" ID="tl_13_10" STYLEREFS="FONT0"/>
            <SP HEIGHT="16.15748031496063" WIDTH="5.3858267716535435" VPOS="353.4803149606299" HPOS="392.59842519685037"/>
            <String HEIGHT="16.15748031496063" WIDTH="47.90551181102362" VPOS="353.4803149606299" HPOS="376.7244094488189" CONTENT="cours" ID="tl_13_11" STYLEREFS="FONT0"/>
            <SP HEIGHT="16.15748031496063" WIDTH="5.3858267716535435" VPOS="353.4803149606299" HPOS="424.62992125984255"/>
            <String HEIGHT="16.15748031496063" WIDTH="32.031496062992126" VPOS="353.4803149606299" HPOS="408.755905511811" CONTENT="de" ID="tl_13_12" STYLEREFS="FONT0"/>
            <SP HEIGHT="16.15748031496063" WIDTH="5.3858267716535435" VPOS="353.4803149606299" HPOS="440.503937007874"/>
            <String HEIGHT="16.15748031496063" WIDTH="26.64566929133858" VPOS="353.4803149606299" HPOS="419.244094488189" CONTENT="ces" ID="tl_13_13" STYLEREFS="FONT0"/>
          </TextLine>
          <TextLine ID="tl_14" BASELINE="1358" HEIGHT="13.606299212598426" WIDTH="403.65354330708664" VPOS="371.33858267716533" HPOS="41.95275590551181">
            <String HEIGHT="13.606299212598426" WIDTH="70.86614173228347" VPOS="371.33858267716533" HPOS="36.56692913385827" CONTENT="dernières" ID="tl_14_1" STYLEREFS="FONT0"/>
            <SP HEIGHT="13.606299212598426" WIDTH="5.3858267716535435" VPOS="371.33858267716533" HPOS="107.43307086614173"/>
            <String HEIGHT="13.606299212598426" WIDTH="54.425196850393704" VPOS="371.33858267716533" HPOS="90.99212598425197" CONTENT="années" ID="tl_14_2" STYLEREFS="FONT0"/>
            <SP HEIGHT="13.606299212598426" WIDTH="5.3858267716535435" VPOS="371.33858267716533" HPOS="145.70078740157481"/>
            <String HEIGHT="13.606299212598426" WIDTH="43.653543307086615" VPOS="371.33858267716533" HPOS="129.25984251968504" CONTENT="peut" ID="tl_14_3" STYLEREFS="FONT0"/>
            <SP HEIGHT="13.606299212598426" WIDTH="5.3858267716535435" VPOS="371.33858267716533" HPOS="172.91338582677164"/>
            <String HEIGHT="13.606299212598426" WIDTH="43.653543307086615" VPOS="371.33858267716533" HPOS="156.4724409448819" CONTENT="être" ID="tl_14_4" STYLEREFS="FONT0"/>
            <SP HEIGHT="13.606299212598426" WIDTH="5.3858267716535435" VPOS="371.33858267716533" HPOS="200.1259842519685"/>
            <String HEIGHT="13.606299212598426" WIDTH="54.425196850393704" VPOS="371.33858267716533" HPOS="183.68503937007873" CONTENT="résumé" ID="tl_14_5" STYLEREFS="FONT0"/>
            <SP HEIGHT="13.606299212598426" WIDTH="5.3858267716535435" VPOS="371.33858267716533" HPOS="238.39370078740157"/>
            <String HEIGHT="13.606299212598426" WIDTH="54.425196850393704" VPOS="371.33858267716533" HPOS="221.95275590551182" CONTENT="ainsi:" ID="tl_14_6" STYLEREFS="FONT0"/>
            <SP HEIGHT="13.606299212598426" WIDTH="5.3858267716535435" VPOS="371.33858267716533" HPOS="276.37795275590554"/>
            <String HEIGHT="13.606299212598426" WIDTH="43.653543307086615" VPOS="371.33858267716533" HPOS="260.2204724409449" CONTENT="tout" ID="tl_14_7" STYLEREFS="FONT0"/>
            <SP HEIGHT="13.606299212598426" WIDTH="5.3858267716535435" VPOS="371.33858267716533" HPOS="303.87401574803147"/>
            <String HEIGHT="13.606299212598426" WIDTH="32.59842519685039" VPOS="371.33858267716533" HPOS="287.43307086614175" CONTENT="en" ID="tl_14_8" STYLEREFS="FONT0"/>
            <SP HEIGHT="13.606299212598426" WIDTH="5.3858267716535435" VPOS="371.33858267716533" HPOS="320.0314960629921"/>
            <String HEIGHT="13.606299212598426" WIDTH="76.25196850393701" VPOS="371.33858267716533" HPOS="303.87401574803147" CONTENT="conservant" ID="tl_14_9" STYLEREFS="FONT0"/>
            <SP HEIGHT="13.606299212598426" WIDTH="5.3858267716535435" VPOS="371.33858267716533" HPOS="380.12598425196853"/>
            <String HEIGHT="13.606299212598426" WIDTH="38.267716535433074" VPOS="371.33858267716533" HPOS="363.68503937007875" CONTENT="les" ID="tl_14_10" STYLEREFS="FONT0"/>
            <SP HEIGHT="13.606299212598426" WIDTH="5.3858267716535435" VPOS="371.33858267716533" HPOS="401.9527559055118"/>
            <String HEIGHT="13.606299212598426" WIDTH="65.48031496062993" VPOS="371.33858267716533" HPOS="380.12598425196853" CONTENT="précieuses" ID="tl_14_11" STYLEREFS="FONT0"/>
          </TextLine>
          <TextLine ID="tl_15" BASELINE="1414" HEIGHT="18.4251968503937" WIDTH="405.9212598425197" VPOS="382.3937007874016" HPOS="40.818897637795274">
            <String HEIGHT="18.4251968503937" WIDTH="75.68503937007874" VPOS="382.3937007874016" HPOS="35.43307086614173" CONTENT="traditions" ID="tl_15_1" STYLEREFS="FONT0"/>
            <SP HEIGHT="18.4251968503937" WIDTH="5.3858267716535435" VPOS="382.3937007874016" HPOS="111.11811023622047"/>
            <String HEIGHT="18.4251968503937" WIDTH="81.07086614173228" VPOS="382.3937007874016" HPOS="94.96062992125984" CONTENT="nationales," ID="tl_15_2" STYLEREFS="FONT0"/>
            <SP HEIGHT="18.4251968503937" WIDTH="5.3858267716535435" VPOS="382.3937007874016" HPOS="176.03149606299212"/>
            <String HEIGHT="18.4251968503937" WIDTH="37.98425196850393" VPOS="382.3937007874016" HPOS="159.8740157480315" CONTENT="ils" ID="tl_15_3" STYLEREFS="FONT0"/>
            <SP HEIGHT="18.4251968503937" WIDTH="5.3858267716535435" VPOS="382.3937007874016" HPOS="197.85826771653544"/>
            <String HEIGHT="18.4251968503937" WIDTH="81.07086614173228" VPOS="382.3937007874016" HPOS="181.41732283464566" CONTENT="s’attachent" ID="tl_15_4" STYLEREFS="FONT0"/>
            <SP HEIGHT="18.4251968503937" WIDTH="5.3858267716535435" VPOS="382.3937007874016" HPOS="262.7716535433071"/>
            <String HEIGHT="18.4251968503937" WIDTH="26.929133858267715" VPOS="382.3937007874016" HPOS="246.61417322834646" CONTENT="à" ID="tl_15_5" STYLEREFS="FONT0"/>
            <SP HEIGHT="18.4251968503937" WIDTH="5.3858267716535435" VPOS="382.3937007874016" HPOS="273.54330708661416"/>
            <String HEIGHT="18.4251968503937" WIDTH="48.75590551181102" VPOS="382.3937007874016" HPOS="257.38582677165357" CONTENT="créer" ID="tl_15_6" STYLEREFS="FONT0"/>
            <SP HEIGHT="18.4251968503937" WIDTH="5.3858267716535435" VPOS="382.3937007874016" HPOS="306.1417322834646"/>
            <String HEIGHT="18.4251968503937" WIDTH="37.98425196850393" VPOS="382.3937007874016" HPOS="289.7007874015748" CONTENT="des" ID="tl_15_7" STYLEREFS="FONT0"/>
            <SP HEIGHT="18.4251968503937" WIDTH="5.3858267716535435" VPOS="382.3937007874016" HPOS="327.68503937007875"/>
            <String HEIGHT="18.4251968503937" WIDTH="54.14173228346457" VPOS="382.3937007874016" HPOS="311.5275590551181" CONTENT="formes" ID="tl_15_8" STYLEREFS="FONT0"/>
            <SP HEIGHT="18.4251968503937" WIDTH="5.3858267716535435" VPOS="382.3937007874016" HPOS="365.6692913385827"/>
            <String HEIGHT="18.4251968503937" WIDTH="70.2992125984252" VPOS="382.3937007874016" HPOS="349.2283464566929" CONTENT="nouvelles" ID="tl_15_9" STYLEREFS="FONT0"/>
            <SP HEIGHT="18.4251968503937" WIDTH="5.3858267716535435" VPOS="382.3937007874016" HPOS="419.81102362204723"/>
            <String HEIGHT="18.4251968503937" WIDTH="48.75590551181102" VPOS="382.3937007874016" HPOS="397.98425196850394" CONTENT="suscep" SUBS_TYPE="HypPart1" SUBS_CONTENT="susceptibles" ID="tl_15_10" STYLEREFS="FONT0"/>
            <HYP CONTENT="-"/>
          </TextLine>
          <TextLine ID="tl_16" BASELINE="1456" HEIGHT="17.007874015748033" WIDTH="404.503937007874" VPOS="395.7165354330709" HPOS="41.38582677165354">
            <String HEIGHT="17.007874015748033" WIDTH="51.874015748031496" VPOS="395.7165354330709" HPOS="36.28346456692913" CONTENT="tibles" SUBS_TYPE="HypPart2" SUBS_CONTENT="susceptibles" ID="tl_16_1" STYLEREFS="FONT0"/>
            <SP HEIGHT="17.007874015748033" WIDTH="5.102362204724409" VPOS="395.7165354330709" HPOS="88.15748031496064"/>
            <String HEIGHT="17.007874015748033" WIDTH="72.56692913385827" VPOS="395.7165354330709" HPOS="72.56692913385827" CONTENT="d’exprimer" ID="tl_16_2" STYLEREFS="FONT0"/>
            <SP HEIGHT="17.007874015748033" WIDTH="5.102362204724409" VPOS="395.7165354330709" HPOS="145.13385826771653"/>
            <String HEIGHT="17.007874015748033" WIDTH="46.77165354330709" VPOS="395.7165354330709" HPOS="129.54330708661416" CONTENT="d’une" ID="tl_16_3" STYLEREFS="FONT0"/>
            <SP HEIGHT="17.007874015748033" WIDTH="5.102362204724409" VPOS="395.7165354330709" HPOS="176.31496062992127"/>
            <String HEIGHT="17.007874015748033" WIDTH="56.976377952755904" VPOS="395.7165354330709" HPOS="160.7244094488189" CONTENT="manière" ID="tl_16_4" STYLEREFS="FONT0"/>
            <SP HEIGHT="17.007874015748033" WIDTH="5.102362204724409" VPOS="395.7165354330709" HPOS="217.70078740157481"/>
            <String HEIGHT="17.007874015748033" WIDTH="72.56692913385827" VPOS="395.7165354330709" HPOS="202.11023622047244" CONTENT="suggestive" ID="tl_16_5" STYLEREFS="FONT0"/>
            <SP HEIGHT="17.007874015748033" WIDTH="5.102362204724409" VPOS="395.7165354330709" HPOS="274.6771653543307"/>
            <String HEIGHT="17.007874015748033" WIDTH="36.28346456692913" VPOS="395.7165354330709" HPOS="259.0866141732283" CONTENT="les" ID="tl_16_6" STYLEREFS="FONT0"/>
            <SP HEIGHT="17.007874015748033" WIDTH="5.102362204724409" VPOS="395.7165354330709" HPOS="295.37007874015745"/>
            <String HEIGHT="17.007874015748033" WIDTH="67.46456692913385" VPOS="395.7165354330709" HPOS="280.06299212598424" CONTENT="exigences" ID="tl_16_7" STYLEREFS="FONT0"/>
            <SP HEIGHT="17.007874015748033" WIDTH="5.102362204724409" VPOS="395.7165354330709" HPOS="347.244094488189"/>
            <String HEIGHT="17.007874015748033" WIDTH="51.874015748031496" VPOS="395.7165354330709" HPOS="331.93700787401576" CONTENT="posées" ID="tl_16_8" STYLEREFS="FONT0"/>
            <SP HEIGHT="17.007874015748033" WIDTH="5.102362204724409" VPOS="395.7165354330709" HPOS="383.5275590551181"/>
            <String HEIGHT="17.007874015748033" WIDTH="36.28346456692913" VPOS="395.7165354330709" HPOS="368.2204724409449" CONTENT="par" ID="tl_16_9" STYLEREFS="FONT0"/>
            <SP HEIGHT="17.007874015748033" WIDTH="5.102362204724409" VPOS="395.7165354330709" HPOS="404.503937007874"/>
            <String HEIGHT="17.007874015748033" WIDTH="31.181102362204726" VPOS="395.7165354330709" HPOS="388.9133858267717" CONTENT="le" ID="tl_16_10" STYLEREFS="FONT0"/>
            <SP HEIGHT="17.007874015748033" WIDTH="5.102362204724409" VPOS="395.7165354330709" HPOS="420.09448818897636"/>
            <String HEIGHT="17.007874015748033" WIDTH="46.77165354330709" VPOS="395.7165354330709" HPOS="399.11811023622045" CONTENT="nouveau" ID="tl_16_11" STYLEREFS="FONT0"/>
          </TextLine>
          <TextLine ID="tl_17" BASELINE="1513" HEIGHT="17.5748031496063" WIDTH="78.80314960629921" VPOS="411.3070866141732" HPOS="41.95275590551181">
            <String HEIGHT="17.5748031496063" WIDTH="56.40944881889764" VPOS="411.3070866141732" HPOS="36.28346456692913" CONTENT="régime" ID="tl_17_1" STYLEREFS="FONT0"/>
            <SP HEIGHT="17.5748031496063" WIDTH="5.669291338582677" VPOS="411.3070866141732" HPOS="92.69291338582677"/>
            <String HEIGHT="17.5748031496063" WIDTH="50.74015748031496" VPOS="411.3070866141732" HPOS="70.01574803149606" CONTENT="social." ID="tl_17_2" STYLEREFS="FONT0"/>
          </TextLine>
        </TextBlock>
        <TextBlock ID="r_2_4" HEIGHT="54.70866141732284" WIDTH="400.251968503937" VPOS="428.59842519685037" HPOS="44.503937007874015">
          <TextLine ID="tl_18" BASELINE="1553" HEIGHT="17.007874015748033" WIDTH="393.4488188976378" VPOS="423.21259842519686" HPOS="53.29133858267716">
            <String HEIGHT="17.007874015748033" WIDTH="36.28346456692913" VPOS="423.21259842519686" HPOS="48.188976377952756" CONTENT="Les" ID="tl_18_1" STYLEREFS="FONT0"/>
            <SP HEIGHT="17.007874015748033" WIDTH="5.102362204724409" VPOS="423.21259842519686" HPOS="84.4724409448819"/>
            <String HEIGHT="17.007874015748033" WIDTH="51.874015748031496" VPOS="423.21259842519686" HPOS="68.88188976377953" CONTENT="grands" ID="tl_18_2" STYLEREFS="FONT0"/>
            <SP HEIGHT="17.007874015748033" WIDTH="5.102362204724409" VPOS="423.21259842519686" HPOS="120.4724409448819"/>
            <String HEIGHT="17.007874015748033" WIDTH="77.66929133858268" VPOS="423.21259842519686" HPOS="105.16535433070867" CONTENT="précurseurs" ID="tl_18_3" STYLEREFS="FONT0"/>
            <SP HEIGHT="17.007874015748033" WIDTH="5.102362204724409" VPOS="423.21259842519686" HPOS="182.83464566929135"/>
            <String HEIGHT="17.007874015748033" WIDTH="31.181102362204726" VPOS="423.21259842519686" HPOS="167.24409448818898" CONTENT="de" ID="tl_18_4" STYLEREFS="FONT0"/>
            <SP HEIGHT="17.007874015748033" WIDTH="5.102362204724409" VPOS="423.21259842519686" HPOS="198.14173228346456"/>
            <String HEIGHT="17.007874015748033" WIDTH="46.488188976377955" VPOS="423.21259842519686" HPOS="182.83464566929135" CONTENT="l’art" ID="tl_18_5" STYLEREFS="FONT0"/>
            <SP HEIGHT="17.007874015748033" WIDTH="5.102362204724409" VPOS="423.21259842519686" HPOS="229.3228346456693"/>
            <String HEIGHT="17.007874015748033" WIDTH="82.77165354330708" VPOS="423.21259842519686" HPOS="213.73228346456693" CONTENT="contemporain" ID="tl_18_6" STYLEREFS="FONT0"/>
            <SP HEIGHT="17.007874015748033" WIDTH="5.102362204724409" VPOS="423.21259842519686" HPOS="296.503937007874"/>
            <String HEIGHT="17.007874015748033" WIDTH="67.18110236220473" VPOS="423.21259842519686" HPOS="281.1968503937008" CONTENT="hongrois," ID="tl_18_7" STYLEREFS="FONT0"/>
            <SP HEIGHT="17.007874015748033" WIDTH="5.102362204724409" VPOS="423.21259842519686" HPOS="348.37795275590554"/>
            <String HEIGHT="17.007874015748033" WIDTH="41.38582677165354" VPOS="423.21259842519686" HPOS="332.78740157480314" CONTENT="dont" ID="tl_18_8" STYLEREFS="FONT0"/>
            <SP HEIGHT="17.007874015748033" WIDTH="5.102362204724409" VPOS="423.21259842519686" HPOS="374.1732283464567"/>
            <String HEIGHT="17.007874015748033" WIDTH="72.56692913385827" VPOS="423.21259842519686" HPOS="358.86614173228344" CONTENT="l’activité" ID="tl_18_9" STYLEREFS="FONT0"/>
            <SP HEIGHT="17.007874015748033" WIDTH="5.102362204724409" VPOS="423.21259842519686" HPOS="431.1496062992126"/>
            <String HEIGHT="17.007874015748033" WIDTH="36.28346456692913" VPOS="423.21259842519686" HPOS="410.45669291338584" CONTENT="n’est" ID="tl_18_10" STYLEREFS="FONT0"/>
          </TextLine>
          <TextLine ID="tl_19" BASELINE="1607" HEIGHT="18.4251968503937" WIDTH="403.65354330708664" VPOS="437.1023622047244" HPOS="42.803149606299215">
            <String HEIGHT="18.4251968503937" WIDTH="102.33070866141732" VPOS="437.1023622047244" HPOS="37.41732283464567" CONTENT="malheureusement" ID="tl_19_1" STYLEREFS="FONT0"/>
            <SP HEIGHT="18.4251968503937" WIDTH="5.3858267716535435" VPOS="437.1023622047244" HPOS="139.748031496063"/>
            <String HEIGHT="18.4251968503937" WIDTH="37.7007874015748" VPOS="437.1023622047244" HPOS="123.59055118110236" CONTENT="que" ID="tl_19_2" STYLEREFS="FONT0"/>
            <SP HEIGHT="18.4251968503937" WIDTH="5.3858267716535435" VPOS="437.1023622047244" HPOS="161.29133858267716"/>
            <String HEIGHT="18.4251968503937" WIDTH="43.08661417322835" VPOS="437.1023622047244" HPOS="145.13385826771653" CONTENT="très" ID="tl_19_3" STYLEREFS="FONT0"/>
            <SP HEIGHT="18.4251968503937" WIDTH="5.3858267716535435" VPOS="437.1023622047244" HPOS="188.2204724409449"/>
            <String HEIGHT="18.4251968503937" WIDTH="37.7007874015748" VPOS="437.1023622047244" HPOS="172.06299212598427" CONTENT="peu" ID="tl_19_4" STYLEREFS="FONT0"/>
            <SP HEIGHT="18.4251968503937" WIDTH="5.3858267716535435" VPOS="437.1023622047244" HPOS="209.76377952755905"/>
            <String HEIGHT="18.4251968503937" WIDTH="53.85826771653543" VPOS="437.1023622047244" HPOS="193.60629921259843" CONTENT="connue" ID="tl_19_5" STYLEREFS="FONT0"/>
            <SP HEIGHT="18.4251968503937" WIDTH="5.3858267716535435" VPOS="437.1023622047244" HPOS="247.1811023622047"/>
            <String HEIGHT="18.4251968503937" WIDTH="26.929133858267715" VPOS="437.1023622047244" HPOS="231.30708661417322" CONTENT="à" ID="tl_19_6" STYLEREFS="FONT0"/>
            <SP HEIGHT="18.4251968503937" WIDTH="5.3858267716535435" VPOS="437.1023622047244" HPOS="257.9527559055118"/>
            <String HEIGHT="18.4251968503937" WIDTH="80.78740157480316" VPOS="437.1023622047244" HPOS="242.07874015748033" CONTENT="l’étranger," ID="tl_19_7" STYLEREFS="FONT0"/>
            <SP HEIGHT="18.4251968503937" WIDTH="5.3858267716535435" VPOS="437.1023622047244" HPOS="322.5826771653543"/>
            <String HEIGHT="18.4251968503937" WIDTH="37.7007874015748" VPOS="437.1023622047244" HPOS="306.4251968503937" CONTENT="ont" ID="tl_19_8" STYLEREFS="FONT0"/>
            <SP HEIGHT="18.4251968503937" WIDTH="5.3858267716535435" VPOS="437.1023622047244" HPOS="344.12598425196853"/>
            <String HEIGHT="18.4251968503937" WIDTH="64.62992125984252" VPOS="437.1023622047244" HPOS="327.9685039370079" CONTENT="toujours" ID="tl_19_9" STYLEREFS="FONT0"/>
            <SP HEIGHT="18.4251968503937" WIDTH="5.3858267716535435" VPOS="437.1023622047244" HPOS="392.59842519685037"/>
            <String HEIGHT="18.4251968503937" WIDTH="32.31496062992126" VPOS="437.1023622047244" HPOS="376.4409448818898" CONTENT="eu" ID="tl_19_10" STYLEREFS="FONT0"/>
            <SP HEIGHT="18.4251968503937" WIDTH="5.3858267716535435" VPOS="437.1023622047244" HPOS="408.755905511811"/>
            <String HEIGHT="18.4251968503937" WIDTH="37.7007874015748" VPOS="437.1023622047244" HPOS="392.59842519685037" CONTENT="des" ID="tl_19_11" STYLEREFS="FONT0"/>
            <SP HEIGHT="18.4251968503937" WIDTH="5.3858267716535435" VPOS="437.1023622047244" HPOS="430.2992125984252"/>
            <String HEIGHT="18.4251968503937" WIDTH="37.7007874015748" VPOS="437.1023622047244" HPOS="408.755905511811" CONTENT="liens" ID="tl_19_12" STYLEREFS="FONT0"/>
          </TextLine>
          <TextLine ID="tl_20" BASELINE="1667" HEIGHT="16.724409448818896" WIDTH="404.78740157480314" VPOS="455.81102362204723" HPOS="41.95275590551181">
            <String HEIGHT="16.724409448818896" WIDTH="76.53543307086615" VPOS="455.81102362204723" HPOS="36.56692913385827" CONTENT="organiques" ID="tl_20_1" STYLEREFS="FONT0"/>
            <SP HEIGHT="16.724409448818896" WIDTH="5.3858267716535435" VPOS="455.81102362204723" HPOS="113.10236220472441"/>
            <String HEIGHT="16.724409448818896" WIDTH="43.653543307086615" VPOS="455.81102362204723" HPOS="96.66141732283465" CONTENT="avec" ID="tl_20_2" STYLEREFS="FONT0"/>
            <SP HEIGHT="16.724409448818896" WIDTH="5.3858267716535435" VPOS="455.81102362204723" HPOS="140.31496062992127"/>
            <String HEIGHT="16.724409448818896" WIDTH="38.267716535433074" VPOS="455.81102362204723" HPOS="123.8740157480315" CONTENT="les" ID="tl_20_3" STYLEREFS="FONT0"/>
            <SP HEIGHT="16.724409448818896" WIDTH="5.3858267716535435" VPOS="455.81102362204723" HPOS="162.4251968503937"/>
            <String HEIGHT="16.724409448818896" WIDTH="71.14960629921259" VPOS="455.81102362204723" HPOS="145.98425196850394" CONTENT="tendances" ID="tl_20_4" STYLEREFS="FONT0"/>
            <SP HEIGHT="16.724409448818896" WIDTH="5.3858267716535435" VPOS="455.81102362204723" HPOS="217.13385826771653"/>
            <String HEIGHT="16.724409448818896" WIDTH="81.92125984251969" VPOS="455.81102362204723" HPOS="200.69291338582678" CONTENT="artistiques" ID="tl_20_5" STYLEREFS="FONT0"/>
            <SP HEIGHT="16.724409448818896" WIDTH="5.3858267716535435" VPOS="455.81102362204723" HPOS="282.61417322834643"/>
            <String HEIGHT="16.724409448818896" WIDTH="32.881889763779526" VPOS="455.81102362204723" HPOS="266.1732283464567" CONTENT="de" ID="tl_20_6" STYLEREFS="FONT0"/>
            <SP HEIGHT="16.724409448818896" WIDTH="5.3858267716535435" VPOS="455.81102362204723" HPOS="299.0551181102362"/>
            <String HEIGHT="16.724409448818896" WIDTH="43.653543307086615" VPOS="455.81102362204723" HPOS="282.61417322834643" CONTENT="leur" ID="tl_20_7" STYLEREFS="FONT0"/>
            <SP HEIGHT="16.724409448818896" WIDTH="5.3858267716535435" VPOS="455.81102362204723" HPOS="326.26771653543307"/>
            <String HEIGHT="16.724409448818896" WIDTH="60.09448818897638" VPOS="455.81102362204723" HPOS="310.1102362204724" CONTENT="époque," ID="tl_20_8" STYLEREFS="FONT0"/>
            <SP HEIGHT="16.724409448818896" WIDTH="5.3858267716535435" VPOS="455.81102362204723" HPOS="370.20472440944883"/>
            <String HEIGHT="16.724409448818896" WIDTH="43.653543307086615" VPOS="455.81102362204723" HPOS="353.76377952755905" CONTENT="mais" ID="tl_20_9" STYLEREFS="FONT0"/>
            <SP HEIGHT="16.724409448818896" WIDTH="5.3858267716535435" VPOS="455.81102362204723" HPOS="397.4173228346457"/>
            <String HEIGHT="16.724409448818896" WIDTH="38.267716535433074" VPOS="455.81102362204723" HPOS="380.9763779527559" CONTENT="peu" ID="tl_20_10" STYLEREFS="FONT0"/>
            <SP HEIGHT="16.724409448818896" WIDTH="5.3858267716535435" VPOS="455.81102362204723" HPOS="419.5275590551181"/>
            <String HEIGHT="16.724409448818896" WIDTH="49.32283464566929" VPOS="455.81102362204723" HPOS="397.4173228346457" CONTENT="d’entre" ID="tl_20_11" STYLEREFS="FONT0"/>
          </TextLine>
          <TextLine ID="tl_21" BASELINE="1706" HEIGHT="15.874015748031496" WIDTH="284.31496062992125" VPOS="467.7165354330709" HPOS="42.23622047244095">
            <String HEIGHT="15.874015748031496" WIDTH="41.38582677165354" VPOS="467.7165354330709" HPOS="36.28346456692913" CONTENT="eux" ID="tl_21_1" STYLEREFS="FONT0"/>
            <SP HEIGHT="15.874015748031496" WIDTH="5.952755905511811" VPOS="467.7165354330709" HPOS="77.66929133858268"/>
            <String HEIGHT="15.874015748031496" WIDTH="41.38582677165354" VPOS="467.7165354330709" HPOS="60.09448818897638" CONTENT="ont" ID="tl_21_2" STYLEREFS="FONT0"/>
            <SP HEIGHT="15.874015748031496" WIDTH="5.952755905511811" VPOS="467.7165354330709" HPOS="101.48031496062993"/>
            <String HEIGHT="15.874015748031496" WIDTH="53.29133858267716" VPOS="467.7165354330709" HPOS="83.62204724409449" CONTENT="suivi" ID="tl_21_3" STYLEREFS="FONT0"/>
            <SP HEIGHT="15.874015748031496" WIDTH="5.952755905511811" VPOS="467.7165354330709" HPOS="136.91338582677164"/>
            <String HEIGHT="15.874015748031496" WIDTH="41.38582677165354" VPOS="467.7165354330709" HPOS="119.33858267716535" CONTENT="des" ID="tl_21_4" STYLEREFS="FONT0"/>
            <SP HEIGHT="15.874015748031496" WIDTH="5.952755905511811" VPOS="467.7165354330709" HPOS="160.7244094488189"/>
            <String HEIGHT="15.874015748031496" WIDTH="77.10236220472441" VPOS="467.7165354330709" HPOS="142.86614173228347" CONTENT="tendances" ID="tl_21_5" STYLEREFS="FONT0"/>
            <SP HEIGHT="15.874015748031496" WIDTH="5.952755905511811" VPOS="467.7165354330709" HPOS="219.96850393700788"/>
            <String HEIGHT="15.874015748031496" WIDTH="71.14960629921259" VPOS="467.7165354330709" HPOS="202.11023622047244" CONTENT="poussées" ID="tl_21_6" STYLEREFS="FONT0"/>
            <SP HEIGHT="15.874015748031496" WIDTH="5.952755905511811" VPOS="467.7165354330709" HPOS="273.25984251968504"/>
            <String HEIGHT="15.874015748031496" WIDTH="29.480314960629922" VPOS="467.7165354330709" HPOS="255.4015748031496" CONTENT="à" ID="tl_21_7" STYLEREFS="FONT0"/>
            <SP HEIGHT="15.874015748031496" WIDTH="5.952755905511811" VPOS="467.7165354330709" HPOS="285.1653543307087"/>
            <String HEIGHT="15.874015748031496" WIDTH="65.19685039370079" VPOS="467.7165354330709" HPOS="261.3543307086614" CONTENT="outrance." ID="tl_21_8" STYLEREFS="FONT0"/>
          </TextLine>
        </TextBlock>
        <TextBlock ID="r_2_5" HEIGHT="82.20472440944881" WIDTH="401.38582677165357" VPOS="485.8582677165354" HPOS="44.22047244094488">
          <TextLine ID="tl_22" BASELINE="1763" HEIGHT="17.291338582677167" WIDTH="393.1653543307087" VPOS="482.45669291338584" HPOS="53.574803149606296">
            <String HEIGHT="17.291338582677167" WIDTH="31.748031496062993" VPOS="482.45669291338584" HPOS="48.188976377952756" CONTENT="Et" ID="tl_22_1" STYLEREFS="FONT0"/>
            <SP HEIGHT="17.291338582677167" WIDTH="5.3858267716535435" VPOS="482.45669291338584" HPOS="80.22047244094489"/>
            <String HEIGHT="17.291338582677167" WIDTH="42.51968503937008" VPOS="482.45669291338584" HPOS="64.06299212598425" CONTENT="cela" ID="tl_22_2" STYLEREFS="FONT0"/>
            <SP HEIGHT="17.291338582677167" WIDTH="5.3858267716535435" VPOS="482.45669291338584" HPOS="106.58267716535433"/>
            <String HEIGHT="17.291338582677167" WIDTH="37.13385826771653" VPOS="482.45669291338584" HPOS="90.70866141732283" CONTENT="est" ID="tl_22_3" STYLEREFS="FONT0"/>
            <SP HEIGHT="17.291338582677167" WIDTH="5.3858267716535435" VPOS="482.45669291338584" HPOS="127.84251968503936"/>
            <String HEIGHT="17.291338582677167" WIDTH="63.77952755905512" VPOS="482.45669291338584" HPOS="111.96850393700787" CONTENT="logique," ID="tl_22_4" STYLEREFS="FONT0"/>
            <SP HEIGHT="17.291338582677167" WIDTH="5.3858267716535435" VPOS="482.45669291338584" HPOS="175.748031496063"/>
            <String HEIGHT="17.291338582677167" WIDTH="31.748031496062993" VPOS="482.45669291338584" HPOS="159.8740157480315" CONTENT="si" ID="tl_22_5" STYLEREFS="FONT0"/>
            <SP HEIGHT="17.291338582677167" WIDTH="5.3858267716535435" VPOS="482.45669291338584" HPOS="191.6220472440945"/>
            <String HEIGHT="17.291338582677167" WIDTH="42.51968503937008" VPOS="482.45669291338584" HPOS="175.748031496063" CONTENT="l’on" ID="tl_22_6" STYLEREFS="FONT0"/>
            <SP HEIGHT="17.291338582677167" WIDTH="5.3858267716535435" VPOS="482.45669291338584" HPOS="218.26771653543307"/>
            <String HEIGHT="17.291338582677167" WIDTH="47.90551181102362" VPOS="482.45669291338584" HPOS="202.39370078740157" CONTENT="tient" ID="tl_22_7" STYLEREFS="FONT0"/>
            <SP HEIGHT="17.291338582677167" WIDTH="5.3858267716535435" VPOS="482.45669291338584" HPOS="250.29921259842519"/>
            <String HEIGHT="17.291338582677167" WIDTH="53.00787401574803" VPOS="482.45669291338584" HPOS="234.14173228346456" CONTENT="compte" ID="tl_22_8" STYLEREFS="FONT0"/>
            <SP HEIGHT="17.291338582677167" WIDTH="5.3858267716535435" VPOS="482.45669291338584" HPOS="287.43307086614175"/>
            <String HEIGHT="17.291338582677167" WIDTH="31.748031496062993" VPOS="482.45669291338584" HPOS="271.2755905511811" CONTENT="du" ID="tl_22_9" STYLEREFS="FONT0"/>
            <SP HEIGHT="17.291338582677167" WIDTH="5.3858267716535435" VPOS="482.45669291338584" HPOS="303.3070866141732"/>
            <String HEIGHT="17.291338582677167" WIDTH="42.51968503937008" VPOS="482.45669291338584" HPOS="287.43307086614175" CONTENT="fait" ID="tl_22_10" STYLEREFS="FONT0"/>
            <SP HEIGHT="17.291338582677167" WIDTH="5.3858267716535435" VPOS="482.45669291338584" HPOS="329.9527559055118"/>
            <String HEIGHT="17.291338582677167" WIDTH="37.13385826771653" VPOS="482.45669291338584" HPOS="313.79527559055117" CONTENT="que" ID="tl_22_11" STYLEREFS="FONT0"/>
            <SP HEIGHT="17.291338582677167" WIDTH="5.3858267716535435" VPOS="482.45669291338584" HPOS="351.21259842519686"/>
            <String HEIGHT="17.291338582677167" WIDTH="31.748031496062993" VPOS="482.45669291338584" HPOS="335.0551181102362" CONTENT="la" ID="tl_22_12" STYLEREFS="FONT0"/>
            <SP HEIGHT="17.291338582677167" WIDTH="5.3858267716535435" VPOS="482.45669291338584" HPOS="367.0866141732283"/>
            <String HEIGHT="17.291338582677167" WIDTH="95.5275590551181" VPOS="482.45669291338584" HPOS="351.21259842519686" CONTENT="représentation" ID="tl_22_13" STYLEREFS="FONT0"/>
            <SP HEIGHT="17.291338582677167" WIDTH="5.3858267716535435" VPOS="482.45669291338584" HPOS="446.74015748031496"/>
            <String HEIGHT="17.291338582677167" WIDTH="21.25984251968504" VPOS="482.45669291338584" HPOS="425.4803149606299" CONTENT="de" ID="tl_22_14" STYLEREFS="FONT0"/>
          </TextLine>
          <TextLine ID="tl_23" BASELINE="1820" HEIGHT="17.5748031496063" WIDTH="404.2204724409449" VPOS="498.3307086614173" HPOS="42.51968503937008">
            <String HEIGHT="17.5748031496063" WIDTH="60.94488188976378" VPOS="498.3307086614173" HPOS="36.8503937007874" CONTENT="l’homme" ID="tl_23_1" STYLEREFS="FONT0"/>
            <SP HEIGHT="17.5748031496063" WIDTH="5.669291338582677" VPOS="498.3307086614173" HPOS="97.79527559055119"/>
            <String HEIGHT="17.5748031496063" WIDTH="27.77952755905512" VPOS="498.3307086614173" HPOS="81.35433070866142" CONTENT="—" ID="tl_23_2" STYLEREFS="FONT0"/>
            <SP HEIGHT="17.5748031496063" WIDTH="5.669291338582677" VPOS="498.3307086614173" HPOS="108.85039370078741"/>
            <String HEIGHT="17.5748031496063" WIDTH="60.94488188976378" VPOS="498.3307086614173" HPOS="92.40944881889764" CONTENT="qualité" ID="tl_23_3" STYLEREFS="FONT0"/>
            <SP HEIGHT="17.5748031496063" WIDTH="5.669291338582677" VPOS="498.3307086614173" HPOS="153.35433070866142"/>
            <String HEIGHT="17.5748031496063" WIDTH="72.0" VPOS="498.3307086614173" HPOS="136.62992125984252" CONTENT="maîtresse" ID="tl_23_4" STYLEREFS="FONT0"/>
            <SP HEIGHT="17.5748031496063" WIDTH="5.669291338582677" VPOS="498.3307086614173" HPOS="208.62992125984252"/>
            <String HEIGHT="17.5748031496063" WIDTH="33.16535433070866" VPOS="498.3307086614173" HPOS="191.90551181102362" CONTENT="de" ID="tl_23_5" STYLEREFS="FONT0"/>
            <SP HEIGHT="17.5748031496063" WIDTH="5.669291338582677" VPOS="498.3307086614173" HPOS="225.35433070866142"/>
            <String HEIGHT="17.5748031496063" WIDTH="44.22047244094488" VPOS="498.3307086614173" HPOS="208.62992125984252" CONTENT="tout" ID="tl_23_6" STYLEREFS="FONT0"/>
            <SP HEIGHT="17.5748031496063" WIDTH="5.669291338582677" VPOS="498.3307086614173" HPOS="252.8503937007874"/>
            <String HEIGHT="17.5748031496063" WIDTH="72.0" VPOS="498.3307086614173" HPOS="236.40944881889763" CONTENT="humanisme" ID="tl_23_7" STYLEREFS="FONT0"/>
            <SP HEIGHT="17.5748031496063" WIDTH="5.669291338582677" VPOS="498.3307086614173" HPOS="308.40944881889766"/>
            <String HEIGHT="17.5748031496063" WIDTH="77.38582677165354" VPOS="498.3307086614173" HPOS="291.68503937007875" CONTENT="artistique" ID="tl_23_8" STYLEREFS="FONT0"/>
            <SP HEIGHT="17.5748031496063" WIDTH="5.669291338582677" VPOS="498.3307086614173" HPOS="369.3543307086614"/>
            <String HEIGHT="17.5748031496063" WIDTH="38.83464566929134" VPOS="498.3307086614173" HPOS="352.62992125984255" CONTENT="et," ID="tl_23_9" STYLEREFS="FONT0"/>
            <SP HEIGHT="17.5748031496063" WIDTH="5.669291338582677" VPOS="498.3307086614173" HPOS="391.46456692913387"/>
            <String HEIGHT="17.5748031496063" WIDTH="27.77952755905512" VPOS="498.3307086614173" HPOS="374.74015748031496" CONTENT="à" ID="tl_23_10" STYLEREFS="FONT0"/>
            <SP HEIGHT="17.5748031496063" WIDTH="5.669291338582677" VPOS="498.3307086614173" HPOS="402.5196850393701"/>
            <String HEIGHT="17.5748031496063" WIDTH="44.22047244094488" VPOS="498.3307086614173" HPOS="385.79527559055117" CONTENT="plus" ID="tl_23_11" STYLEREFS="FONT0"/>
            <SP HEIGHT="17.5748031496063" WIDTH="5.669291338582677" VPOS="498.3307086614173" HPOS="430.01574803149606"/>
            <String HEIGHT="17.5748031496063" WIDTH="38.83464566929134" VPOS="498.3307086614173" HPOS="407.90551181102364" CONTENT="forte" ID="tl_23_12" STYLEREFS="FONT0"/>
          </TextLine>
          <TextLine ID="tl_24" BASELINE="1858" HEIGHT="15.590551181102363" WIDTH="404.78740157480314" VPOS="511.0866141732283" HPOS="42.803149606299215">
            <String HEIGHT="15.590551181102363" WIDTH="62.645669291338585" VPOS="511.0866141732283" HPOS="37.13385826771653" CONTENT="raison," ID="tl_24_1" STYLEREFS="FONT0"/>
            <SP HEIGHT="15.590551181102363" WIDTH="5.669291338582677" VPOS="511.0866141732283" HPOS="99.77952755905511"/>
            <String HEIGHT="15.590551181102363" WIDTH="39.968503937007874" VPOS="511.0866141732283" HPOS="82.77165354330708" CONTENT="des" ID="tl_24_2" STYLEREFS="FONT0"/>
            <SP HEIGHT="15.590551181102363" WIDTH="5.669291338582677" VPOS="511.0866141732283" HPOS="122.74015748031496"/>
            <String HEIGHT="15.590551181102363" WIDTH="79.93700787401575" VPOS="511.0866141732283" HPOS="105.44881889763779" CONTENT="beaux-arts" ID="tl_24_3" STYLEREFS="FONT0"/>
            <SP HEIGHT="15.590551181102363" WIDTH="5.669291338582677" VPOS="511.0866141732283" HPOS="185.38582677165354"/>
            <String HEIGHT="15.590551181102363" WIDTH="68.31496062992126" VPOS="511.0866141732283" HPOS="168.09448818897638" CONTENT="hongrois" ID="tl_24_4" STYLEREFS="FONT0"/>
            <SP HEIGHT="15.590551181102363" WIDTH="5.669291338582677" VPOS="511.0866141732283" HPOS="236.69291338582678"/>
            <String HEIGHT="15.590551181102363" WIDTH="68.31496062992126" VPOS="511.0866141732283" HPOS="219.4015748031496" CONTENT="modernes" ID="tl_24_5" STYLEREFS="FONT0"/>
            <SP HEIGHT="15.590551181102363" WIDTH="5.669291338582677" VPOS="511.0866141732283" HPOS="288.0"/>
            <String HEIGHT="15.590551181102363" WIDTH="28.62992125984252" VPOS="511.0866141732283" HPOS="270.99212598425197" CONTENT="—" ID="tl_24_6" STYLEREFS="FONT0"/>
            <SP HEIGHT="15.590551181102363" WIDTH="5.669291338582677" VPOS="511.0866141732283" HPOS="299.33858267716533"/>
            <String HEIGHT="15.590551181102363" WIDTH="56.976377952755904" VPOS="511.0866141732283" HPOS="282.3307086614173" CONTENT="exige," ID="tl_24_7" STYLEREFS="FONT0"/>
            <SP HEIGHT="15.590551181102363" WIDTH="5.669291338582677" VPOS="511.0866141732283" HPOS="339.3070866141732"/>
            <String HEIGHT="15.590551181102363" WIDTH="51.30708661417323" VPOS="511.0866141732283" HPOS="322.2992125984252" CONTENT="outre" ID="tl_24_8" STYLEREFS="FONT0"/>
            <SP HEIGHT="15.590551181102363" WIDTH="5.669291338582677" VPOS="511.0866141732283" HPOS="373.6062992125984"/>
            <String HEIGHT="15.590551181102363" WIDTH="34.2992125984252" VPOS="511.0866141732283" HPOS="356.31496062992125" CONTENT="la" ID="tl_24_9" STYLEREFS="FONT0"/>
            <SP HEIGHT="15.590551181102363" WIDTH="5.669291338582677" VPOS="511.0866141732283" HPOS="390.61417322834643"/>
            <String HEIGHT="15.590551181102363" WIDTH="79.93700787401575" VPOS="511.0866141732283" HPOS="373.6062992125984" CONTENT="conformité" ID="tl_24_10" STYLEREFS="FONT0"/>
            <SP HEIGHT="15.590551181102363" WIDTH="5.669291338582677" VPOS="511.0866141732283" HPOS="453.25984251968504"/>
            <String HEIGHT="15.590551181102363" WIDTH="17.007874015748033" VPOS="511.0866141732283" HPOS="430.5826771653543" CONTENT="à" ID="tl_24_11" STYLEREFS="FONT0"/>
          </TextLine>
          <TextLine ID="tl_25" BASELINE="1913" HEIGHT="14.456692913385826" WIDTH="404.503937007874" VPOS="527.8110236220473" HPOS="42.803149606299215">
            <String HEIGHT="14.456692913385826" WIDTH="62.92913385826772" VPOS="527.8110236220473" HPOS="37.41732283464567" CONTENT="l’esprit" ID="tl_25_1" STYLEREFS="FONT0"/>
            <SP HEIGHT="14.456692913385826" WIDTH="5.3858267716535435" VPOS="527.8110236220473" HPOS="100.62992125984252"/>
            <String HEIGHT="14.456692913385826" WIDTH="31.46456692913386" VPOS="527.8110236220473" HPOS="84.75590551181102" CONTENT="du" ID="tl_25_2" STYLEREFS="FONT0"/>
            <SP HEIGHT="14.456692913385826" WIDTH="5.3858267716535435" VPOS="527.8110236220473" HPOS="116.22047244094489"/>
            <String HEIGHT="14.456692913385826" WIDTH="52.44094488188976" VPOS="527.8110236220473" HPOS="100.62992125984252" CONTENT="temps," ID="tl_25_3" STYLEREFS="FONT0"/>
            <SP HEIGHT="14.456692913385826" WIDTH="5.3858267716535435" VPOS="527.8110236220473" HPOS="153.0708661417323"/>
            <String HEIGHT="14.456692913385826" WIDTH="36.8503937007874" VPOS="527.8110236220473" HPOS="137.48031496062993" CONTENT="une" ID="tl_25_4" STYLEREFS="FONT0"/>
            <SP HEIGHT="14.456692913385826" WIDTH="5.3858267716535435" VPOS="527.8110236220473" HPOS="174.04724409448818"/>
            <String HEIGHT="14.456692913385826" WIDTH="99.77952755905511" VPOS="527.8110236220473" HPOS="158.45669291338584" CONTENT="intelligibilité" ID="tl_25_5" STYLEREFS="FONT0"/>
            <SP HEIGHT="14.456692913385826" WIDTH="5.3858267716535435" VPOS="527.8110236220473" HPOS="258.23622047244095"/>
            <String HEIGHT="14.456692913385826" WIDTH="36.8503937007874" VPOS="527.8110236220473" HPOS="242.36220472440945" CONTENT="des" ID="tl_25_6" STYLEREFS="FONT0"/>
            <SP HEIGHT="14.456692913385826" WIDTH="5.3858267716535435" VPOS="527.8110236220473" HPOS="279.21259842519686"/>
            <String HEIGHT="14.456692913385826" WIDTH="52.44094488188976" VPOS="527.8110236220473" HPOS="263.33858267716533" CONTENT="formes" ID="tl_25_7" STYLEREFS="FONT0"/>
            <SP HEIGHT="14.456692913385826" WIDTH="5.3858267716535435" VPOS="527.8110236220473" HPOS="316.06299212598424"/>
            <String HEIGHT="14.456692913385826" WIDTH="84.18897637795276" VPOS="527.8110236220473" HPOS="300.18897637795277" CONTENT="d’expression" ID="tl_25_8" STYLEREFS="FONT0"/>
            <SP HEIGHT="14.456692913385826" WIDTH="5.3858267716535435" VPOS="527.8110236220473" HPOS="384.37795275590554"/>
            <String HEIGHT="14.456692913385826" WIDTH="26.362204724409448" VPOS="527.8110236220473" HPOS="368.503937007874" CONTENT="à" ID="tl_25_9" STYLEREFS="FONT0"/>
            <SP HEIGHT="14.456692913385826" WIDTH="5.3858267716535435" VPOS="527.8110236220473" HPOS="394.86614173228344"/>
            <String HEIGHT="14.456692913385826" WIDTH="31.46456692913386" VPOS="527.8110236220473" HPOS="378.99212598425197" CONTENT="la" ID="tl_25_10" STYLEREFS="FONT0"/>
            <SP HEIGHT="14.456692913385826" WIDTH="5.3858267716535435" VPOS="527.8110236220473" HPOS="410.45669291338584"/>
            <String HEIGHT="14.456692913385826" WIDTH="52.44094488188976" VPOS="527.8110236220473" HPOS="394.86614173228344" CONTENT="portée" ID="tl_25_11" STYLEREFS="FONT0"/>
            <SP HEIGHT="14.456692913385826" WIDTH="5.3858267716535435" VPOS="527.8110236220473" HPOS="447.3070866141732"/>
            <String HEIGHT="14.456692913385826" WIDTH="20.976377952755904" VPOS="527.8110236220473" HPOS="426.3307086614173" CONTENT="de" ID="tl_25_12" STYLEREFS="FONT0"/>
          </TextLine>
          <TextLine ID="tl_26" BASELINE="1960" HEIGHT="15.023622047244094" WIDTH="406.20472440944883" VPOS="540.5669291338583" HPOS="41.669291338582674">
            <String HEIGHT="15.023622047244094" WIDTH="45.63779527559055" VPOS="540.5669291338583" HPOS="36.56692913385827" CONTENT="tous." ID="tl_26_1" STYLEREFS="FONT0"/>
            <SP HEIGHT="15.023622047244094" WIDTH="5.102362204724409" VPOS="540.5669291338583" HPOS="82.20472440944881"/>
            <String HEIGHT="15.023622047244094" WIDTH="35.43307086614173" VPOS="540.5669291338583" HPOS="67.18110236220473" CONTENT="Les" ID="tl_26_2" STYLEREFS="FONT0"/>
            <SP HEIGHT="15.023622047244094" WIDTH="5.102362204724409" VPOS="540.5669291338583" HPOS="102.61417322834646"/>
            <String HEIGHT="15.023622047244094" WIDTH="50.74015748031496" VPOS="540.5669291338583" HPOS="87.30708661417323" CONTENT="grands" ID="tl_26_3" STYLEREFS="FONT0"/>
            <SP HEIGHT="15.023622047244094" WIDTH="5.102362204724409" VPOS="540.5669291338583" HPOS="138.04724409448818"/>
            <String HEIGHT="15.023622047244094" WIDTH="60.94488188976378" VPOS="540.5669291338583" HPOS="123.02362204724409" CONTENT="peintres" ID="tl_26_4" STYLEREFS="FONT0"/>
            <SP HEIGHT="15.023622047244094" WIDTH="5.102362204724409" VPOS="540.5669291338583" HPOS="183.96850393700788"/>
            <String HEIGHT="15.023622047244094" WIDTH="30.330708661417322" VPOS="540.5669291338583" HPOS="168.66141732283464" CONTENT="et" ID="tl_26_5" STYLEREFS="FONT0"/>
            <SP HEIGHT="15.023622047244094" WIDTH="5.102362204724409" VPOS="540.5669291338583" HPOS="198.99212598425197"/>
            <String HEIGHT="15.023622047244094" WIDTH="71.14960629921259" VPOS="540.5669291338583" HPOS="183.96850393700788" CONTENT="sculpteurs" ID="tl_26_6" STYLEREFS="FONT0"/>
            <SP HEIGHT="15.023622047244094" WIDTH="5.102362204724409" VPOS="540.5669291338583" HPOS="254.83464566929135"/>
            <String HEIGHT="15.023622047244094" WIDTH="40.53543307086614" VPOS="540.5669291338583" HPOS="239.81102362204723" CONTENT="qui," ID="tl_26_7" STYLEREFS="FONT0"/>
            <SP HEIGHT="15.023622047244094" WIDTH="5.102362204724409" VPOS="540.5669291338583" HPOS="280.34645669291336"/>
            <String HEIGHT="15.023622047244094" WIDTH="35.43307086614173" VPOS="540.5669291338583" HPOS="265.03937007874015" CONTENT="par" ID="tl_26_8" STYLEREFS="FONT0"/>
            <SP HEIGHT="15.023622047244094" WIDTH="5.102362204724409" VPOS="540.5669291338583" HPOS="300.755905511811"/>
            <String HEIGHT="15.023622047244094" WIDTH="40.53543307086614" VPOS="540.5669291338583" HPOS="285.4488188976378" CONTENT="leur" ID="tl_26_9" STYLEREFS="FONT0"/>
            <SP HEIGHT="15.023622047244094" WIDTH="5.102362204724409" VPOS="540.5669291338583" HPOS="325.98425196850394"/>
            <String HEIGHT="15.023622047244094" WIDTH="35.43307086614173" VPOS="540.5669291338583" HPOS="310.6771653543307" CONTENT="vie" ID="tl_26_10" STYLEREFS="FONT0"/>
            <SP HEIGHT="15.023622047244094" WIDTH="5.102362204724409" VPOS="540.5669291338583" HPOS="346.3937007874016"/>
            <String HEIGHT="15.023622047244094" WIDTH="30.330708661417322" VPOS="540.5669291338583" HPOS="331.0866141732283" CONTENT="et" ID="tl_26_11" STYLEREFS="FONT0"/>
            <SP HEIGHT="15.023622047244094" WIDTH="5.102362204724409" VPOS="540.5669291338583" HPOS="361.4173228346457"/>
            <String HEIGHT="15.023622047244094" WIDTH="40.53543307086614" VPOS="540.5669291338583" HPOS="346.3937007874016" CONTENT="leur" ID="tl_26_12" STYLEREFS="FONT0"/>
            <SP HEIGHT="15.023622047244094" WIDTH="5.102362204724409" VPOS="540.5669291338583" HPOS="386.92913385826773"/>
            <String HEIGHT="15.023622047244094" WIDTH="50.74015748031496" VPOS="540.5669291338583" HPOS="371.62204724409446" CONTENT="œuvre," ID="tl_26_13" STYLEREFS="FONT0"/>
            <SP HEIGHT="15.023622047244094" WIDTH="5.102362204724409" VPOS="540.5669291338583" HPOS="422.3622047244094"/>
            <String HEIGHT="15.023622047244094" WIDTH="45.63779527559055" VPOS="540.5669291338583" HPOS="402.23622047244095" CONTENT="servent" ID="tl_26_14" STYLEREFS="FONT0"/>
          </TextLine>
          <TextLine ID="tl_27" BASELINE="2010" HEIGHT="16.15748031496063" WIDTH="405.07086614173227" VPOS="553.6062992125984" HPOS="42.803149606299215">
            <String HEIGHT="16.15748031496063" WIDTH="74.55118110236221" VPOS="553.6062992125984" HPOS="37.41732283464567" CONTENT="d’exemples" ID="tl_27_1" STYLEREFS="FONT0"/>
            <SP HEIGHT="16.15748031496063" WIDTH="5.3858267716535435" VPOS="553.6062992125984" HPOS="111.96850393700787"/>
            <String HEIGHT="16.15748031496063" WIDTH="26.64566929133858" VPOS="553.6062992125984" HPOS="96.09448818897638" CONTENT="à" ID="tl_27_2" STYLEREFS="FONT0"/>
            <SP HEIGHT="16.15748031496063" WIDTH="5.3858267716535435" VPOS="553.6062992125984" HPOS="122.74015748031496"/>
            <String HEIGHT="16.15748031496063" WIDTH="37.41732283464567" VPOS="553.6062992125984" HPOS="106.86614173228347" CONTENT="nos" ID="tl_27_3" STYLEREFS="FONT0"/>
            <SP HEIGHT="16.15748031496063" WIDTH="5.3858267716535435" VPOS="553.6062992125984" HPOS="144.0"/>
            <String HEIGHT="16.15748031496063" WIDTH="53.29133858267716" VPOS="553.6062992125984" HPOS="128.1259842519685" CONTENT="jeunes" ID="tl_27_4" STYLEREFS="FONT0"/>
            <SP HEIGHT="16.15748031496063" WIDTH="5.3858267716535435" VPOS="553.6062992125984" HPOS="181.41732283464566"/>
            <String HEIGHT="16.15748031496063" WIDTH="64.06299212598425" VPOS="553.6062992125984" HPOS="165.25984251968504" CONTENT="artistes" ID="tl_27_5" STYLEREFS="FONT0"/>
            <SP HEIGHT="16.15748031496063" WIDTH="5.3858267716535435" VPOS="553.6062992125984" HPOS="229.3228346456693"/>
            <String HEIGHT="16.15748031496063" WIDTH="37.41732283464567" VPOS="553.6062992125984" HPOS="213.4488188976378" CONTENT="ont" ID="tl_27_6" STYLEREFS="FONT0"/>
            <SP HEIGHT="16.15748031496063" WIDTH="5.3858267716535435" VPOS="553.6062992125984" HPOS="250.58267716535434"/>
            <String HEIGHT="16.15748031496063" WIDTH="64.06299212598425" VPOS="553.6062992125984" HPOS="234.70866141732284" CONTENT="toujours" ID="tl_27_7" STYLEREFS="FONT0"/>
            <SP HEIGHT="16.15748031496063" WIDTH="5.3858267716535435" VPOS="553.6062992125984" HPOS="298.7716535433071"/>
            <String HEIGHT="16.15748031496063" WIDTH="79.93700787401575" VPOS="553.6062992125984" HPOS="282.61417322834643" CONTENT="représenté," ID="tl_27_8" STYLEREFS="FONT0"/>
            <SP HEIGHT="16.15748031496063" WIDTH="5.3858267716535435" VPOS="553.6062992125984" HPOS="362.5511811023622"/>
            <String HEIGHT="16.15748031496063" WIDTH="42.51968503937008" VPOS="553.6062992125984" HPOS="346.6771653543307" CONTENT="avec" ID="tl_27_9" STYLEREFS="FONT0"/>
            <SP HEIGHT="16.15748031496063" WIDTH="5.3858267716535435" VPOS="553.6062992125984" HPOS="389.1968503937008"/>
            <String HEIGHT="16.15748031496063" WIDTH="37.41732283464567" VPOS="553.6062992125984" HPOS="373.3228346456693" CONTENT="une" ID="tl_27_10" STYLEREFS="FONT0"/>
            <SP HEIGHT="16.15748031496063" WIDTH="5.3858267716535435" VPOS="553.6062992125984" HPOS="410.45669291338584"/>
            <String HEIGHT="16.15748031496063" WIDTH="58.67716535433071" VPOS="553.6062992125984" HPOS="389.1968503937008" CONTENT="sincérité" ID="tl_27_11" STYLEREFS="FONT0"/>
          </TextLine>
        </TextBlock>
        <GraphicalElement ID="r_3" HEIGHT="2.267716535433071" WIDTH="495.21259842519686" VPOS="0.0" HPOS="0.0"/>
        <GraphicalElement ID="r_4" HEIGHT="0.28346456692913385" WIDTH="495.21259842519686" VPOS="625.3228346456693" HPOS="0.0"/>
        <GraphicalElement ID="r_5" HEIGHT="625.6062992125984" WIDTH="0.28346456692913385" VPOS="0.0" HPOS="494.92913385826773"/>
      </PrintSpace>
    </Page>
  </Layout>
</alto>
