498.3307086614173 625.6062992125984
442.7716535433071 2.267716535433071 45.63779527559055 23.52755905511811 INDE

95.81102362204724 124.15748031496064 68.31496062992126 22.393700787401574 Commissaire
150.51968503937007 124.15748031496064 50.173228346456696 22.393700787401574 Général
187.08661417322836 124.15748031496064 22.677165354330707 22.393700787401574 :
196.15748031496062 124.15748031496064 41.10236220472441 22.393700787401574 E.
223.37007874015748 124.15748031496064 50.173228346456696 22.393700787401574 Pouchpa
255.4015748031496 124.15748031496064 45.63779527559055 22.393700787401574 Dass

94.96062992125984 143.1496062992126 53.00787401574803 18.141732283464567 Attaché
133.51181102362204 143.1496062992126 57.826771653543304 18.141732283464567 culturel
176.5984251968504 143.1496062992126 38.55118110236221 18.141732283464567 près
200.69291338582678 143.1496062992126 72.0 18.141732283464567 l’Ambassade
258.5196850393701 143.1496062992126 28.913385826771652 18.141732283464567 de
272.9763779527559 143.1496062992126 48.188976377952756 18.141732283464567 l’Inde
306.4251968503937 143.1496062992126 24.094488188976378 18.141732283464567 à
311.244094488189 143.1496062992126 38.55118110236221 18.141732283464567 Paris.

49.32283464566929 206.64566929133858 37.13385826771653 20.409448818897637 Dix
70.58267716535433 206.64566929133858 69.16535433070867 20.409448818897637 peintres,
123.8740157480315 206.64566929133858 42.51968503937008 20.409448818897637 deux
150.51968503937007 206.64566929133858 63.77952755905512 20.409448818897637 artistes
198.4251968503937 206.64566929133858 63.77952755905512 20.409448818897637 graveurs
246.33070866141733 206.64566929133858 32.031496062992126 20.409448818897637 et
262.20472440944883 206.64566929133858 32.031496062992126 20.409448818897637 un
278.0787401574803 206.64566929133858 69.16535433070867 20.409448818897637 sculpteur
331.37007874015745 206.64566929133858 79.93700787401575 20.409448818897637 constituent
395.1496062992126 206.64566929133858 32.031496062992126 20.409448818897637 la
405.9212598425197 206.64566929133858 42.51968503937008 20.409448818897637 parti-

39.68503937007874 224.78740157480314 64.62992125984252 16.440944881889763 cipation
88.15748031496064 224.78740157480314 64.62992125984252 16.440944881889763 indienne
136.62992125984252 224.78740157480314 26.929133858267715 16.440944881889763 à
147.4015748031496 224.78740157480314 32.31496062992126 16.440944881889763 la
163.55905511811022 224.78740157480314 64.62992125984252 16.440944881889763 deuxième
212.03149606299212 224.78740157480314 64.62992125984252 16.440944881889763 Biennale
260.503937007874 224.78740157480314 32.31496062992126 16.440944881889763 de
276.66141732283467 224.78740157480314 53.85826771653543 16.440944881889763 Paris.
314.3622047244094 224.78740157480314 32.31496062992126 16.440944881889763 Le
330.5196850393701 224.78740157480314 48.47244094488189 16.440944881889763 choix
362.8346456692913 224.78740157480314 37.7007874015748 16.440944881889763 des
384.37795275590554 224.78740157480314 64.62992125984252 16.440944881889763 artistes
427.46456692913387 224.78740157480314 21.543307086614174 16.440944881889763 et

39.68503937007874 240.3779527559055 31.46456692913386 14.173228346456693 de
55.55905511811024 240.3779527559055 47.338582677165356 14.173228346456693 leurs
87.02362204724409 240.3779527559055 52.44094488188976 14.173228346456693 œuvres
123.8740157480315 240.3779527559055 26.362204724409448 14.173228346456693 a
134.36220472440945 240.3779527559055 36.8503937007874 14.173228346456693 été
155.33858267716536 240.3779527559055 62.92913385826772 14.173228346456693 effectué
202.6771653543307 240.3779527559055 47.338582677165356 14.173228346456693 selon
234.14173228346456 240.3779527559055 36.8503937007874 14.173228346456693 les
255.11811023622047 240.3779527559055 73.41732283464567 14.173228346456693 conditions
312.9448818897638 240.3779527559055 68.31496062992126 14.173228346456693 stipulées
365.38582677165357 240.3779527559055 36.8503937007874 14.173228346456693 par
386.6456692913386 240.3779527559055 36.8503937007874 14.173228346456693 les
402.23622047244095 240.3779527559055 47.338582677165356 14.173228346456693 organi-

39.68503937007874 248.31496062992127 67.46456692913385 21.543307086614174 sateurs.
90.14173228346456 248.31496062992127 39.40157480314961 21.543307086614174 Les
112.81889763779527 248.31496062992127 89.85826771653544 21.543307086614174 participants
185.66929133858267 248.31496062992127 44.78740157480315 21.543307086614174 sont
213.73228346456693 248.31496062992127 44.78740157480315 21.543307086614174 âgés
241.79527559055117 248.31496062992127 33.732283464566926 21.543307086614174 de
258.5196850393701 248.31496062992127 50.45669291338583 21.543307086614174 moins
292.251968503937 248.31496062992127 33.732283464566926 21.543307086614174 de
308.9763779527559 248.31496062992127 84.18897637795276 21.543307086614174 trente-cinq
376.4409448818898 248.31496062992127 39.40157480314961 21.543307086614174 ans
398.8346456692913 248.31496062992127 33.732283464566926 21.543307086614174 et
409.8897637795276 248.31496062992127 39.40157480314961 21.543307086614174 leurs

39.968503937007874 269.29133858267716 53.574803149606296 13.606299212598426 œuvres
77.66929133858268 269.29133858267716 69.73228346456693 13.606299212598426 expriment
131.24409448818898 269.29133858267716 75.11811023622047 13.606299212598426 réellement
190.20472440944883 269.29133858267716 37.41732283464567 13.606299212598426 les
211.748031496063 269.29133858267716 69.73228346456693 13.606299212598426 tendances
265.3228346456693 269.29133858267716 69.73228346456693 13.606299212598426 actuelles
318.8976377952756 269.29133858267716 32.31496062992126 13.606299212598426 de
335.0551181102362 269.29133858267716 48.188976377952756 13.606299212598426 l’art
367.37007874015745 269.29133858267716 32.31496062992126 13.606299212598426 en
378.1417322834646 269.29133858267716 37.41732283464567 13.606299212598426 Inde.

50.45669291338583 272.9763779527559 43.93700787401575 24.661417322834644 Deux
77.66929133858268 272.9763779527559 60.37795275590551 24.661417322834644 d’entre
121.60629921259843 272.9763779527559 43.93700787401575 24.661417322834644 eux,
148.8188976377953 272.9763779527559 54.70866141732284 24.661417322834644 Laxman
187.37007874015748 272.9763779527559 38.267716535433074 24.661417322834644 Pai
209.1968503937008 272.9763779527559 32.881889763779526 24.661417322834644 et
225.63779527559055 272.9763779527559 49.32283464566929 24.661417322834644 Akbar
258.5196850393701 272.9763779527559 71.14960629921259 24.661417322834644 Padamsee,
313.2283464566929 272.9763779527559 65.76377952755905 24.661417322834644 résident
362.5511811023622 272.9763779527559 27.496062992125985 24.661417322834644 à
373.6062992125984 272.9763779527559 49.32283464566929 24.661417322834644 Paris
406.20472440944883 272.9763779527559 32.881889763779526 24.661417322834644 et
417.25984251968504 272.9763779527559 32.881889763779526 24.661417322834644 sont

40.53543307086614 296.78740157480314 75.4015748031496 13.606299212598426 considérés
99.77952755905511 296.78740157480314 48.47244094488189 13.606299212598426 comme
132.09448818897638 296.78740157480314 37.7007874015748 13.606299212598426 des
153.63779527559055 296.78740157480314 64.62992125984252 13.606299212598426 peintres
202.11023622047244 296.78740157480314 32.31496062992126 13.606299212598426 de
218.26771653543307 296.78740157480314 59.24409448818898 13.606299212598426 talent.
261.6377952755906 296.78740157480314 59.24409448818898 13.606299212598426 Avinash
304.7244094488189 296.78740157480314 64.62992125984252 13.606299212598426 Chandra,
353.1968503937008 296.78740157480314 43.08661417322835 13.606299212598426 lui,
380.12598425196853 296.78740157480314 48.47244094488189 13.606299212598426 s’est
407.0551181102362 296.78740157480314 43.08661417322835 13.606299212598426 acquis

40.818897637795274 308.40944881889766 36.28346456692913 15.874015748031496 une
61.511811023622045 308.40944881889766 46.77165354330709 15.874015748031496 place
92.69291338582677 308.40944881889766 31.181102362204726 15.874015748031496 de
108.28346456692914 308.40944881889766 56.976377952755904 15.874015748031496 peintre
149.66929133858267 308.40944881889766 51.874015748031496 15.874015748031496 réputé
185.95275590551182 308.40944881889766 25.79527559055118 15.874015748031496 à
196.44094488188978 308.40944881889766 62.36220472440945 15.874015748031496 Londres,
242.9291338582677 308.40944881889766 31.181102362204726 15.874015748031496 où
258.5196850393701 308.40944881889766 31.181102362204726 15.874015748031496 il
274.1102362204724 308.40944881889766 25.79527559055118 15.874015748031496 a
284.59842519685037 308.40944881889766 51.874015748031496 15.874015748031496 établi
320.88188976377955 308.40944881889766 31.181102362204726 15.874015748031496 sa
336.4724409448819 308.40944881889766 72.56692913385827 15.874015748031496 résidence.
393.4488188976378 308.40944881889766 36.28346456692913 15.874015748031496 Les
409.03937007874015 308.40944881889766 41.38582677165354 15.874015748031496 autres

40.25196850393701 325.13385826771656 67.46456692913385 14.173228346456693 artistes
90.70866141732283 325.13385826771656 61.79527559055118 14.173228346456693 choisis
135.7795275590551 325.13385826771656 44.78740157480315 14.173228346456693 sont
163.84251968503938 325.13385826771656 84.18897637795276 14.173228346456693 extrêmement
231.0236220472441 325.13385826771656 50.45669291338583 14.173228346456693 doués
264.755905511811 325.13385826771656 44.78740157480315 14.173228346456693 bien
292.81889763779526 325.13385826771656 56.125984251968504 14.173228346456693 qu’ils
331.93700787401576 325.13385826771656 56.125984251968504 14.173228346456693 soient
371.33858267716533 325.13385826771656 39.40157480314961 14.173228346456693 peu
393.73228346456693 325.13385826771656 56.125984251968504 14.173228346456693 connus
427.46456692913387 325.13385826771656 22.393700787401574 14.173228346456693 en

41.10236220472441 336.755905511811 54.70866141732284 18.4251968503937 dehors
79.37007874015748 336.755905511811 32.881889763779526 18.4251968503937 de
95.5275590551181 336.755905511811 43.653543307086615 18.4251968503937 leur
123.02362204724409 336.755905511811 54.70866141732284 18.4251968503937 sphère
161.29133858267716 336.755905511811 81.92125984251969 18.4251968503937 d’activité.
226.77165354330708 336.755905511811 38.267716535433074 18.4251968503937 Ils
248.5984251968504 336.755905511811 71.14960629921259 18.4251968503937 possèdent
303.3070866141732 336.755905511811 43.653543307086615 18.4251968503937 tous
330.5196850393701 336.755905511811 38.267716535433074 18.4251968503937 une
352.34645669291336 336.755905511811 65.48031496062993 18.4251968503937 profonde
396.0 336.755905511811 54.70866141732284 18.4251968503937 maîtrise

41.10236220472441 351.21259842519686 31.181102362204726 15.874015748031496 de
56.69291338582677 351.21259842519686 46.77165354330709 15.874015748031496 l’art
87.59055118110236 351.21259842519686 56.976377952755904 15.874015748031496 indien,
129.25984251968504 351.21259842519686 41.38582677165354 15.874015748031496 tout
155.0551181102362 351.21259842519686 31.181102362204726 15.874015748031496 en
170.64566929133858 351.21259842519686 46.77165354330709 15.874015748031496 étant
201.82677165354332 351.21259842519686 56.976377952755904 15.874015748031496 ouverts
243.21259842519686 351.21259842519686 25.79527559055118 15.874015748031496 à
253.70078740157481 351.21259842519686 51.874015748031496 15.874015748031496 toutes
289.98425196850394 351.21259842519686 67.46456692913385 15.874015748031496 nouvelles
341.8582677165354 351.21259842519686 56.976377952755904 15.874015748031496 valeurs
378.1417322834646 351.21259842519686 72.56692913385827 15.874015748031496 esthétiques.

40.818897637795274 368.2204724409449 35.1496062992126 14.173228346456693 Ce
58.39370078740158 368.2204724409449 46.77165354330709 14.173228346456693 sont
87.8740157480315 368.2204724409449 41.10236220472441 14.173228346456693 des
111.11811023622047 368.2204724409449 117.07086614173228 14.173228346456693 expérimentateurs
210.61417322834646 368.2204724409449 70.2992125984252 14.173228346456693 ardents,
263.33858267716533 368.2204724409449 87.8740157480315 14.173228346456693 constamment
333.6377952755906 368.2204724409449 29.19685039370079 14.173228346456693 à
345.25984251968504 368.2204724409449 35.1496062992126 14.173228346456693 la
362.8346456692913 368.2204724409449 75.96850393700787 14.173228346456693 recherche
415.5590551181102 368.2204724409449 35.1496062992126 14.173228346456693 d’un

41.10236220472441 382.1102362204724 56.125984251968504 15.874015748031496 idiome
80.50393700787401 382.1102362204724 78.51968503937007 15.874015748031496 artistique
142.29921259842519 382.1102362204724 39.40157480314961 15.874015748031496 qui
164.69291338582678 382.1102362204724 45.07086614173228 15.874015748031496 soit
192.75590551181102 382.1102362204724 33.732283464566926 15.874015748031496 de
209.76377952755905 382.1102362204724 78.51968503937007 15.874015748031496 conception
271.5590551181102 382.1102362204724 67.46456692913385 15.874015748031496 moderne,
322.01574803149606 382.1102362204724 45.07086614173228 15.874015748031496 tout
350.0787401574803 382.1102362204724 33.732283464566926 15.874015748031496 en
367.0866141732283 382.1102362204724 78.51968503937007 15.874015748031496 conservant
423.21259842519686 382.1102362204724 28.062992125984252 15.874015748031496 les

42.23622047244095 393.4488188976378 56.125984251968504 19.559055118110237 sources
83.05511811023622 393.4488188976378 86.74015748031496 19.559055118110237 d’inspiration
154.77165354330708 393.4488188976378 30.614173228346456 19.559055118110237 de
170.07874015748033 393.4488188976378 45.92125984251968 19.559055118110237 l’art
195.59055118110237 393.4488188976378 45.92125984251968 19.559055118110237 indien.

51.59055118110236 411.59055118110234 29.763779527559056 13.039370078740157 Il
66.33070866141732 411.59055118110234 34.58267716535433 13.039370078740157 est
86.1732283464567 411.59055118110234 49.32283464566929 13.039370078740157 encore
120.75590551181102 411.59055118110234 64.34645669291339 13.039370078740157 difficile
170.07874015748033 411.59055118110234 64.34645669291339 13.039370078740157 d’établir
219.4015748031496 411.59055118110234 39.68503937007874 13.039370078740157 dans
244.3464566929134 411.59055118110234 49.32283464566929 13.039370078740157 quelle
278.92913385826773 411.59055118110234 49.32283464566929 13.039370078740157 mesure
313.51181102362204 411.59055118110234 34.58267716535433 13.039370078740157 ils
333.3543307086614 411.59055118110234 24.661417322834644 13.039370078740157 y
342.99212598425197 411.59055118110234 74.26771653543307 13.039370078740157 réussissent
402.5196850393701 411.59055118110234 29.763779527559056 13.039370078740157 et
412.4409448818898 411.59055118110234 39.68503937007874 13.039370078740157 encore

-8.78740157480315 422.6456692913386 48.47244094488189 18.708661417322833 trop
21.25984251968504 422.6456692913386 42.51968503937008 18.708661417322833 tôt
45.63779527559055 422.6456692913386 48.47244094488189 18.708661417322833 pour
75.96850393700787 422.6456692913386 90.99212598425197 18.708661417322833 prophétiser
148.53543307086613 422.6456692913386 54.425196850393704 18.708661417322833 s’ils
185.10236220472441 422.6456692913386 60.661417322834644 18.708661417322833 seront
227.33858267716536 422.6456692913386 72.56692913385827 18.708661417322833 désignés
282.0472440944882 422.6456692913386 42.51968503937008 18.708661417322833 par
306.1417322834646 422.6456692913386 42.51968503937008 18.708661417322833 les
330.5196850393701 422.6456692913386 90.99212598425197 18.708661417322833 générations
397.13385826771656 422.6456692913386 54.425196850393704 18.708661417322833 futures

42.51968503937008 438.23622047244095 38.55118110236221 15.307086614173228 pour
66.61417322834646 438.23622047244095 53.00787401574803 15.307086614173228 prendre
105.16535433070867 438.23622047244095 43.37007874015748 15.307086614173228 place
134.07874015748033 438.23622047244095 38.55118110236221 15.307086614173228 dans
158.17322834645668 438.23622047244095 67.46456692913385 15.307086614173228 l’histoire
211.1811023622047 438.23622047244095 28.913385826771652 15.307086614173228 de
225.63779527559055 438.23622047244095 48.188976377952756 15.307086614173228 l’art.
259.65354330708664 438.23622047244095 38.55118110236221 15.307086614173228 Leur
283.748031496063 438.23622047244095 67.46456692913385 15.307086614173228 sincérité,
336.755905511811 438.23622047244095 38.55118110236221 15.307086614173228 leur
360.8503937007874 438.23622047244095 38.55118110236221 15.307086614173228 foi,
384.9448818897638 438.23622047244095 38.55118110236221 15.307086614173228 leur
404.2204724409449 438.23622047244095 48.188976377952756 15.307086614173228 habileté

42.23622047244095 451.2755905511811 32.881889763779526 18.992125984251967 de
58.67716535433071 451.2755905511811 60.09448818897638 18.992125984251967 peintre
102.33070866141732 451.2755905511811 43.653543307086615 18.992125984251967 sont
129.82677165354332 451.2755905511811 76.53543307086615 18.992125984251967 évidentes.
189.92125984251967 451.2755905511811 43.653543307086615 18.992125984251967 Leur
217.41732283464566 451.2755905511811 65.76377952755905 18.992125984251967 maîtrise
266.45669291338584 451.2755905511811 43.653543307086615 18.992125984251967 dans
293.9527559055118 451.2755905511811 38.267716535433074 18.992125984251967 les
315.7795275590551 451.2755905511811 54.70866141732284 18.992125984251967 autres
354.0472440944882 451.2755905511811 65.76377952755905 18.992125984251967 domaines
403.37007874015745 451.2755905511811 38.267716535433074 18.992125984251967 des
419.81102362204723 451.2755905511811 32.881889763779526 18.992125984251967 arts

42.51968503937008 466.5826771653543 76.53543307086615 16.724409448818896 plastiques
102.61417322834646 466.5826771653543 38.267716535433074 16.724409448818896 est
124.44094488188976 466.5826771653543 71.14960629921259 16.724409448818896 également
179.1496062992126 466.5826771653543 81.92125984251969 16.724409448818896 indéniable.
244.62992125984252 466.5826771653543 49.32283464566929 16.724409448818896 Leurs
277.51181102362204 466.5826771653543 54.70866141732284 16.724409448818896 toiles
315.7795275590551 466.5826771653543 71.14960629921259 16.724409448818896 englobent
370.48818897637796 466.5826771653543 38.267716535433074 16.724409448818896 les
392.31496062992125 466.5826771653543 54.70866141732284 16.724409448818896 sujets
425.1968503937008 466.5826771653543 27.212598425196852 16.724409448818896 les

42.51968503937008 483.59055118110234 43.08661417322835 13.606299212598426 plus
69.44881889763779 483.59055118110234 59.24409448818898 13.606299212598426 divers;
112.53543307086615 483.59055118110234 53.85826771653543 13.606299212598426 toiles
150.23622047244095 483.59055118110234 80.78740157480316 13.606299212598426 abstraites,
214.86614173228347 483.59055118110234 107.71653543307086 13.606299212598426 expressionnistes
306.70866141732284 483.59055118110234 32.31496062992126 13.606299212598426 et
322.86614173228344 483.59055118110234 70.01574803149606 13.606299212598426 ensembles
376.7244094488189 483.59055118110234 75.4015748031496 13.606299212598426 décoratifs
430.5826771653543 483.59055118110234 21.543307086614174 13.606299212598426 en

42.23622047244095 493.79527559055117 44.503937007874015 17.007874015748033 sont
70.01574803149606 493.79527559055117 38.83464566929134 17.007874015748033 les
92.40944881889764 493.79527559055117 55.55905511811024 17.007874015748033 traits
131.24409448818898 493.79527559055117 77.66929133858268 17.007874015748033 dominants.
192.18897637795277 493.79527559055117 33.16535433070866 17.007874015748033 La
208.91338582677164 493.79527559055117 72.0 17.007874015748033 sculpture
264.18897637795277 493.79527559055117 66.61417322834646 17.007874015748033 présente
314.3622047244094 493.79527559055117 38.83464566929134 17.007874015748033 une
336.4724409448819 493.79527559055117 55.55905511811024 17.007874015748033 grande
375.3070866141732 493.79527559055117 77.66929133858268 17.007874015748033 simplicité
430.86614173228344 493.79527559055117 22.11023622047244 17.007874015748033 de

35.71653543307087 510.5196850393701 55.84251968503937 17.291338582677167 formes.

53.00787401574803 524.9763779527559 32.031496062992126 15.874015748031496 En
69.16535433070867 524.9763779527559 53.574803149606296 15.874015748031496 raison
106.58267716535433 524.9763779527559 32.031496062992126 15.874015748031496 de
122.45669291338582 524.9763779527559 64.06299212598425 15.874015748031496 l’espace
170.64566929133858 524.9763779527559 53.574803149606296 15.874015748031496 limité
208.06299212598427 524.9763779527559 58.67716535433071 15.874015748031496 accordé
250.86614173228347 524.9763779527559 37.41732283464567 15.874015748031496 aux
272.12598425196853 524.9763779527559 69.44881889763779 15.874015748031496 exposants
325.7007874015748 524.9763779527559 64.06299212598425 15.874015748031496 indiens,
373.6062992125984 524.9763779527559 37.41732283464567 15.874015748031496 une
389.76377952755905 524.9763779527559 64.06299212598425 15.874015748031496 participa-

42.23622047244095 537.7322834645669 43.37007874015748 19.84251968503937 tion
69.16535433070867 537.7322834645669 43.37007874015748 19.84251968503937 plus
96.37795275590551 537.7322834645669 59.52755905511811 19.84251968503937 étendue
139.46456692913387 537.7322834645669 48.75590551181102 19.84251968503937 s’est
172.06299212598427 537.7322834645669 54.14173228346457 19.84251968503937 avérée
209.76377952755905 537.7322834645669 81.07086614173228 19.84251968503937 impossible,
274.6771653543307 537.7322834645669 43.37007874015748 19.84251968503937 mais
301.8897637795276 537.7322834645669 37.98425196850393 19.84251968503937 les
323.43307086614175 537.7322834645669 64.91338582677166 19.84251968503937 artistes
372.18897637795277 537.7322834645669 59.52755905511811 19.84251968503937 choisis
409.8897637795276 537.7322834645669 43.37007874015748 19.84251968503937 repré-

43.37007874015748 552.4724409448819 56.40944881889764 18.4251968503937 sentent
84.4724409448819 552.4724409448819 30.89763779527559 18.4251968503937 un
99.77952755905511 552.4724409448819 51.30708661417323 18.4251968503937 aspect
135.7795275590551 552.4724409448819 97.51181102362204 18.4251968503937 caractéristique
217.98425196850394 552.4724409448819 30.89763779527559 18.4251968503937 de
233.5748031496063 552.4724409448819 46.20472440944882 18.4251968503937 l’art
264.18897637795277 552.4724409448819 51.30708661417323 18.4251968503937 indien
295.0866141732283 552.4724409448819 82.20472440944881 18.4251968503937 d’aujourd’hui.

402.5196850393701 597.5433070866142 29.480314960629922 14.173228346456693 55
