519.5905511811023 625.6062992125984
382.3937007874016 3.4015748031496065 113.10236220472441 21.25984251968504 PHILIPPINES

58.67716535433071 31.46456692913386 27.212598425196852 25.511811023622048 A
69.44881889763779 31.46456692913386 54.14173228346457 25.511811023622048 Paris,
107.43307086614173 31.46456692913386 92.1259842519685 25.511811023622048 actuellement,
183.11811023622047 31.46456692913386 64.91338582677166 25.511811023622048 Zalameda
231.8740157480315 31.46456692913386 37.98425196850393 25.511811023622048 est
253.70078740157481 31.46456692913386 32.59842519685039 25.511811023622048 un
269.8582677165354 31.46456692913386 59.52755905511811 25.511811023622048 peintre
313.2283464566929 31.46456692913386 70.2992125984252 25.511811023622048 abstrait;
367.37007874015745 31.46456692913386 32.59842519685039 25.511811023622048 né
383.81102362204723 31.46456692913386 27.212598425196852 25.511811023622048 à
394.5826771653543 31.46456692913386 59.52755905511811 25.511811023622048 Manille
432.56692913385825 31.46456692913386 21.543307086614174 25.511811023622048 en

49.32283464566929 50.173228346456696 43.08661417322835 19.84251968503937 1930,
77.95275590551181 50.173228346456696 28.62992125984252 19.84251968503937 il
92.40944881889764 50.173228346456696 23.811023622047244 19.84251968503937 a
101.76377952755905 50.173228346456696 38.267716535433074 19.84251968503937 fait
125.5748031496063 50.173228346456696 33.44881889763779 19.84251968503937 ses
144.8503937007874 50.173228346456696 47.62204724409449 19.84251968503937 études
178.29921259842519 50.173228346456696 23.811023622047244 19.84251968503937 à
187.6535433070866 50.173228346456696 76.25196850393701 19.84251968503937 l’Université
249.73228346456693 50.173228346456696 28.62992125984252 19.84251968503937 de
264.18897637795277 50.173228346456696 43.08661417322835 19.84251968503937 Santo
292.81889763779526 50.173228346456696 43.08661417322835 19.84251968503937 Tomas
321.4488188976378 50.173228346456696 28.62992125984252 19.84251968503937 (à
335.62204724409446 50.173228346456696 57.25984251968504 19.84251968503937 Manille,
378.70866141732284 50.173228346456696 28.62992125984252 19.84251968503937 il
392.88188976377955 50.173228346456696 33.44881889763779 19.84251968503937 est
407.33858267716533 50.173228346456696 47.62204724409449 19.84251968503937 licencié

49.32283464566929 62.07874015748032 36.0 19.84251968503937 des
69.73228346456693 62.07874015748032 76.81889763779527 19.84251968503937 Beaux-Arts)
131.24409448818898 62.07874015748032 30.89763779527559 19.84251968503937 et
146.83464566929135 62.07874015748032 25.511811023622048 19.84251968503937 à
157.03937007874015 62.07874015748032 46.20472440944882 19.84251968503937 l’Art
187.6535433070866 62.07874015748032 51.30708661417323 19.84251968503937 League
223.6535433070866 62.07874015748032 30.89763779527559 19.84251968503937 of
238.96062992125985 62.07874015748032 71.71653543307086 19.84251968503937 California
295.37007874015745 62.07874015748032 25.511811023622048 19.84251968503937 à
305.5748031496063 62.07874015748032 36.0 19.84251968503937 San
326.26771653543307 62.07874015748032 71.71653543307086 19.84251968503937 Francisco.
377.5748031496063 62.07874015748032 76.81889763779527 19.84251968503937 L’abstraction

49.039370078740156 78.80314960629921 32.59842519685039 15.590551181102363 de
65.19685039370079 78.80314960629921 64.91338582677166 15.590551181102363 Zalameda
113.95275590551181 78.80314960629921 48.75590551181102 15.590551181102363 n’est
146.5511811023622 78.80314960629921 59.52755905511811 15.590551181102363 presque
189.92125984251967 78.80314960629921 54.14173228346457 15.590551181102363 jamais
227.6220472440945 78.80314960629921 59.52755905511811 15.590551181102363 totale,
270.99212598425197 78.80314960629921 43.37007874015748 15.590551181102363 elle
298.20472440944883 78.80314960629921 37.98425196850393 15.590551181102363 est
319.748031496063 78.80314960629921 92.1259842519685 15.590551181102363 transparente,
395.7165354330709 78.80314960629921 32.59842519685039 15.590551181102363 en
411.87401574803147 78.80314960629921 32.59842519685039 15.590551181102363 ce
422.6456692913386 78.80314960629921 32.59842519685039 15.590551181102363 sens

49.60629921259842 91.2755905511811 46.20472440944882 15.590551181102363 qu’il
80.50393700787401 91.2755905511811 66.61417322834646 15.590551181102363 construit
131.81102362204723 91.2755905511811 36.0 15.590551181102363 ses
152.2204724409449 91.2755905511811 51.30708661417323 15.590551181102363 œuvres
188.2204724409449 91.2755905511811 30.89763779527559 15.590551181102363 en
203.5275590551181 91.2755905511811 56.40944881889764 15.590551181102363 partant
244.62992125984252 91.2755905511811 71.71653543307086 15.590551181102363 d’éléments
301.03937007874015 91.2755905511811 77.10236220472441 15.590551181102363 figuratifs,
362.5511811023622 91.2755905511811 30.89763779527559 15.590551181102363 de
377.8582677165354 91.2755905511811 51.30708661417323 15.590551181102363 thèmes
413.8582677165354 91.2755905511811 30.89763779527559 15.590551181102363 si
424.06299212598424 91.2755905511811 30.89763779527559 15.590551181102363 l’on

49.32283464566929 101.76377952755905 63.21259842519685 22.11023622047244 préfère,
96.94488188976378 101.76377952755905 47.338582677165356 22.11023622047244 qu’il
128.40944881889763 101.76377952755905 68.5984251968504 22.11023622047244 transpose
181.13385826771653 101.76377952755905 73.7007874015748 22.11023622047244 d’ailleurs
239.24409448818898 101.76377952755905 42.23622047244095 22.11023622047244 avec
265.6062992125984 101.76377952755905 36.8503937007874 22.11023622047244 une
286.5826771653543 101.76377952755905 58.110236220472444 22.11023622047244 extrême
328.81889763779526 101.76377952755905 58.110236220472444 22.11023622047244 pudeur.
371.0551181102362 101.76377952755905 31.748031496062993 22.11023622047244 La
381.54330708661416 101.76377952755905 73.7007874015748 22.11023622047244 construction

49.60629921259842 117.63779527559055 36.56692913385827 15.307086614173228 est
70.2992125984252 117.63779527559055 78.23622047244095 15.307086614173228 rigoureuse,
132.9448818897638 117.63779527559055 67.74803149606299 15.307086614173228 classique
185.10236220472441 117.63779527559055 47.05511811023622 15.307086614173228 comme
216.28346456692913 117.63779527559055 47.05511811023622 15.307086614173228 l’art
247.46456692913387 117.63779527559055 31.181102362204726 15.307086614173228 de
263.33858267716533 117.63779527559055 31.181102362204726 15.307086614173228 la
278.92913385826773 117.63779527559055 52.15748031496063 15.307086614173228 fugue;
315.21259842519686 117.63779527559055 62.645669291338585 15.307086614173228 ajoutons
362.26771653543307 117.63779527559055 26.078740157480315 15.307086614173228 à
372.755905511811 117.63779527559055 41.669291338582674 15.307086614173228 cela
398.8346456692913 117.63779527559055 36.56692913385827 15.307086614173228 une
414.4251968503937 117.63779527559055 41.669291338582674 15.307086614173228 grande

50.45669291338583 126.99212598425197 61.79527559055118 19.84251968503937 richesse
96.66141732283465 126.99212598425197 30.89763779527559 19.84251968503937 de
111.96850393700787 126.99212598425197 61.79527559055118 19.84251968503937 coloris,
158.45669291338584 126.99212598425197 51.30708661417323 19.84251968503937 telles
194.17322834645668 126.99212598425197 41.10236220472441 19.84251968503937 sont
219.96850393700788 126.99212598425197 36.0 19.84251968503937 les
240.66141732283464 126.99212598425197 102.89763779527559 19.84251968503937 caractéristiques
327.9685039370079 126.99212598425197 82.20472440944881 19.84251968503937 essentielles
394.5826771653543 126.99212598425197 30.89763779527559 19.84251968503937 de
410.1732283464567 126.99212598425197 36.0 19.84251968503937 son
425.4803149606299 126.99212598425197 30.89763779527559 19.84251968503937 art.

344.40944881889766 188.2204724409449 73.41732283464567 16.15748031496063 Esperanza
395.1496062992126 188.2204724409449 62.07874015748032 16.15748031496063 Zacarias.

188.78740157480314 277.2283464566929 70.58267716535433 17.858267716535433 SECTION
240.3779527559055 277.2283464566929 51.30708661417323 17.858267716535433 ARTS
265.8897637795276 277.2283464566929 77.10236220472441 17.858267716535433 PLASTIQUES

206.07874015748033 291.68503937007875 75.11811023622047 17.291338582677167 PEINTURE
262.20472440944883 291.68503937007875 37.41732283464567 17.291338582677167 ET
274.96062992125985 291.68503937007875 49.889763779527556 17.291338582677167 DESSIN

73.98425196850394 317.76377952755905 55.55905511811024 17.291338582677167 Nena
114.51968503937007 317.76377952755905 75.96850393700787 17.291338582677167 SAGUIL
175.1811023622047 317.76377952755905 35.43307086614173 17.291338582677167 née
195.30708661417322 317.76377952755905 25.228346456692915 17.291338582677167 à
205.51181102362204 317.76377952755905 55.55905511811024 17.291338582677167 Manille
246.04724409448818 317.76377952755905 30.330708661417322 17.291338582677167 en
255.96850393700788 317.76377952755905 35.43307086614173 17.291338582677167 1926.

58.39370078740158 331.65354330708664 55.84251968503937 16.15748031496063 1
100.06299212598425 331.65354330708664 51.30708661417323 16.15748031496063 Paysage
137.48031496062993 331.65354330708664 46.488188976377955 16.15748031496063 blanc,
170.07874015748033 331.65354330708664 37.13385826771653 16.15748031496063 1961
193.3228346456693 331.65354330708664 51.30708661417323 16.15748031496063 (huile,
225.92125984251967 331.65354330708664 51.30708661417323 16.15748031496063 135x200).

73.41732283464567 344.9763779527559 63.21259842519685 23.244094488188978 Oscar
121.03937007874016 344.9763779527559 89.5748031496063 23.244094488188978 ZALAMEDA
194.74015748031496 344.9763779527559 31.748031496062993 23.244094488188978 né
210.61417322834646 344.9763779527559 26.362204724409448 23.244094488188978 à
221.10236220472441 344.9763779527559 58.110236220472444 23.244094488188978 Manille
263.33858267716533 344.9763779527559 31.748031496062993 23.244094488188978 en
273.8267716535433 344.9763779527559 36.8503937007874 23.244094488188978 1930.

58.39370078740158 361.7007874015748 60.09448818897638 21.543307086614174 2
103.46456692913385 361.7007874015748 45.07086614173228 21.543307086614174 Amour
133.51181102362204 361.7007874015748 60.09448818897638 21.543307086614174 baroque,
178.58267716535434 361.7007874015748 39.968503937007874 21.543307086614174 1960
203.5275590551181 361.7007874015748 54.99212598425197 21.543307086614174 (huile,
238.6771653543307 361.7007874015748 60.09448818897638 21.543307086614174 114x146)*.

414.4251968503937 593.8582677165355 28.913385826771652 17.858267716535433 93
