1641 2087
303 242 162 34 sical
411 242 90 34 e
447 242 90 34 0
482 242 215 34 Concurso
644 242 108 34 de
698 242 233 34 Cerâmica,
877 242 126 34 que
949 242 251 34 voluntâria
1146 242 90 34 e
1164 242 126 34 cons-

304 282 269 41 cientemente
520 282 108 41 se
573 282 287 41 restringiram
807 282 108 41 ao
861 282 180 41 âmbito
987 282 234 41 nacional,
1166 282 126 41 sao
1220 282 72 41 as

308 330 217 48 primeiras
475 330 234 48 indicaçôes
659 330 100 48 de
709 330 117 48 que
776 330 117 48 nio
842 330 184 48 dominam
976 330 100 48 na
1026 330 184 48 Bienal,
1143 330 150 48 limites

309 372 99 47 ou
358 372 230 47 distinçôes
539 372 214 47 sibilinas
703 372 148 47 entre
801 372 99 47 as
851 372 148 47 artes
949 372 99 47 e,
998 372 82 47 0
1031 372 115 47 que
1097 372 148 47 seria
1179 372 115 47 pior,

309 412 158 46 entre
415 412 158 46 artes
520 412 105 46 ee
573 412 211 46 maioresy
731 412 88 46 e
766 412 88 46 «
801 412 246 46 menores’’.
994 412 176 46 Dèsses
1100 412 193 46 primeiros

311 468 289 39 delineamentos
549 468 187 39 sairio,
685 468 119 39 sem
753 468 187 39 dûvida,
888 468 102 39 os
939 468 170 39 traços
1058 468 221 39 vigorosos
1211 468 85 39 com

308 517 123 38 que
379 517 106 38 se
432 517 212 38 riscarà,
591 517 106 38 no
643 517 194 38 futuro,
785 517 88 38 a
820 517 229 38 ampliaçâo
996 517 300 38 organizatéria
1225 517 71 38 da

312 555 177 47 Bienal
436 555 106 47 de
489 555 124 47 São
542 555 141 47 Paulo.

379 611 96 46 Ai
427 611 128 46 està
507 611 80 46 a
539 611 241 46 experiencia
716 611 160 46 inicial.

380 675 106 48 As
433 675 283 48 perspectivas
664 675 195 48 abertas
805 675 248 48 mostram-se
1000 675 124 48 por
1071 675 142 48 tudo
1142 675 159 48 promis-

315 730 179 40 soras.
441 730 90 40 O
477 730 162 40 poder
584 730 162 40 dessa
692 730 233 40 impressao
871 730 126 40 nao
943 730 162 40 deve,
1051 730 215 40 contudo,
1194 730 108 40 ini-

314 764 126 48 bir
386 764 90 48 a
422 764 234 48 lembrança
602 764 108 48 de
656 764 126 48 que
728 764 90 48 a
764 764 252 48 realizaçio
961 764 180 48 partiu
1087 764 108 48 do
1123 764 180 48 discreto

316 813 174 46 Museu
432 813 116 46 de
490 813 155 46 Arte
587 813 213 46 Moderna
742 813 155 46 que,
839 813 233 46 fundado,
1013 813 194 46 também
1149 813 155 46 èle,
1226 813 78 46 em

318 867 191 40 carâter
456 867 156 40 quase
560 867 295 40 experimental,
803 867 121 40 nao
873 867 156 40 temeu
977 867 191 40 atingir
1098 867 208 40 plenamente

319 915 88 40 a
355 915 141 40 seus
443 915 141 40 fins
531 915 159 40 ainda
637 915 194 40 quando,
777 915 141 40 para
866 915 176 40 tanto,
989 915 106 40 se
1042 915 159 40 sente
1130 915 176 40 impelido

319 947 91 48 a
355 947 110 48 um
410 947 329 48 empreendimento
684 947 110 48 de
739 947 256 48 proporçôes
940 947 238 48 mundiais.
1123 947 165 48 Hoje,
1215 947 91 48 sa-

322 996 161 47 bemos
430 996 125 47 nao
501 996 107 47 s6
555 996 125 47 que
627 996 90 47 a
662 996 143 47 arte
752 996 269 47 brasileira,
967 996 143 47 pelo
1056 996 161 47 ardor
1164 996 107 47 de
1200 996 107 47 seus

323 1051 210 41 criadores
484 1051 81 41 e
516 1051 129 41 pela
597 1051 226 41 fidelidade
775 1051 97 41 de
823 1051 129 41 seus
904 1051 210 41 cultores,
1065 1051 145 41 exige
1162 1051 97 41 um
1194 1051 113 41 clima

323 1092 294 43 internacional
565 1092 138 43 para
651 1092 173 43 melhor
773 1092 260 43 orientar-se
980 1092 156 43 pelos
1084 1092 242 43 confrontos
1257 1092 52 43 e

324 1139 272 40 estimular-se
545 1139 153 40 pelos
647 1139 238 40 contactos,
835 1139 119 40 mas
903 1139 119 40 que
971 1139 119 40 São
1039 1139 153 40 Paulo
1141 1139 136 40 serà
1209 1139 102 40 para

325 1188 181 39 sempre,
456 1188 99 39 se
505 1188 82 39 0
538 1188 181 39 quiser,
669 1188 99 39 um
719 1188 164 39 centro
834 1188 214 39 artistico
998 1188 214 39 conhecido
1162 1188 99 39 em
1195 1188 115 39 tôdas

325 1235 96 48 as
357 1235 144 48 partes.

391 1284 103 46 As
442 1284 171 46 falhas
562 1284 103 46 da
613 1284 205 46 primeira
767 1284 240 46 tentativa,
956 1284 120 46 que
1024 1284 137 46 aqui
1110 1284 103 46 se
1144 1284 171 46 declaram

328 1340 230 40 existentes
508 1340 82 40 e
541 1340 115 40 nao
607 1340 181 40 poucas,
739 1340 263 40 dever-se-ào,
952 1340 115 40 por
1018 1340 164 40 certo,
1133 1340 82 40 à
1150 1340 164 40 limitada

329 1372 221 49 iniciaçao
499 1372 102 49 em
550 1372 204 49 emprésas
702 1372 102 49 de
753 1372 119 49 tal
821 1372 153 49 vulto
923 1372 204 49 daqueles
1075 1372 119 49 que
1143 1372 119 49 nac
1194 1372 119 49 cede-

331 1428 117 39 ram
398 1428 83 39 à
431 1428 200 39 timnidez
581 1428 83 39 e
614 1428 233 39 preferiram
798 1428 150 39 errar
898 1428 83 39 a
931 1428 217 39 deixar-se
1097 1428 167 39 vencer
1197 1428 117 39 pelas

330 1476 310 39 dificuldades.
585 1476 128 39 Por
658 1476 146 39 mais
749 1476 237 39 numerosas
932 1476 128 39 que
1005 1476 182 39 sejam,
1133 1476 109 39 as
1169 1476 146 39 falhas

330 1515 141 48 pelo
418 1515 159 48 menos
524 1515 211 48 servirao
683 1515 106 48 de
736 1515 141 48 tema
824 1515 141 48 para
912 1515 106 48 os
965 1515 194 48 debates
1106 1515 88 48 e
1123 1515 194 48 polémicas

330 1563 139 41 que,
416 1563 173 41 apenas
538 1563 225 41 iniciadas
711 1563 104 41 no
763 1563 191 41 momento
901 1563 104 41 em
953 1563 121 41 que
1023 1563 104 41 se
1075 1563 191 41 redigem
1196 1563 121 41 estas

333 1604 190 47 linhas,
471 1604 190 47 parecem
610 1604 242 47 destinadas
800 1604 87 47 a
835 1604 104 47 um
886 1604 156 47 longo
990 1604 156 47 curso
1094 1604 104 47 e,
1129 1604 190 47 sobretudo

335 1655 311 45 significativas
594 1655 138 45 como
680 1655 190 45 Indices
819 1655 104 45 da
871 1655 277 45 profundidade
1095 1655 86 45 e
1130 1655 190 45 alcance
1251 1655 69 45 da

333 1699 136 48 obra
418 1699 221 48 iniciada.
588 1699 153 48 Nelas
690 1699 255 48 encoptrario
894 1699 204 48 estimulo
1047 1699 102 48 9s
1098 1699 136 48 que,
1166 1699 153 48 pionei

755 1803 98 41 22
