1641 2087
314 237 158 47 Paulo
420 237 105 47 do
473 237 105 47 I.
525 237 105 47 A.
578 237 123 47 B.,
648 237 105 47 e,
701 237 105 47 no
754 237 193 47 minimo,
895 237 141 47 duas
983 237 316 47 personalidades
1229 237 70 47 de

312 284 177 39 rerome
436 284 300 39 internacional
683 284 106 39 no
736 284 159 39 campo
842 284 106 39 de
895 284 282 39 arquitetura,
1107 284 194 39 indicadas

314 309 139 54 pelo
401 309 244 54 Presidente
592 309 105 54 da
627 309 157 54 Bienal.

384 364 128 53 12.
457 364 147 53 Para
549 364 92 53 a
585 364 239 53 Exposição
769 364 312 53 Internacional
1026 364 110 53 de
1062 364 239 53 Arquitetur;

315 405 112 54 são
379 405 240 54 instituidos
571 405 96 54 os
619 405 208 54 seguintes
763 405 160 54 prémios:

383 460 172 38 Grande
503 460 172 38 Prémio
623 460 292 38 Internacional
864 460 103 38 de
898 460 241 38 Arquitetura.

384 507 166 39 Prémio
501 507 133 39 para
584 507 183 39 projeto
717 507 100 39 de
766 507 216 39 arquiteto
933 507 249 39 estrangeiro
1132 507 116 39 nâo
1182 507 116 39 resi-

315 545 169 50 dente
428 545 113 50 no
466 545 132 50 pais.

386 595 170 40 Prémio
505 595 136 40 para
590 595 187 40 projeto
725 595 102 40 de
776 595 221 40 habitacao
946 595 254 40 (individual
1149 595 102 40 ou
1183 595 119 40 cole.

297 635 131 43 tiva).

384 675 170 48 Prémio
503 675 136 48 para
588 675 187 48 projeùo
724 675 102 48 de
775 675 204 48 edificio
927 675 102 48 de
978 675 119 48 uso
1046 675 187 48 püblico
1165 675 136 48 (casas

317 725 95 35 de
365 725 254 35 espetâculos,
571 725 206 35 estaçôes,
730 725 206 35 estâdios,
888 725 222 35 hospitais,
1063 725 190 35 escolas,
1190 725 111 35 esta-

317 759 251 44 belecimentis
521 759 235 44 comerciais,
709 759 235 44 reparticoes
897 759 188 44 pûblicas
1023 759 125 44 etc.).

388 820 170 39 Prémio
507 820 136 39 para
592 820 187 39 projeto
727 820 102 39 de
778 820 204 39 edificio
931 820 102 39 de
982 820 119 39 uso
1050 820 187 39 técnico
1185 820 102 39 ou
1219 820 85 39 in-

317 860 195 39 dustrial
463 860 228 39 (fâbricas,
642 860 212 39 hangares,
805 860 212 39 armazens,
952 860 130 39 etc.).

386 900 172 47 Prémio
506 900 138 47 para
592 900 189 47 projeto
730 900 103 47 de
782 900 258 47 organizaçio
988 900 103 47 de
1040 900 189 47 grandes
1160 900 138 47 âreas.

385 948 177 47 Prémio
509 948 141 47 para
598 948 195 47 projeto
739 948 230 47 elaborado
916 948 124 47 por
987 948 248 47 estudantes
1181 948 106 47 de
1217 948 88 47 ar

301 988 198 47 quitetura.

385 1055 106 44 Ao
438 1055 177 44 grande
562 1055 177 44 Prémio
686 1055 300 44 Internacional
933 1055 106 44 de
986 1055 283 44 Arquitetura,
1198 1055 106 44 con-

318 1098 187 40 correm,
454 1098 102 40 em
505 1098 221 40 igualdade
675 1098 102 40 de
726 1098 238 40 condiçôes,
913 1098 238 40 arquitetos
1100 1098 221 40 nacionais
1253 1098 51 40 e

318 1132 284 46 estrangeiros,
552 1132 234 46 residentes
736 1132 100 46 ou
786 1132 117 46 nâo
853 1132 100 46 no
903 1132 150 46 pais.
1003 1132 100 46 Os
1053 1132 167 46 demais
1154 1132 150 46 prémios

323 1172 111 39 sao
387 1172 223 39 privativos
562 1172 111 39 dos
625 1172 223 39 arquitetos
800 1172 207 39 nacionais
959 1172 80 39 e
991 1172 111 39 dos
1055 1172 239 39 arquitetios
1229 1172 80 39 es-

321 1211 228 40 trangeiros
500 1211 228 40 residentes
679 1211 98 40 no
711 1211 114 40 pais.

390 1268 129 39 13.
463 1268 184 39 Embora
592 1268 92 39 a
629 1268 110 39 E.
684 1268 110 39 I.
739 1268 110 39 A.
794 1268 184 39 esteja
923 1268 239 39 orientada
1107 1268 110 39 no
1144 1268 165 39 sentido

322 1308 108 39 da
376 1308 269 39 preferenola
591 1308 90 39 a
627 1308 215 39 projetos
788 1308 108 39 de
842 1308 161 39 obras
949 1308 108 39 jà
1003 1308 251 39 executadas
1200 1308 108 39 ou
1236 1308 72 39 em

323 1348 136 47 vias
408 1348 102 47 de
459 1348 221 47 execução,
629 1348 187 47 poderâo
765 1348 119 47 ser
833 1348 272 47 considerados
1054 1348 221 47 trabalhos
1207 1348 102 47 que,

320 1389 176 38 embora
444 1389 123 38 nao
514 1389 106 38 se
567 1389 282 38 erfquadrando
796 1389 211 38 naquelas
955 1389 264 38 categorias,
1148 1389 159 38 revelem

323 1428 190 47 preciso
461 1428 156 47 senso
565 1428 104 47 de
617 1428 277 47 objetividade
842 1428 87 47 e
876 1428 260 47 representem
1084 1428 208 47 soluçôes
1222 1428 87 47 ar-

324 1466 258 46 quitetônicas
534 1466 97 46 de
582 1466 178 46 notâvel
695 1466 194 46 interèsse.

393 1516 126 47 14.
465 1516 108 47 Os
519 1516 162 47 casos
627 1516 198 47 omissos
771 1516 108 47 no
825 1516 216 47 presente
988 1516 270 47 regulamento
1186 1516 126 47 serâo

322 1564 230 39 decididos
499 1564 106 39 de
552 1564 177 39 acordo
675 1564 124 39 com
746 1564 88 39 0
781 1564 212 39 disposto
940 1564 124 39 nas
1011 1564 177 39 nocmas
1134 1564 177 39 gerais
1240 1564 71 39 da

319 1604 97 39 I
357 1604 194 39 Bienal
493 1604 116 39 do
551 1604 174 39 Museu
667 1604 116 39 de
726 1604 155 39 Arte
822 1604 213 39 Moderna
978 1604 116 39 de
1036 1604 136 39 Sào
1113 1604 194 39 Paule.
1229 1604 78 39 Na

324 1643 204 39 hipôtese
477 1643 102 39 de
528 1643 136 39 tais
613 1643 170 39 normas
732 1643 119 39 nao
800 1643 102 39 se
852 1643 221 39 aplicarem
1022 1643 85 39 à
1056 1643 204 39 situação
1192 1643 119 39 espe-

323 1683 175 40 cifica,
450 1683 143 40 serio
546 1683 127 40 èles
625 1683 223 40 resolvidos
800 1683 127 40 pela
880 1683 175 40 direçào
1007 1683 95 40 da
1055 1683 95 40 E.
1102 1683 95 40 I.
1150 1683 111 40 A.,
1198 1683 111 40 cujas

324 1722 189 41 decisGes
466 1722 142 41 serdo
544 1722 252 41 irrecorriveis.

745 1811 100 48 30
