5866 9062
2522 587 569 128 —
2750 587 569 128 3
2864 587 341 128 —

937 810 507 155 12.
1226 810 2027 155 <b>ANQUETIL-DUPERRON</b>
3036 810 1737 155 (Abraham-Hyacinthe),
4483 810 362 155 cé-

1370 964 822 130 lèbre
1917 964 1552 130 orientaliste.
3196 964 548 130 N.
3470 964 822 130 1731.
4017 964 548 130 M.
4200 964 639 130 1805.

1372 1118 331 124 L.
1537 1118 441 124 aut.
1813 1118 441 124 sig.
2089 1118 276 124 à
2199 1118 662 124 Monseig.
2696 1118 552 124 Paris,
3082 1118 331 124 24
3248 1118 662 124 décembre
3744 1118 497 124 1782.
4076 1118 276 124 3
4186 1118 497 124 pages
4462 1118 386 124 in

1359 1234 388 120 «Quel
1618 1234 647 120 changement!
2136 1234 259 120 je
2265 1234 345 120 lis,
2481 1234 259 120 je
2610 1234 388 120 relis
2869 1234 388 120 <i>la
3128 1234 690 120 Gazette;</i>
3689 1234 345 120 j’ai
3905 1234 388 120 peine
4164 1234 216 120 à
4250 1234 259 120 en
4379 1234 432 120 croire
4638 1234 216 120 mes

1259 1332 506 117 «yeux.
1613 1332 303 117 La
1765 1332 556 117 France,
2170 1332 607 117 demander
2625 1332 354 117 aux
2827 1332 556 117 Anglois
3232 1332 354 117 des
3434 1332 759 117 possessions
4041 1332 405 117 dans
4294 1332 556 117 l’Inde!
4648 1332 202 117 Il

1258 1432 384 115 «est
1498 1432 384 115 donc
1738 1432 432 115 passé
2026 1432 288 115 ce
2170 1432 432 115 temps
2459 1432 672 115 désastreux
2987 1432 288 115 où
3131 1432 672 115 l’habitude
3659 1432 336 115 des
3851 1432 576 115 affronts
4284 1432 384 115 nous
4476 1432 384 115 tenoit

1260 1534 431 113 «dans
1547 1534 287 113 un
1691 1534 527 113 silence
2074 1534 766 113 léthargique,
2697 1534 431 113 etc.»
2984 1534 479 113 Lettre
3319 1534 383 113 d’un
3559 1534 431 113 grand
3846 1534 527 113 intérêt
4181 1534 575 113 politique.

956 1674 448 149 13.
1212 1674 1280 149 <b>ARLINGTON</b>
2300 1674 640 149 (Henri
2748 1674 704 149 Bennet,
3259 1674 576 149 comte
3643 1674 512 149 d'),
3963 1674 768 149 ministre
4475 1674 384 149 sous

1405 1824 792 146 Charles
1981 1824 504 146 II,
2269 1824 504 146 roi
2558 1824 1225 146 d'Angleterre.
3566 1824 432 146 N.
3782 1824 648 146 1618.
4215 1824 432 146 M.
4359 1824 504 146 1685.

1396 1974 341 124 L.
1567 1974 455 124 aut.
1851 1974 455 124 sig.
2135 1974 284 124 à
2249 1974 398 124 son
2476 1974 853 124 Éminence...
3158 1974 512 124 Lundi
3499 1974 341 124 au
3670 1974 568 124 matin,
4067 1974 284 124 à
4181 1974 398 124 dix
4352 1974 512 124 heures.

1268 2101 578 124 Détails
1689 2101 946 124 diplomatiques.
2477 2101 263 124 1
2582 2101 420 124 page
2792 2101 473 124 in

974 2246 432 153 14.
1221 2246 1110 153 <b>ARNOULD</b>
2146 2246 802 153 (Sophie),
2763 2246 617 153 célèb.
3195 2246 740 153 actrice.
3750 2246 370 153 N.
3935 2246 555 153 1744.
4305 2246 370 153 M.
4428 2246 432 153 1803,

1402 2402 302 124 L.
1553 2402 402 124 aut.
1804 2402 402 124 sig.
2055 2402 302 124 au
2206 2402 553 124 citoyen
2608 2402 704 124 Bellanger.
3161 2402 503 124 Paris,
3513 2402 302 124 15
3664 2402 352 124 br.
3865 2402 302 124 an
4015 2402 302 124 X.
4166 2402 251 124 3
4267 2402 452 124 pages
4518 2402 352 124 in

1341 2516 378 115 Elle
1577 2516 756 115 l’entretient
2191 2516 283 115 de
2333 2516 331 115 ses
2522 2516 756 115 souffrances,
3136 2516 283 115 de
3278 2516 283 115 la
3419 2516 472 115 dureté
3750 2516 331 115 des
3939 2516 472 115 temps,
4270 2516 331 115 qui
4459 2516 331 115 lui
4601 2516 283 115 fait

1277 2618 421 115 crier
1558 2618 515 115 misère,
1933 2618 281 115 du
2073 2618 562 115 ministre
2494 2618 515 115 Chaptal
2869 2618 281 115 et
3009 2618 281 115 de
3150 2618 936 115 l’administrateur
3946 2618 655 115 Cellerier,
4414 2618 468 115 desquels

1277 2716 375 115 elle
1512 2716 281 115 ne
1652 2716 375 115 peut
1887 2716 422 115 tirer
2168 2716 281 115 le
2309 2716 375 115 sol:
2544 2716 328 115 «Je
2731 2716 375 115 veux
2966 2716 375 115 bien
3200 2716 469 115 croire
3529 2716 328 115 que
3716 2716 375 115 dans
3951 2716 281 115 le
4092 2716 469 115 moment
4420 2716 328 115 ils
4561 2716 328 115 n’ont

1278 2816 375 117 «pas
1512 2816 281 117 de
1653 2816 562 117 l’argent
2075 2816 234 117 à
2169 2816 469 117 remuer
2497 2816 234 117 à
2590 2816 281 117 la
2731 2816 469 117 pelle,
3059 2816 375 117 mais
3293 2816 281 117 je
3434 2816 422 117 crois
3715 2816 328 117 que
3903 2816 422 117 leurs
4184 2816 422 117 cœurs
4465 2816 375 117 sont
4653 2816 234 117 en-

1279 2914 450 115 «core
1579 2914 400 115 plus
1829 2914 400 115 secs
2079 2914 350 115 que
2280 2914 450 115 leurs
2580 2914 1051 115 coffres-forts....
3480 2914 350 115 Ah!
3680 2914 550 115 maudite
4081 2914 500 115 espèce
4381 2914 500 115 humaine;

1287 3014 529 117 «est-ce
1671 3014 336 117 une
1864 3014 529 117 vilaine
2248 3014 577 117 engeance
2681 3014 336 117 que
2873 3014 384 117 tous
3113 3014 336 117 ces
3305 3014 961 117 mirmidons-là....
4122 3014 481 117 drôles
4459 3014 288 117 de
4555 3014 336 117 poli-

1282 3112 742 121 «chinelles!
1875 3112 445 121 Quand
2172 3112 346 121 ils
2370 3112 396 121 sont
2617 3112 346 121 sur
2815 3112 346 121 des
3013 3112 643 121 tresteaux
3508 3112 346 121 qui
3706 3112 346 121 les
3904 3112 544 121 élèvent
4299 3112 297 121 un
4448 3112 346 121 peu
4596 3112 297 121 plus

1284 3214 375 117 «que
1519 3214 328 117 les
1706 3214 516 117 autres,
2081 3214 281 117 je
2222 3214 422 117 parie
2503 3214 328 117 que
2691 3214 328 117 ces
2878 3214 516 117 sots-là
3253 3214 281 117 se
3394 3214 516 117 croyent
3769 3214 328 117 des
3956 3214 750 117 personnages,
4519 3214 375 117 qu’ils

1287 3312 594 115 «croyent
1732 3312 445 115 jouer
2029 3312 297 115 un
2177 3312 396 115 rôle
2424 3312 445 115 quand
2721 3312 346 115 ils
2919 3312 297 115 ne
3068 3312 495 115 jouent
3414 3312 346 115 que
3612 3312 297 115 la
3760 3312 495 115 farce!
4106 3312 297 115 et
4255 3312 495 115 quelle
4552 3312 346 115 farce

1283 3435 683 72 «encorre!
1756 3435 368 72 etc.»

996 3548 390 159 15.
1219 3548 1004 159 <b>BAERLE</b>,
2056 3548 1060 159 <i>Barlaeus</i>
2948 3548 613 159 (Gaspar
3394 3548 502 159 Van),
3729 3548 502 159 poëte
4063 3548 558 159 latin,
4398 3548 502 159 profes

1435 3712 554 144 seur
1781 3712 416 144 de
1989 3712 1039 144 philosophie
2820 3712 416 144 et
3028 3712 1039 144 d’éloquence
3860 3712 346 144 à
3929 3712 970 144 l’université

1390 3856 1806 132 d’Amsterdam.
2857 3856 677 132 N.
3196 3856 1016 132 1554.
3873 3856 677 132 M.
4099 3856 790 132 1648.

1422 4008 475 128 Pièce
1739 4008 317 128 de
1898 4008 423 128 vers
2162 4008 687 128 (latins),
2690 4008 423 128 aut.
2954 4008 423 128 sig.
3218 4008 581 128 adressé
3641 4008 264 128 à
3747 4008 528 128 Const.
4117 4008 634 128 Huygens.
4539 4008 370 128 Datée

1296 4131 906 124 d’Amsterdam,
2032 4131 340 124 19
2202 4131 736 124 septembre
2768 4131 509 124 1640.
3108 4131 283 124 1
3221 4131 453 124 page
3448 4131 509 124 in

1002 4268 414 171 16.
1238 4268 1006 171 <b>BAUTRU</b>
2067 4268 651 171 (Guill.
2540 4268 473 171 de),
2836 4268 532 171 comte
3191 4268 355 171 de
3368 4268 592 171 Séran,
3782 4268 828 171 conseiller
4374 4268 532 171 d’État,

1448 4442 735 144 membre
1963 4442 441 144 de
2184 4442 809 144 l’Acad.
2772 4442 1029 144 française.
3581 4442 441 144 N.
3801 4442 662 144 1588.
4242 4442 441 144 M.
4389 4442 515 144 1665.

1447 4592 341 122 L.
1618 4592 455 122 aut.
1902 4592 455 122 sig.
2186 4592 341 122 au
2357 4592 512 122 card.
2698 4592 341 122 de
2868 4592 796 122 Richelieu.
3493 4592 568 122 Blois,
3891 4592 341 122 29
4062 4592 682 122 novembre
4516 4592 398 122 1636.

1326 4719 250 118 3
1426 4719 449 118 pages
1676 4719 449 118 in

1416 4828 280 118 Il
1556 4828 374 118 rend
1790 4828 467 118 compte
2117 4828 280 118 au
2257 4828 561 118 cardinal
2678 4828 280 118 de
2818 4828 280 118 la
2958 4828 607 118 réception
3426 4828 421 118 toute
3706 4828 607 118 courtoise
4173 4828 327 118 que
4360 4828 327 118 lui
4547 4828 234 118 a
4594 4828 327 118 faite

1315 4930 311 121 Son
1492 4930 489 121 Altesse
1848 4930 890 121 <i>Monsieur;</i>
2604 4930 267 121 il
2738 4930 311 121 l’a
2916 4930 489 121 trouvée
3271 4930 267 121 en
3405 4930 578 121 compagnie
3850 4930 267 121 de
3983 4930 445 121 dames,
4294 4930 356 121 avec
4472 4930 445 121 musique,

1314 5028 663 125 collation,
1835 5028 284 125 et
1977 5028 663 125 galanterie
2498 5028 569 125 conforme
2925 5028 237 125 à
3020 5028 569 125 l’humeur
3446 5028 379 125 d’un
3683 5028 474 125 prince
4015 5028 284 125 de
4157 5028 332 125 son
4346 5028 379 125 âge,
4583 5028 284 125 et
4678 5028 237 125 qui

1316 5133 327 112 n'a
1503 5133 420 112 point
1783 5133 280 112 de
1923 5133 560 112 mauvaise
2343 5133 653 112 intention,
2809 5133 280 112 etc.

1024 5278 441 155 17.
1276 5278 1259 155 <b>BELLARMIN</b>
2346 5278 441 155 (Le
2597 5278 755 155 cardinal
3164 5278 692 155 Roberto
3667 5278 1007 155 Bellarmino),
4423 5278 503 155 auteur

1467 5436 553 140 d’un
1813 5436 622 140 grand
2227 5436 691 140 nombre
2711 5436 968 140 d’ouvrages
3472 5436 484 140 sur
3749 5436 484 140 les
3956 5436 968 140 controverses

1470 5586 1031 136 religieuses.
2308 5586 387 136 N.
2501 5586 580 136 1542.
2888 5586 387 136 M.
3017 5586 451 136 1621.

1449 5736 321 138 L.
1609 5736 427 138 aut.
1876 5736 427 138 sig.
2143 5736 374 138 (en
2357 5736 641 138 italien)
2838 5736 321 138 al
2998 5736 427 138 illo
3265 5736 534 138 signor
3639 5736 641 138 Marcello
4120 5736 641 138 Cernini.
4547 5736 374 138 Rome,

1332 5858 318 121 21
1491 5858 424 121 août
1756 5858 477 121 1620.
2074 5858 265 121 1
2180 5858 424 121 page
2445 5858 583 121 in-fol;
2869 5858 424 121 avec
3081 5858 424 121 sceau.

1443 5974 252 108 Il
1569 5974 210 108 a
1653 5974 461 108 entendu
1988 5974 336 108 dire
2198 5974 336 108 avec
2408 5974 461 108 plaisir
2744 5974 294 108 que
2911 5974 294 108 son
3079 5974 378 108 livre
3331 5974 252 108 de
3457 5974 503 108 <i>l'Art
3834 5974 252 108 de
3960 5974 336 108 bien
4170 5974 587 108 mourir</i>
4631 5974 294 108 est
4757 5974 168 108 en

1328 6076 474 111 grande
1659 6076 711 111 réputation,
2228 6076 379 111 mais
2466 6076 284 111 il
2608 6076 569 111 s’étonne
3034 6076 427 111 qu’on
3319 6076 284 111 en
3461 6076 332 111 ait
3651 6076 284 111 pu
3793 6076 474 111 mettre
4125 6076 284 111 en
4267 6076 427 111 vente
4552 6076 284 111 la
4647 6076 284 111 tra-

1329 6172 568 127 duction
1742 6172 413 127 sans
2000 6172 568 127 l’avoir
2413 6172 878 127 préalablement
3136 6172 568 127 averti.
3549 6172 361 127 Les
3756 6172 568 127 erreurs
4169 6172 723 127 nombreuses
4685 6172 258 127 qui

1327 6272 577 127 existent
1760 6272 385 127 dans
2000 6272 433 127 cette
2289 6272 673 127 traduction
2818 6272 337 127 lui
3010 6272 385 127 font
3251 6272 529 127 prendre
3635 6272 289 127 la
3780 6272 673 127 résolution
4309 6272 289 127 de
4453 6272 289 127 ne
4549 6272 385 127 jamais

1328 6374 529 119 laisser
1713 6374 529 119 publier
2097 6374 433 119 aucun
2386 6374 288 119 de
2530 6374 337 119 ses
2722 6374 577 119 ouvrages
3155 6374 288 119 en
3299 6374 481 119 langue
3636 6374 577 119 vulgaire
4069 6374 385 119 sans
4309 6374 433 119 qu’il
4597 6374 288 119 en
4694 6374 240 119 ait

1331 6477 652 106 auparavant
1844 6477 512 106 examiné
2216 6477 279 106 le
2356 6477 559 106 travail,
2729 6477 279 106 etc.

1038 6622 479 149 18.
1311 6622 1437 149 <b>BELLEGARDE</b>
2543 6622 684 149 (Roger
3022 6622 547 149 de),
3364 6622 616 149 grand
3775 6622 684 149 écuyer
4254 6622 411 149 de
4391 6622 547 149 France

1473 6772 588 140 sous
1840 6772 661 140 Henri
2281 6772 441 140 IV
2501 6772 441 140 et
2721 6772 661 140 Louis
3162 6772 661 140 XIII.
3603 6772 441 140 N.
3823 6772 661 140 1563.
4264 6772 441 140 M.
4411 6772 514 140 1642.

1468 6928 320 132 L.
1628 6928 427 132 aut.
1894 6928 427 132 sig.
2161 6928 320 132 au
2321 6928 427 132 roi.
2588 6928 320 132 Du
2748 6928 373 132 1er
2961 6928 640 132 décembre
3441 6928 480 132 1632.
3761 6928 267 132 2
3868 6928 480 132 pages
4188 6928 640 132 in-fol.;
4615 6928 320 132 avec

1328 7057 534 90 cachets
1717 7057 292 90 et
1814 7057 389 90 soies.

1434 7166 292 120 Il
1580 7166 292 120 ne
1726 7166 389 120 peut
1969 7166 535 120 trouver
2358 7166 292 120 de
2503 7166 535 120 paroles
2892 7166 437 120 assez
3184 7166 486 120 dignes
3524 7166 389 120 pour
3767 7166 632 120 remercier
4253 7166 292 120 Sa
4398 7166 535 120 Majesté
4739 7166 194 120 de
