1662.8031496062993 2551.181102362205
731.3385826771654 162.14173228346456 146.26771653543307 27.77952755905512 —
789.7322834645669 162.14173228346456 175.46456692913387 27.77952755905512 IV
848.4094488188977 162.14173228346456 87.8740157480315 27.77952755905512 —

286.86614173228344 218.5511811023622 170.36220472440945 45.92125984251968 riers
400.53543307086613 218.5511811023622 113.66929133858268 45.92125984251968 et
457.2283464566929 218.5511811023622 265.03937007874015 45.92125984251968 célébrités
665.5748031496063 218.5511811023622 246.04724409448818 45.92125984251968 diverses:
854.9291338582677 218.5511811023622 189.35433070866142 45.92125984251968 Sully,
987.5905511811023 218.5511811023622 132.66141732283464 45.92125984251968 les
1063.275590551181 218.5511811023622 246.04724409448818 45.92125984251968 cardinaux
1252.6299212598426 218.5511811023622 113.66929133858268 45.92125984251968 de
1290.6141732283465 218.5511811023622 94.67716535433071 45.92125984251968 Ri-

285.1653543307087 274.1102362204724 240.3779527559055 47.62204724409449 chelieu,
465.4488188976378 274.1102362204724 220.251968503937 47.62204724409449 Mazarin
625.6062992125984 274.1102362204724 120.18897637795276 47.62204724409449 et
685.7007874015748 274.1102362204724 220.251968503937 47.62204724409449 Dubois,
845.8582677165355 274.1102362204724 240.3779527559055 47.62204724409449 Colbert,
1026.1417322834645 274.1102362204724 120.18897637795276 47.62204724409449 le
1086.236220472441 274.1102362204724 200.1259842519685 47.62204724409449 prince
1226.267716535433 274.1102362204724 120.18897637795276 47.62204724409449 de
1266.236220472441 274.1102362204724 120.18897637795276 47.62204724409449 Tal-

288.8503937007874 329.6692913385827 230.74015748031496 46.488188976377955 leyrand;
462.0472440944882 329.6692913385827 153.92125984251967 46.488188976377955 Pitt
558.1417322834645 329.6692913385827 115.37007874015748 46.488188976377955 et
615.6850393700787 329.6692913385827 153.92125984251967 46.488188976377955 Fox;
711.7795275590552 329.6692913385827 230.74015748031496 46.488188976377955 Coligny,
884.9763779527559 329.6692913385827 115.37007874015748 46.488188976377955 La
942.5196850393701 329.6692913385827 172.91338582677164 46.488188976377955 Noue,
1057.8897637795276 329.6692913385827 134.64566929133858 46.488188976377955 dit
1134.708661417323 329.6692913385827 153.92125984251967 46.488188976377955 Bras
1230.8031496062993 329.6692913385827 115.37007874015748 46.488188976377955 de
1269.3543307086613 329.6692913385827 115.37007874015748 46.488188976377955 Fer,

284.31496062992125 384.09448818897636 183.68503937007873 47.62204724409449 Guise
406.7716535433071 384.09448818897636 122.45669291338582 47.62204724409449 le
468.0 384.09448818897636 244.91338582677164 47.62204724409449 Balafré,
651.9685039370079 384.09448818897636 122.45669291338582 47.62204724409449 le
713.1968503937007 384.09448818897636 183.68503937007873 47.62204724409449 grand
835.6535433070866 384.09448818897636 244.91338582677164 47.62204724409449 Mayenne,
1019.3385826771654 384.09448818897636 244.91338582677164 47.62204724409449 Turenne,
1203.3070866141732 384.09448818897636 122.45669291338582 47.62204724409449 le
1244.1259842519685 384.09448818897636 142.86614173228347 47.62204724409449 grand

287.1496062992126 439.65354330708664 193.03937007874015 47.05511811023622 Condé,
422.3622047244094 439.65354330708664 193.03937007874015 47.05511811023622 Fabert
557.2913385826772 439.65354330708664 115.93700787401575 47.05511811023622 et
615.4015748031496 439.65354330708664 115.93700787401575 47.05511811023622 le
673.2283464566929 439.65354330708664 231.59055118110237 47.05511811023622 maréchal
846.992125984252 439.65354330708664 115.93700787401575 47.05511811023622 de
904.8188976377953 439.65354330708664 173.76377952755905 47.05511811023622 Saxe;
1020.7559055118111 439.65354330708664 154.48818897637796 47.05511811023622 puis
1117.4173228346456 439.65354330708664 193.03937007874015 47.05511811023622 Galéas
1233.0708661417323 439.65354330708664 154.48818897637796 47.05511811023622 Sforza

284.88188976377955 495.21259842519686 122.1732283464567 46.488188976377955 et
346.1102362204724 495.21259842519686 265.03937007874015 46.488188976377955 Catherine
549.9212598425197 495.21259842519686 224.2204724409449 46.488188976377955 Sforza,
712.9133858267717 495.21259842519686 162.99212598425197 46.488188976377955 Juan
814.6771653543307 495.21259842519686 122.1732283464567 46.488188976377955 de
875.9055118110236 495.21259842519686 285.1653543307087 46.488188976377955 Mauriquez,
1100.1259842519685 495.21259842519686 183.4015748031496 46.488188976377955 César
1201.8897637795276 495.21259842519686 183.4015748031496 46.488188976377955 Borgia,

285.1653543307087 550.2047244094488 236.1259842519685 48.188976377952756 Alphonse
462.3307086614173 550.2047244094488 197.00787401574803 48.188976377952756 d’Est,
600.0944881889764 550.2047244094488 137.76377952755905 48.188976377952756 duc
678.8976377952756 550.2047244094488 118.20472440944881 48.188976377952756 de
737.8582677165355 550.2047244094488 236.1259842519685 48.188976377952756 Ferrare,
915.0236220472441 550.2047244094488 118.20472440944881 48.188976377952756 le
973.9842519685039 550.2047244094488 137.76377952755905 48.188976377952756 duc
1052.7874015748032 550.2047244094488 216.56692913385828 48.188976377952756 d’Albe,
1210.3937007874015 550.2047244094488 118.20472440944881 48.188976377952756 le
1249.7952755905512 550.2047244094488 137.76377952755905 48.188976377952756 comte

285.4488188976378 605.7637795275591 122.45669291338582 47.05511811023622 de
346.6771653543307 605.7637795275591 163.2755905511811 47.05511811023622 Horn
448.7244094488189 605.7637795275591 122.45669291338582 47.05511811023622 et
509.9527559055118 605.7637795275591 224.50393700787401 47.05511811023622 Nelson;
672.9448818897638 605.7637795275591 244.91338582677164 47.05511811023622 mesdames
856.6299212598425 605.7637795275591 122.45669291338582 47.05511811023622 de
917.8582677165355 605.7637795275591 122.45669291338582 47.05511811023622 la
979.0866141732283 605.7637795275591 244.91338582677164 47.05511811023622 Fayette,
1162.4881889763778 605.7637795275591 122.45669291338582 47.05511811023622 de
1203.3070866141732 605.7637795275591 183.68503937007873 47.05511811023622 l’Espi-

286.01574803149606 661.3228346456693 204.09448818897638 47.05511811023622 nasse,
428.88188976377955 661.3228346456693 122.45669291338582 47.05511811023622 de
490.1102362204724 661.3228346456693 306.4251968503937 47.05511811023622 Montpensier
735.3070866141733 661.3228346456693 122.45669291338582 47.05511811023622 et
796.5354330708661 661.3228346456693 122.45669291338582 47.05511811023622 de
857.7637795275591 661.3228346456693 244.91338582677164 47.05511811023622 Simiane.
1041.4488188976377 661.3228346456693 122.45669291338582 47.05511811023622 La
1102.6771653543308 661.3228346456693 265.3228346456693 47.05511811023622 princesse
1286.6456692913387 661.3228346456693 102.04724409448819 47.05511811023622 des

285.73228346456693 716.3149606299213 208.06299212598427 47.05511811023622 Ursins
431.1496062992126 716.3149606299213 124.7244094488189 47.05511811023622 et
493.51181102362204 716.3149606299213 124.7244094488189 47.05511811023622 la
555.8740157480315 716.3149606299213 249.4488188976378 47.05511811023622 marquise
743.2440944881889 716.3149606299213 124.7244094488189 47.05511811023622 de
784.9133858267717 716.3149606299213 249.4488188976378 47.05511811023622 Pompadour;

334.48818897637796 771.8740157480315 166.11023622047244 41.38582677165354 Parmi
445.3228346456693 771.8740157480315 129.25984251968504 41.38582677165354 les
519.0236220472441 771.8740157480315 313.79527559055117 41.38582677165354 littérateurs,
777.5433070866142 771.8740157480315 129.25984251968504 41.38582677165354 les
851.5275590551181 771.8740157480315 221.66929133858267 41.38582677165354 savants,
1017.6377952755905 771.8740157480315 166.11023622047244 41.38582677165354 etc.:
1128.4724409448818 771.8740157480315 110.83464566929133 41.38582677165354 J.
1183.748031496063 771.8740157480315 203.24409448818898 41.38582677165354 Racine,
1313.007874015748 771.8740157480315 73.98425196850394 41.38582677165354 La

284.88188976377955 827.4330708661417 265.6062992125984 47.05511811023622 Fontaine,
489.25984251968504 827.4330708661417 224.78740157480314 47.05511811023622 Boileau
652.8188976377953 827.4330708661417 286.2992125984252 47.05511811023622 Despréaux,
877.6062992125984 827.4330708661417 183.96850393700788 47.05511811023622 J.-J.
1000.3464566929134 827.4330708661417 265.6062992125984 47.05511811023622 Rousseau,
1184.3149606299212 827.4330708661417 204.3779527559055 47.05511811023622 Voltaire

286.2992125984252 881.8582677165355 124.44094488188976 44.78740157480315 et
348.37795275590554 881.8582677165355 290.5511811023622 44.78740157480315 Crébillon;
576.8503937007874 881.8582677165355 207.49606299212599 44.78740157480315 Piron,
722.2677165354331 881.8582677165355 207.49606299212599 44.78740157480315 Grimm,
867.4015748031496 881.8582677165355 249.16535433070865 44.78740157480315 Diderot,
1033.5118110236222 881.8582677165355 352.9133858267717 44.78740157480315 Saint

282.3307086614173 937.4173228346457 216.56692913385828 47.05511811023622 M.-J.
426.61417322834643 937.4173228346457 288.56692913385825 47.05511811023622 Chénier,
643.1811023622047 937.4173228346457 216.56692913385828 47.05511811023622 Parny
787.4645669291339 937.4173228346457 144.28346456692913 47.05511811023622 et
859.4645669291339 937.4173228346457 240.3779527559055 47.05511811023622 Walter
1027.8425196850394 937.4173228346457 240.3779527559055 47.05511811023622 Scott:
1196.2204724409448 937.4173228346457 144.28346456692913 47.05511811023622 De
1244.4094488188975 937.4173228346457 144.28346456692913 47.05511811023622 Thou

288.2834645669291 992.4094488188977 308.6929133858268 47.05511811023622 l’historien,
538.8661417322835 992.4094488188977 289.4173228346457 47.05511811023622 Guichardin,
770.4566929133858 992.4094488188977 173.48031496062993 47.05511811023622 Luigi
886.1102362204724 992.4094488188977 192.75590551181102 47.05511811023622 Pulci,
1021.0393700787401 992.4094488188977 270.1417322834646 47.05511811023622 Philelphe,
1214.0787401574803 992.4094488188977 173.48031496062993 47.05511811023622 Goethe,

284.88188976377955 1047.9685039370079 198.99212598425197 47.05511811023622 Kant,
417.54330708661416 1047.9685039370079 265.3228346456693 47.05511811023622 Niebuhr,
616.5354330708661 1047.9685039370079 221.10236220472441 47.05511811023622 Scarpa
771.3070866141733 1047.9685039370079 132.66141732283464 47.05511811023622 et
837.6377952755905 1047.9685039370079 331.65354330708664 47.05511811023622 Spalanzani;
1102.9606299212599 1047.9685039370079 132.66141732283464 47.05511811023622 G.
1169.291338582677 1047.9685039370079 221.10236220472441 47.05511811023622 Cuvier
1301.9527559055118 1047.9685039370079 88.44094488188976 47.05511811023622 et

287.43307086614175 1103.5275590551182 120.4724409448819 46.488188976377955 H.
347.81102362204723 1103.5275590551182 180.56692913385828 46.488188976377955 Davy;
468.0 1103.5275590551182 200.69291338582678 46.488188976377955 Euler,
608.5984251968504 1103.5275590551182 280.9133858267717 46.488188976377955 Berzélius,
829.1338582677165 1103.5275590551182 260.78740157480314 46.488188976377955 Franklin,
1029.8267716535433 1103.5275590551182 220.8188976377953 46.488188976377955 Jenner,
1190.267716535433 1103.5275590551182 200.69291338582678 46.488188976377955 Pallas
1310.740157480315 1103.5275590551182 80.22047244094489 46.488188976377955 et

283.748031496063 1159.0866141732283 173.48031496062993 46.488188976377955 Wil.
392.0314960629921 1159.0866141732283 281.76377952755905 46.488188976377955 Herschel;
608.5984251968504 1159.0866141732283 238.39370078740157 46.488188976377955 Rubens,
782.0787401574803 1159.0866141732283 259.93700787401576 46.488188976377955 Mignard,
977.1023622047244 1159.0866141732283 238.39370078740157 46.488188976377955 Canova,
1150.2992125984251 1159.0866141732283 130.11023622047244 46.488188976377955 et
1193.6692913385828 1159.0866141732283 195.0236220472441 46.488188976377955 Joseph,

287.43307086614175 1215.2125984251968 174.89763779527559 34.01574803149607 Carie
404.2204724409449 1215.2125984251968 116.78740157480316 34.01574803149607 et
462.61417322834643 1215.2125984251968 194.45669291338584 34.01574803149607 Horace
579.4015748031496 1215.2125984251968 174.89763779527559 34.01574803149607 Vernet.

336.4724409448819 1268.5039370078741 172.62992125984252 47.05511811023622 Cette
451.5590551181102 1268.5039370078741 268.4409448818898 47.05511811023622 Collection
662.7401574803149 1268.5039370078741 134.36220472440945 47.05511811023622 est
739.2755905511812 1268.5039370078741 210.89763779527559 47.05511811023622 surtout
892.9133858267717 1268.5039370078741 287.7165354330709 47.05511811023622 remarquable
1123.0866141732283 1268.5039370078741 134.36220472440945 47.05511811023622 par
1180.6299212598426 1268.5039370078741 210.89763779527559 47.05511811023622 l’intérêt

289.98425196850394 1322.3622047244094 109.13385826771653 47.05511811023622 et
344.40944881889766 1322.3622047244094 109.13385826771653 47.05511811023622 la
399.11811023622045 1322.3622047244094 163.55905511811022 47.05511811023622 belle
507.9685039370079 1322.3622047244094 290.8346456692913 47.05511811023622 conservation
744.3779527559055 1322.3622047244094 127.2755905511811 47.05511811023622 des
798.8031496062993 1322.3622047244094 163.55905511811022 47.05511811023622 pièces.

1082.5511811023623 1438.015748031496 198.99212598425197 29.480314960629922 CHARON.

361.4173228346457 1533.259842519685 164.40944881889763 32.881889763779526 Paris,
476.503937007874 1533.259842519685 98.64566929133858 32.881889763779526 25
525.8267716535433 1533.259842519685 131.5275590551181 32.881889763779526 mars
591.5905511811023 1533.259842519685 115.08661417322834 32.881889763779526 1845.
