1662.8031496062993 2568.755905511811
714.8976377952756 166.39370078740157 161.29133858267716 36.28346456692913 —
779.5275590551181 166.39370078740157 161.29133858267716 36.28346456692913 3
811.8425196850394 166.39370078740157 96.66141732283465 36.28346456692913 —

265.6062992125984 229.60629921259843 143.71653543307087 43.93700787401575 12.
347.5275590551181 229.60629921259843 574.5826771653543 43.93700787401575 ANQUETIL-DUPERRON
860.5984251968504 229.60629921259843 492.37795275590554 43.93700787401575 (Abraham-Hyacinthe),
1270.7716535433071 229.60629921259843 102.61417322834646 43.93700787401575 cé-

388.34645669291336 273.25984251968504 233.00787401574803 36.8503937007874 lèbre
543.4015748031496 273.25984251968504 439.93700787401576 36.8503937007874 orientaliste.
905.9527559055118 273.25984251968504 155.33858267716536 36.8503937007874 N.
983.6220472440945 273.25984251968504 233.00787401574803 36.8503937007874 1731.
1138.6771653543308 273.25984251968504 155.33858267716536 36.8503937007874 M.
1190.5511811023623 273.25984251968504 181.13385826771653 36.8503937007874 1805.

388.9133858267717 316.9133858267717 93.8267716535433 35.1496062992126 L.
435.68503937007875 316.9133858267717 125.00787401574803 35.1496062992126 aut.
513.9212598425197 316.9133858267717 125.00787401574803 35.1496062992126 sig.
592.1574803149606 316.9133858267717 78.23622047244095 35.1496062992126 à
623.3385826771654 316.9133858267717 187.6535433070866 35.1496062992126 Monseig.
764.2204724409448 316.9133858267717 156.4724409448819 35.1496062992126 Paris,
873.6377952755905 316.9133858267717 93.8267716535433 35.1496062992126 24
920.6929133858267 316.9133858267717 187.6535433070866 35.1496062992126 décembre
1061.291338582677 316.9133858267717 140.88188976377953 35.1496062992126 1782.
1155.4015748031495 316.9133858267717 78.23622047244095 35.1496062992126 3
1186.5826771653544 316.9133858267717 140.88188976377953 35.1496062992126 pages
1264.8188976377953 316.9133858267717 109.41732283464567 35.1496062992126 in

385.2283464566929 349.79527559055117 109.98425196850394 34.01574803149607 «Quel
458.6456692913386 349.79527559055117 183.4015748031496 34.01574803149607 changement!
605.4803149606299 349.79527559055117 73.41732283464567 34.01574803149607 je
642.0472440944882 349.79527559055117 97.79527559055119 34.01574803149607 lis,
703.2755905511812 349.79527559055117 73.41732283464567 34.01574803149607 je
739.8425196850394 349.79527559055117 109.98425196850394 34.01574803149607 relis
813.2598425196851 349.79527559055117 109.98425196850394 34.01574803149607 la
886.6771653543307 349.79527559055117 195.59055118110237 34.01574803149607 Gazette;
1045.7007874015749 349.79527559055117 97.79527559055119 34.01574803149607 j’ai
1106.9291338582677 349.79527559055117 109.98425196850394 34.01574803149607 peine
1180.3464566929133 349.79527559055117 61.22834645669291 34.01574803149607 à
1204.724409448819 349.79527559055117 73.41732283464567 34.01574803149607 en
1241.291338582677 349.79527559055117 122.45669291338582 34.01574803149607 croire
1314.708661417323 349.79527559055117 61.22834645669291 34.01574803149607 mes

356.88188976377955 377.5748031496063 143.43307086614172 33.16535433070866 «yeux.
457.2283464566929 377.5748031496063 85.88976377952756 33.16535433070866 La
500.31496062992125 377.5748031496063 157.60629921259843 33.16535433070866 France,
615.1181102362204 377.5748031496063 172.06299212598427 33.16535433070866 demander
744.0944881889764 377.5748031496063 100.34645669291339 33.16535433070866 aux
801.3543307086615 377.5748031496063 157.60629921259843 33.16535433070866 Anglois
916.1574803149606 377.5748031496063 100.34645669291339 33.16535433070866 des
973.4173228346457 377.5748031496063 215.1496062992126 33.16535433070866 possessions
1145.4803149606298 377.5748031496063 114.80314960629921 33.16535433070866 dans
1217.1968503937007 377.5748031496063 157.60629921259843 33.16535433070866 l’Inde!
1317.5433070866143 377.5748031496063 57.25984251968504 33.16535433070866 Il

356.59842519685037 405.9212598425197 108.85039370078741 32.59842519685039 «est
424.62992125984255 405.9212598425197 108.85039370078741 32.59842519685039 donc
492.66141732283467 405.9212598425197 122.45669291338582 32.59842519685039 passé
574.2992125984252 405.9212598425197 81.63779527559055 32.59842519685039 ce
615.1181102362204 405.9212598425197 122.45669291338582 32.59842519685039 temps
697.0393700787401 405.9212598425197 190.48818897637796 32.59842519685039 désastreux
846.7086614173228 405.9212598425197 81.63779527559055 32.59842519685039 où
887.5275590551181 405.9212598425197 190.48818897637796 32.59842519685039 l’habitude
1037.1968503937007 405.9212598425197 95.24409448818898 32.59842519685039 des
1091.6220472440946 405.9212598425197 163.2755905511811 32.59842519685039 affronts
1214.3622047244094 405.9212598425197 108.85039370078741 32.59842519685039 nous
1268.7874015748032 405.9212598425197 108.85039370078741 32.59842519685039 tenoit

357.1653543307087 434.8346456692913 122.1732283464567 32.031496062992126 «dans
438.5196850393701 434.8346456692913 81.35433070866142 32.031496062992126 un
479.33858267716533 434.8346456692913 149.38582677165354 32.031496062992126 silence
587.9055118110236 434.8346456692913 217.13385826771653 32.031496062992126 léthargique,
764.503937007874 434.8346456692913 122.1732283464567 32.031496062992126 etc.»
845.8582677165355 434.8346456692913 135.7795275590551 32.031496062992126 Lettre
940.8188976377953 434.8346456692913 108.56692913385827 32.031496062992126 d’un
1008.8503937007874 434.8346456692913 122.1732283464567 32.031496062992126 grand
1090.2047244094488 434.8346456692913 149.38582677165354 32.031496062992126 intérêt
1185.1653543307086 434.8346456692913 162.99212598425197 32.031496062992126 politique.

270.99212598425197 474.5196850393701 126.99212598425197 42.23622047244095 13.
343.5590551181102 474.5196850393701 362.8346456692913 42.23622047244095 ARLINGTON
651.9685039370079 474.5196850393701 181.41732283464566 42.23622047244095 (Henri
778.9606299212599 474.5196850393701 199.55905511811022 42.23622047244095 Bennet,
923.8110236220473 474.5196850393701 163.2755905511811 42.23622047244095 comte
1032.6614173228347 474.5196850393701 145.13385826771653 42.23622047244095 d'),
1123.3700787401574 474.5196850393701 217.70078740157481 42.23622047244095 ministre
1268.5039370078741 474.5196850393701 108.85039370078741 42.23622047244095 sous

398.26771653543307 517.0393700787401 224.50393700787401 41.38582677165354 Charles
561.5433070866142 517.0393700787401 142.86614173228347 41.38582677165354 II,
643.1811023622047 517.0393700787401 142.86614173228347 41.38582677165354 roi
725.1023622047244 517.0393700787401 347.244094488189 41.38582677165354 d'Angleterre.
1010.8346456692914 517.0393700787401 122.45669291338582 41.38582677165354 N.
1072.0629921259842 517.0393700787401 183.68503937007873 41.38582677165354 1618.
1194.8031496062993 517.0393700787401 122.45669291338582 41.38582677165354 M.
1235.6220472440946 517.0393700787401 142.86614173228347 41.38582677165354 1685.

395.7165354330709 559.5590551181102 96.66141732283465 35.1496062992126 L.
444.18897637795277 559.5590551181102 128.9763779527559 35.1496062992126 aut.
524.6929133858267 559.5590551181102 128.9763779527559 35.1496062992126 sig.
605.1968503937007 559.5590551181102 80.50393700787401 35.1496062992126 à
637.511811023622 559.5590551181102 112.81889763779527 35.1496062992126 son
701.8582677165355 559.5590551181102 241.79527559055117 35.1496062992126 Éminence...
895.1811023622047 559.5590551181102 145.13385826771653 35.1496062992126 Lundi
991.8425196850394 559.5590551181102 96.66141732283465 35.1496062992126 au
1040.3149606299212 559.5590551181102 161.00787401574803 35.1496062992126 matin,
1152.8503937007874 559.5590551181102 80.50393700787401 35.1496062992126 à
1185.1653543307086 559.5590551181102 112.81889763779527 35.1496062992126 dix
1233.6377952755906 559.5590551181102 145.13385826771653 35.1496062992126 heures.

359.43307086614175 595.5590551181102 163.84251968503938 35.1496062992126 Détails
478.7716535433071 595.5590551181102 268.15748031496065 35.1496062992126 diplomatiques.
702.1417322834645 595.5590551181102 74.55118110236221 35.1496062992126 1
731.9055118110236 595.5590551181102 119.05511811023622 35.1496062992126 page
791.4330708661417 595.5590551181102 134.07874015748033 35.1496062992126 in

276.09448818897636 636.6614173228346 122.45669291338582 43.37007874015748 14.
346.1102362204724 636.6614173228346 314.6456692913386 43.37007874015748 ARNOULD
608.3149606299213 636.6614173228346 227.33858267716536 43.37007874015748 (Sophie),
783.2125984251968 636.6614173228346 174.89763779527559 43.37007874015748 célèb.
905.6692913385826 636.6614173228346 209.76377952755905 43.37007874015748 actrice.
1062.992125984252 636.6614173228346 104.88188976377953 43.37007874015748 N.
1115.4330708661416 636.6614173228346 157.3228346456693 43.37007874015748 1744.
1220.3149606299212 636.6614173228346 104.88188976377953 43.37007874015748 M.
1255.1811023622047 636.6614173228346 122.45669291338582 43.37007874015748 1803,

397.4173228346457 680.8818897637796 85.60629921259843 35.1496062992126 L.
440.2204724409449 680.8818897637796 113.95275590551181 35.1496062992126 aut.
511.37007874015745 680.8818897637796 113.95275590551181 35.1496062992126 sig.
582.5196850393701 680.8818897637796 85.60629921259843 35.1496062992126 au
625.3228346456693 680.8818897637796 156.75590551181102 35.1496062992126 citoyen
739.2755905511812 680.8818897637796 199.55905511811022 35.1496062992126 Bellanger.
896.0314960629921 680.8818897637796 142.58267716535434 35.1496062992126 Paris,
995.8110236220473 680.8818897637796 85.60629921259843 35.1496062992126 15
1038.6141732283465 680.8818897637796 99.77952755905511 35.1496062992126 br.
1095.5905511811025 680.8818897637796 85.60629921259843 35.1496062992126 an
1138.1102362204724 680.8818897637796 85.60629921259843 35.1496062992126 X.
1180.9133858267717 680.8818897637796 71.14960629921259 35.1496062992126 3
1209.5433070866143 680.8818897637796 128.1259842519685 35.1496062992126 pages
1280.6929133858268 680.8818897637796 99.77952755905511 35.1496062992126 in

380.12598425196853 713.1968503937007 107.14960629921259 32.59842519685039 Elle
447.0236220472441 713.1968503937007 214.29921259842519 32.59842519685039 l’entretient
621.0708661417323 713.1968503937007 80.22047244094489 32.59842519685039 de
661.3228346456693 713.1968503937007 93.8267716535433 32.59842519685039 ses
714.8976377952756 713.1968503937007 214.29921259842519 32.59842519685039 souffrances,
888.9448818897638 713.1968503937007 80.22047244094489 32.59842519685039 de
929.1968503937007 713.1968503937007 80.22047244094489 32.59842519685039 la
969.1653543307086 713.1968503937007 133.79527559055117 32.59842519685039 dureté
1062.992125984252 713.1968503937007 93.8267716535433 32.59842519685039 des
1116.5669291338584 713.1968503937007 133.79527559055117 32.59842519685039 temps,
1210.3937007874015 713.1968503937007 93.8267716535433 32.59842519685039 qui
1263.9685039370079 713.1968503937007 93.8267716535433 32.59842519685039 lui
1304.2204724409448 713.1968503937007 80.22047244094489 32.59842519685039 fait

361.98425196850394 742.1102362204724 119.33858267716535 32.59842519685039 crier
441.6377952755906 742.1102362204724 145.98425196850394 32.59842519685039 misère,
547.9370078740158 742.1102362204724 79.65354330708661 32.59842519685039 du
587.6220472440945 742.1102362204724 159.30708661417322 32.59842519685039 ministre
706.9606299212599 742.1102362204724 145.98425196850394 32.59842519685039 Chaptal
813.2598425196851 742.1102362204724 79.65354330708661 32.59842519685039 et
852.9448818897638 742.1102362204724 79.65354330708661 32.59842519685039 de
892.9133858267717 742.1102362204724 265.3228346456693 32.59842519685039 l’administrateur
1118.5511811023623 742.1102362204724 185.66929133858267 32.59842519685039 Cellerier,
1251.2125984251968 742.1102362204724 132.66141732283464 32.59842519685039 desquels

361.98425196850394 769.8897637795276 106.2992125984252 32.59842519685039 elle
428.59842519685037 769.8897637795276 79.65354330708661 32.59842519685039 ne
468.2834645669291 769.8897637795276 106.2992125984252 32.59842519685039 peut
534.8976377952756 769.8897637795276 119.62204724409449 32.59842519685039 tirer
614.5511811023622 769.8897637795276 79.65354330708661 32.59842519685039 le
654.5196850393701 769.8897637795276 106.2992125984252 32.59842519685039 sol:
721.1338582677165 769.8897637795276 92.97637795275591 32.59842519685039 «Je
774.1417322834645 769.8897637795276 106.2992125984252 32.59842519685039 veux
840.7559055118111 769.8897637795276 106.2992125984252 32.59842519685039 bien
907.0866141732283 769.8897637795276 132.9448818897638 32.59842519685039 croire
1000.3464566929134 769.8897637795276 92.97637795275591 32.59842519685039 que
1053.3543307086613 769.8897637795276 106.2992125984252 32.59842519685039 dans
1119.9685039370079 769.8897637795276 79.65354330708661 32.59842519685039 le
1159.9370078740158 769.8897637795276 132.9448818897638 32.59842519685039 moment
1252.9133858267717 769.8897637795276 92.97637795275591 32.59842519685039 ils
1292.8818897637796 769.8897637795276 92.97637795275591 32.59842519685039 n’ont

362.26771653543307 798.2362204724409 106.2992125984252 33.16535433070866 «pas
428.59842519685037 798.2362204724409 79.65354330708661 33.16535433070866 de
468.56692913385825 798.2362204724409 159.30708661417322 33.16535433070866 l’argent
588.1889763779527 798.2362204724409 66.33070866141732 33.16535433070866 à
614.8346456692914 798.2362204724409 132.9448818897638 33.16535433070866 remuer
707.8110236220473 798.2362204724409 66.33070866141732 33.16535433070866 à
734.1732283464567 798.2362204724409 79.65354330708661 33.16535433070866 la
774.1417322834645 798.2362204724409 132.9448818897638 33.16535433070866 pelle,
867.1181102362204 798.2362204724409 106.2992125984252 33.16535433070866 mais
933.4488188976378 798.2362204724409 79.65354330708661 33.16535433070866 je
973.4173228346457 798.2362204724409 119.62204724409449 33.16535433070866 crois
1053.0708661417323 798.2362204724409 92.97637795275591 33.16535433070866 que
1106.3622047244094 798.2362204724409 119.62204724409449 33.16535433070866 leurs
1186.015748031496 798.2362204724409 119.62204724409449 33.16535433070866 cœurs
1265.6692913385828 798.2362204724409 106.2992125984252 33.16535433070866 sont
1318.9606299212599 798.2362204724409 66.33070866141732 33.16535433070866 en-

362.5511811023622 826.0157480314961 127.55905511811024 32.59842519685039 «core
447.59055118110234 826.0157480314961 113.38582677165354 32.59842519685039 plus
518.4566929133858 826.0157480314961 113.38582677165354 32.59842519685039 secs
589.3228346456693 826.0157480314961 99.21259842519684 32.59842519685039 que
646.2992125984252 826.0157480314961 127.55905511811024 32.59842519685039 leurs
731.3385826771654 826.0157480314961 297.9212598425197 32.59842519685039 coffres-forts....
986.4566929133858 826.0157480314961 99.21259842519684 32.59842519685039 Ah!
1043.1496062992126 826.0157480314961 155.90551181102362 32.59842519685039 maudite
1156.8188976377953 826.0157480314961 141.73228346456693 32.59842519685039 espèce
1241.8582677165355 826.0157480314961 141.73228346456693 32.59842519685039 humaine;

364.81889763779526 854.3622047244095 149.95275590551182 33.16535433070866 «est-ce
473.6692913385827 854.3622047244095 95.24409448818898 33.16535433070866 une
528.3779527559055 854.3622047244095 149.95275590551182 33.16535433070866 vilaine
637.2283464566929 854.3622047244095 163.55905511811022 33.16535433070866 engeance
759.9685039370079 854.3622047244095 95.24409448818898 33.16535433070866 que
814.3937007874016 854.3622047244095 108.85039370078741 33.16535433070866 tous
882.4251968503937 854.3622047244095 95.24409448818898 33.16535433070866 ces
936.8503937007874 854.3622047244095 272.40944881889766 33.16535433070866 mirmidons-là....
1168.4409448818897 854.3622047244095 136.3464566929134 33.16535433070866 drôles
1263.9685039370079 854.3622047244095 81.63779527559055 33.16535433070866 de
1291.1811023622047 854.3622047244095 95.24409448818898 33.16535433070866 poli-

363.40157480314963 882.1417322834645 210.33070866141733 34.2992125984252 «chinelles!
531.496062992126 882.1417322834645 126.14173228346456 34.2992125984252 Quand
615.6850393700787 882.1417322834645 98.07874015748031 34.2992125984252 ils
671.8110236220473 882.1417322834645 112.25196850393701 34.2992125984252 sont
741.8267716535433 882.1417322834645 98.07874015748031 34.2992125984252 sur
797.9527559055118 882.1417322834645 98.07874015748031 34.2992125984252 des
854.0787401574803 882.1417322834645 182.26771653543307 34.2992125984252 tresteaux
994.3937007874016 882.1417322834645 98.07874015748031 34.2992125984252 qui
1050.5196850393702 882.1417322834645 98.07874015748031 34.2992125984252 les
1106.6456692913387 882.1417322834645 154.20472440944883 34.2992125984252 élèvent
1218.6141732283465 882.1417322834645 84.18897637795276 34.2992125984252 un
1260.8503937007874 882.1417322834645 98.07874015748031 34.2992125984252 peu
1302.8031496062993 882.1417322834645 84.18897637795276 34.2992125984252 plus

363.9685039370079 911.0551181102362 106.2992125984252 33.16535433070866 «que
430.5826771653543 911.0551181102362 92.97637795275591 33.16535433070866 les
483.59055118110234 911.0551181102362 146.26771653543307 33.16535433070866 autres,
589.8897637795276 911.0551181102362 79.65354330708661 33.16535433070866 je
629.8582677165355 911.0551181102362 119.62204724409449 33.16535433070866 parie
709.511811023622 911.0551181102362 92.97637795275591 33.16535433070866 que
762.8031496062993 911.0551181102362 92.97637795275591 33.16535433070866 ces
815.8110236220473 911.0551181102362 146.26771653543307 33.16535433070866 sots-là
922.1102362204724 911.0551181102362 79.65354330708661 33.16535433070866 se
962.0787401574803 911.0551181102362 146.26771653543307 33.16535433070866 croyent
1068.3779527559054 911.0551181102362 92.97637795275591 33.16535433070866 des
1121.3858267716535 911.0551181102362 212.5984251968504 33.16535433070866 personnages,
1280.976377952756 911.0551181102362 106.2992125984252 33.16535433070866 qu’ils

364.81889763779526 938.8346456692914 168.3779527559055 32.59842519685039 «croyent
490.96062992125985 938.8346456692914 126.14173228346456 32.59842519685039 jouer
575.1496062992126 938.8346456692914 84.18897637795276 32.59842519685039 un
617.1023622047244 938.8346456692914 112.25196850393701 32.59842519685039 rôle
687.1181102362204 938.8346456692914 126.14173228346456 32.59842519685039 quand
771.3070866141733 938.8346456692914 98.07874015748031 32.59842519685039 ils
827.4330708661417 938.8346456692914 84.18897637795276 32.59842519685039 ne
869.6692913385826 938.8346456692914 140.31496062992127 32.59842519685039 jouent
967.7480314960629 938.8346456692914 98.07874015748031 32.59842519685039 que
1023.8740157480315 938.8346456692914 84.18897637795276 32.59842519685039 la
1065.8267716535433 938.8346456692914 140.31496062992127 32.59842519685039 farce!
1163.9055118110236 938.8346456692914 84.18897637795276 32.59842519685039 et
1206.1417322834645 938.8346456692914 140.31496062992127 32.59842519685039 quelle
1290.3307086614172 938.8346456692914 98.07874015748031 32.59842519685039 farce

363.68503937007875 973.7007874015748 193.60629921259843 20.409448818897637 «encorre!
497.76377952755905 973.7007874015748 104.31496062992126 20.409448818897637 etc.»

282.3307086614173 1005.7322834645669 110.55118110236221 45.07086614173228 15.
345.54330708661416 1005.7322834645669 284.59842519685037 45.07086614173228 BAERLE,
582.8031496062993 1005.7322834645669 300.4724409448819 45.07086614173228 Barlaeus
835.6535433070866 1005.7322834645669 173.76377952755905 45.07086614173228 (Gaspar
962.0787401574803 1005.7322834645669 142.29921259842519 45.07086614173228 Van),
1057.0393700787401 1005.7322834645669 142.29921259842519 45.07086614173228 poëte
1151.716535433071 1005.7322834645669 158.17322834645668 45.07086614173228 latin,
1246.6771653543308 1005.7322834645669 142.29921259842519 45.07086614173228 profes

406.7716535433071 1052.2204724409448 157.03937007874015 40.818897637795274 seur
504.8503937007874 1052.2204724409448 117.92125984251969 40.818897637795274 de
563.8110236220473 1052.2204724409448 294.5196850393701 40.818897637795274 philosophie
799.3700787401575 1052.2204724409448 117.92125984251969 40.818897637795274 et
858.3307086614174 1052.2204724409448 294.5196850393701 40.818897637795274 d’éloquence
1094.1732283464567 1052.2204724409448 98.07874015748031 40.818897637795274 à
1113.732283464567 1052.2204724409448 274.96062992125985 40.818897637795274 l’université

394.01574803149606 1093.0393700787401 511.93700787401576 37.41732283464567 d’Amsterdam.
809.8582677165355 1093.0393700787401 191.90551181102362 37.41732283464567 N.
905.9527559055118 1093.0393700787401 288.0 37.41732283464567 1554.
1097.8582677165355 1093.0393700787401 191.90551181102362 37.41732283464567 M.
1161.9212598425197 1093.0393700787401 223.93700787401573 37.41732283464567 1648.

403.0866141732283 1136.1259842519685 134.64566929133858 36.28346456692913 Pièce
492.9448818897638 1136.1259842519685 89.85826771653544 36.28346456692913 de
538.0157480314961 1136.1259842519685 119.90551181102362 36.28346456692913 vers
612.8503937007874 1136.1259842519685 194.74015748031496 36.28346456692913 (latins),
762.5196850393701 1136.1259842519685 119.90551181102362 36.28346456692913 aut.
837.3543307086615 1136.1259842519685 119.90551181102362 36.28346456692913 sig.
912.1889763779527 1136.1259842519685 164.69291338582678 36.28346456692913 adressé
1032.0944881889764 1136.1259842519685 74.83464566929133 36.28346456692913 à
1062.1417322834645 1136.1259842519685 149.66929133858267 36.28346456692913 Const.
1167.023622047244 1136.1259842519685 179.71653543307087 36.28346456692913 Huygens.
1286.6456692913387 1136.1259842519685 104.88188976377953 36.28346456692913 Datée

367.37007874015745 1170.992125984252 256.81889763779526 35.1496062992126 d’Amsterdam,
576.0 1170.992125984252 96.37795275590551 35.1496062992126 19
624.1889763779527 1170.992125984252 208.62992125984252 35.1496062992126 septembre
784.6299212598425 1170.992125984252 144.28346456692913 35.1496062992126 1640.
881.007874015748 1170.992125984252 80.22047244094489 35.1496062992126 1
913.0393700787401 1170.992125984252 128.40944881889763 35.1496062992126 page
977.3858267716536 1170.992125984252 144.28346456692913 35.1496062992126 in

284.0314960629921 1209.8267716535433 117.35433070866142 48.47244094488189 16.
350.92913385826773 1209.8267716535433 285.1653543307087 48.47244094488189 BAUTRU
585.9212598425197 1209.8267716535433 184.53543307086613 48.47244094488189 (Guill.
720.0 1209.8267716535433 134.07874015748033 48.47244094488189 de),
803.9055118110236 1209.8267716535433 150.8031496062992 48.47244094488189 comte
904.5354330708661 1209.8267716535433 100.62992125984252 48.47244094488189 de
954.7086614173228 1209.8267716535433 167.81102362204723 48.47244094488189 Séran,
1072.0629921259842 1209.8267716535433 234.70866141732284 48.47244094488189 conseiller
1239.8740157480315 1209.8267716535433 150.8031496062992 48.47244094488189 d’État,

410.45669291338584 1259.1496062992126 208.3464566929134 40.818897637795274 membre
556.4409448818898 1259.1496062992126 125.00787401574803 40.818897637795274 de
619.0866141732283 1259.1496062992126 229.3228346456693 40.818897637795274 l’Acad.
785.7637795275591 1259.1496062992126 291.68503937007875 40.818897637795274 française.
1015.0866141732283 1259.1496062992126 125.00787401574803 40.818897637795274 N.
1077.4488188976377 1259.1496062992126 187.6535433070866 40.818897637795274 1588.
1202.4566929133857 1259.1496062992126 125.00787401574803 40.818897637795274 M.
1244.1259842519685 1259.1496062992126 145.98425196850394 40.818897637795274 1665.

410.1732283464567 1301.6692913385828 96.66141732283465 34.58267716535433 L.
458.6456692913386 1301.6692913385828 128.9763779527559 34.58267716535433 aut.
539.1496062992126 1301.6692913385828 128.9763779527559 34.58267716535433 sig.
619.6535433070866 1301.6692913385828 96.66141732283465 34.58267716535433 au
668.1259842519685 1301.6692913385828 145.13385826771653 34.58267716535433 card.
764.7874015748032 1301.6692913385828 96.66141732283465 34.58267716535433 de
812.9763779527559 1301.6692913385828 225.63779527559055 34.58267716535433 Richelieu.
990.1417322834645 1301.6692913385828 161.00787401574803 34.58267716535433 Blois,
1102.9606299212599 1301.6692913385828 96.66141732283465 34.58267716535433 29
1151.4330708661416 1301.6692913385828 193.3228346456693 34.58267716535433 novembre
1280.1259842519685 1301.6692913385828 112.81889763779527 34.58267716535433 1636.

375.87401574803147 1337.6692913385828 70.86614173228347 33.44881889763779 3
404.2204724409449 1337.6692913385828 127.2755905511811 33.44881889763779 pages
475.0866141732283 1337.6692913385828 127.2755905511811 33.44881889763779 in

401.38582677165357 1368.5669291338584 79.37007874015748 33.44881889763779 Il
441.07086614173227 1368.5669291338584 106.01574803149606 33.44881889763779 rend
507.40157480314963 1368.5669291338584 132.3779527559055 33.44881889763779 compte
600.0944881889764 1368.5669291338584 79.37007874015748 33.44881889763779 au
639.7795275590552 1368.5669291338584 159.0236220472441 33.44881889763779 cardinal
759.1181102362204 1368.5669291338584 79.37007874015748 33.44881889763779 de
798.8031496062993 1368.5669291338584 79.37007874015748 33.44881889763779 la
838.488188976378 1368.5669291338584 172.06299212598427 33.44881889763779 réception
971.1496062992126 1368.5669291338584 119.33858267716535 33.44881889763779 toute
1050.5196850393702 1368.5669291338584 172.06299212598427 33.44881889763779 courtoise
1182.8976377952756 1368.5669291338584 92.69291338582677 33.44881889763779 que
1235.9055118110236 1368.5669291338584 92.69291338582677 33.44881889763779 lui
1288.9133858267717 1368.5669291338584 66.33070866141732 33.44881889763779 a
1302.236220472441 1368.5669291338584 92.69291338582677 33.44881889763779 faite

372.755905511811 1397.4803149606298 88.15748031496064 34.2992125984252 Son
422.92913385826773 1397.4803149606298 138.61417322834646 34.2992125984252 Altesse
523.8425196850394 1397.4803149606298 252.28346456692913 34.2992125984252 Monsieur;
738.1417322834645 1397.4803149606298 75.68503937007874 34.2992125984252 il
776.1259842519685 1397.4803149606298 88.15748031496064 34.2992125984252 l’a
826.5826771653543 1397.4803149606298 138.61417322834646 34.2992125984252 trouvée
927.2125984251968 1397.4803149606298 75.68503937007874 34.2992125984252 en
965.1968503937007 1397.4803149606298 163.84251968503938 34.2992125984252 compagnie
1091.3385826771653 1397.4803149606298 75.68503937007874 34.2992125984252 de
1129.0393700787401 1397.4803149606298 126.14173228346456 34.2992125984252 dames,
1217.1968503937007 1397.4803149606298 100.91338582677166 34.2992125984252 avec
1267.6535433070867 1397.4803149606298 126.14173228346456 34.2992125984252 musique,

372.4724409448819 1425.259842519685 187.93700787401573 35.43307086614173 collation,
520.1574803149606 1425.259842519685 80.50393700787401 35.43307086614173 et
560.4094488188977 1425.259842519685 187.93700787401573 35.43307086614173 galanterie
708.0944881889764 1425.259842519685 161.29133858267716 35.43307086614173 conforme
829.1338582677165 1425.259842519685 67.18110236220473 35.43307086614173 à
856.0629921259842 1425.259842519685 161.29133858267716 35.43307086614173 l’humeur
976.8188976377953 1425.259842519685 107.43307086614173 35.43307086614173 d’un
1044.0 1425.259842519685 134.36220472440945 35.43307086614173 prince
1138.1102362204724 1425.259842519685 80.50393700787401 35.43307086614173 de
1178.3622047244094 1425.259842519685 94.11023622047244 35.43307086614173 son
1231.9370078740158 1425.259842519685 107.43307086614173 35.43307086614173 âge,
1299.1181102362204 1425.259842519685 80.50393700787401 35.43307086614173 et
1326.0472440944882 1425.259842519685 67.18110236220473 35.43307086614173 qui

373.03937007874015 1455.023622047244 92.69291338582677 31.748031496062993 n'a
426.0472440944882 1455.023622047244 119.05511811023622 31.748031496062993 point
505.4173228346457 1455.023622047244 79.37007874015748 31.748031496062993 de
545.1023622047244 1455.023622047244 158.74015748031496 31.748031496062993 mauvaise
664.1574803149606 1455.023622047244 185.10236220472441 31.748031496062993 intention,
796.2519685039371 1455.023622047244 79.37007874015748 31.748031496062993 etc.

290.26771653543307 1496.1259842519685 125.00787401574803 43.93700787401575 17.
361.7007874015748 1496.1259842519685 356.88188976377955 43.93700787401575 BELLARMIN
665.007874015748 1496.1259842519685 125.00787401574803 43.93700787401575 (Le
736.1574803149606 1496.1259842519685 214.01574803149606 43.93700787401575 cardinal
896.8818897637796 1496.1259842519685 196.15748031496062 43.93700787401575 Roberto
1039.4645669291338 1496.1259842519685 285.4488188976378 43.93700787401575 Bellarmino),
1253.763779527559 1496.1259842519685 142.58267716535434 43.93700787401575 auteur

415.84251968503935 1540.9133858267717 156.75590551181102 39.68503937007874 d’un
513.9212598425197 1540.9133858267717 176.31496062992127 39.68503937007874 grand
631.2755905511812 1540.9133858267717 195.8740157480315 39.68503937007874 nombre
768.4724409448819 1540.9133858267717 274.3937007874016 39.68503937007874 d’ouvrages
984.1889763779527 1540.9133858267717 137.1968503937008 39.68503937007874 sur
1062.708661417323 1540.9133858267717 137.1968503937008 39.68503937007874 les
1121.3858267716535 1540.9133858267717 274.3937007874016 39.68503937007874 controverses

416.6929133858268 1583.4330708661416 292.251968503937 38.55118110236221 religieuses.
654.2362204724409 1583.4330708661416 109.7007874015748 38.55118110236221 N.
708.9448818897638 1583.4330708661416 164.40944881889763 38.55118110236221 1542.
818.6456692913385 1583.4330708661416 109.7007874015748 38.55118110236221 M.
855.2125984251968 1583.4330708661416 127.84251968503936 38.55118110236221 1621.

410.74015748031496 1625.9527559055118 90.99212598425197 39.118110236220474 L.
456.09448818897636 1625.9527559055118 121.03937007874016 39.118110236220474 aut.
531.7795275590552 1625.9527559055118 121.03937007874016 39.118110236220474 sig.
607.4645669291339 1625.9527559055118 106.01574803149606 39.118110236220474 (en
668.1259842519685 1625.9527559055118 181.70078740157481 39.118110236220474 italien)
804.4724409448819 1625.9527559055118 90.99212598425197 39.118110236220474 al
849.8267716535433 1625.9527559055118 121.03937007874016 39.118110236220474 illo
925.511811023622 1625.9527559055118 151.37007874015748 39.118110236220474 signor
1031.5275590551182 1625.9527559055118 181.70078740157481 39.118110236220474 Marcello
1167.8740157480315 1625.9527559055118 181.70078740157481 39.118110236220474 Cernini.
1288.9133858267717 1625.9527559055118 106.01574803149606 39.118110236220474 Rome,

377.5748031496063 1660.5354330708662 90.14173228346456 34.2992125984252 21
422.6456692913386 1660.5354330708662 120.18897637795276 34.2992125984252 août
497.76377952755905 1660.5354330708662 135.21259842519686 34.2992125984252 1620.
587.9055118110236 1660.5354330708662 75.11811023622047 34.2992125984252 1
617.9527559055118 1660.5354330708662 120.18897637795276 34.2992125984252 page
693.0708661417323 1660.5354330708662 165.25984251968504 34.2992125984252 in-fol;
813.2598425196851 1660.5354330708662 120.18897637795276 34.2992125984252 avec
873.3543307086615 1660.5354330708662 120.18897637795276 34.2992125984252 sceau.

409.03937007874015 1693.4173228346456 71.43307086614173 30.614173228346456 Il
444.755905511811 1693.4173228346456 59.52755905511811 30.614173228346456 a
468.56692913385825 1693.4173228346456 130.6771653543307 30.614173228346456 entendu
563.5275590551181 1693.4173228346456 95.24409448818898 30.614173228346456 dire
623.0551181102362 1693.4173228346456 95.24409448818898 30.614173228346456 avec
682.5826771653543 1693.4173228346456 130.6771653543307 30.614173228346456 plaisir
777.8267716535433 1693.4173228346456 83.33858267716535 30.614173228346456 que
825.1653543307086 1693.4173228346456 83.33858267716535 30.614173228346456 son
872.7874015748032 1693.4173228346456 107.14960629921259 30.614173228346456 livre
944.2204724409448 1693.4173228346456 71.43307086614173 30.614173228346456 de
979.9370078740158 1693.4173228346456 142.58267716535434 30.614173228346456 l'Art
1086.8031496062993 1693.4173228346456 71.43307086614173 30.614173228346456 de
1122.5196850393702 1693.4173228346456 95.24409448818898 30.614173228346456 bien
1182.0472440944882 1693.4173228346456 166.39370078740157 30.614173228346456 mourir
1312.724409448819 1693.4173228346456 83.33858267716535 30.614173228346456 est
1348.4409448818897 1693.4173228346456 47.62204724409449 30.614173228346456 en

376.4409448818898 1722.3307086614172 134.36220472440945 31.46456692913386 grande
470.26771653543307 1722.3307086614172 201.54330708661416 31.46456692913386 réputation,
631.5590551181102 1722.3307086614172 107.43307086614173 31.46456692913386 mais
699.0236220472441 1722.3307086614172 80.50393700787401 31.46456692913386 il
739.2755905511812 1722.3307086614172 161.29133858267716 31.46456692913386 s’étonne
860.0314960629921 1722.3307086614172 121.03937007874016 31.46456692913386 qu’on
940.8188976377953 1722.3307086614172 80.50393700787401 31.46456692913386 en
981.0708661417323 1722.3307086614172 94.11023622047244 31.46456692913386 ait
1034.9291338582677 1722.3307086614172 80.50393700787401 31.46456692913386 pu
1075.1811023622047 1722.3307086614172 134.36220472440945 31.46456692913386 mettre
1169.291338582677 1722.3307086614172 80.50393700787401 31.46456692913386 en
1209.5433070866143 1722.3307086614172 121.03937007874016 31.46456692913386 vente
1290.3307086614172 1722.3307086614172 80.50393700787401 31.46456692913386 la
1317.259842519685 1722.3307086614172 80.50393700787401 31.46456692913386 tra-

376.7244094488189 1749.5433070866143 161.00787401574803 36.0 duction
493.79527559055117 1749.5433070866143 117.07086614173228 36.0 sans
566.9291338582677 1749.5433070866143 161.00787401574803 36.0 l’avoir
684.0 1749.5433070866143 248.88188976377953 36.0 préalablement
888.9448818897638 1749.5433070866143 161.00787401574803 36.0 averti.
1006.0157480314961 1749.5433070866143 102.33070866141732 36.0 Les
1064.6929133858268 1749.5433070866143 161.00787401574803 36.0 erreurs
1181.763779527559 1749.5433070866143 204.9448818897638 36.0 nombreuses
1328.0314960629921 1749.5433070866143 73.13385826771653 36.0 qui

376.15748031496065 1777.8897637795276 163.55905511811022 36.0 existent
498.8976377952756 1777.8897637795276 109.13385826771653 36.0 dans
566.9291338582677 1777.8897637795276 122.74015748031496 36.0 cette
648.8503937007874 1777.8897637795276 190.77165354330708 36.0 traduction
798.8031496062993 1777.8897637795276 95.5275590551181 36.0 lui
853.2283464566929 1777.8897637795276 109.13385826771653 36.0 font
921.5433070866142 1777.8897637795276 149.95275590551182 36.0 prendre
1030.3937007874015 1777.8897637795276 81.92125984251969 36.0 la
1071.4960629921259 1777.8897637795276 190.77165354330708 36.0 résolution
1221.4488188976377 1777.8897637795276 81.92125984251969 36.0 de
1262.267716535433 1777.8897637795276 81.92125984251969 36.0 ne
1289.4803149606298 1777.8897637795276 109.13385826771653 36.0 jamais

376.4409448818898 1806.8031496062993 149.95275590551182 33.732283464566926 laisser
485.5748031496063 1806.8031496062993 149.95275590551182 33.732283464566926 publier
594.4251968503937 1806.8031496062993 122.74015748031496 33.732283464566926 aucun
676.3464566929134 1806.8031496062993 81.63779527559055 33.732283464566926 de
717.1653543307086 1806.8031496062993 95.5275590551181 33.732283464566926 ses
771.5905511811023 1806.8031496062993 163.55905511811022 33.732283464566926 ouvrages
894.3307086614174 1806.8031496062993 81.63779527559055 33.732283464566926 en
935.1496062992126 1806.8031496062993 136.3464566929134 33.732283464566926 langue
1030.6771653543308 1806.8031496062993 163.55905511811022 33.732283464566926 vulgaire
1153.4173228346456 1806.8031496062993 109.13385826771653 33.732283464566926 sans
1221.4488188976377 1806.8031496062993 122.74015748031496 33.732283464566926 qu’il
1303.0866141732283 1806.8031496062993 81.63779527559055 33.732283464566926 en
1330.5826771653544 1806.8031496062993 68.03149606299213 33.732283464566926 ait

377.29133858267716 1836.0 184.8188976377953 30.04724409448819 auparavant
522.7086614173228 1836.0 145.13385826771653 30.04724409448819 examiné
628.1574803149606 1836.0 79.08661417322834 30.04724409448819 le
667.8425196850394 1836.0 158.45669291338584 30.04724409448819 travail,
773.5748031496063 1836.0 79.08661417322834 30.04724409448819 etc.

294.23622047244095 1877.1023622047244 135.7795275590551 42.23622047244095 18.
371.62204724409446 1877.1023622047244 407.33858267716533 42.23622047244095 BELLEGARDE
720.8503937007874 1877.1023622047244 193.88976377952756 42.23622047244095 (Roger
856.6299212598425 1877.1023622047244 155.0551181102362 42.23622047244095 de),
953.5748031496063 1877.1023622047244 174.61417322834646 42.23622047244095 grand
1070.0787401574803 1877.1023622047244 193.88976377952756 42.23622047244095 écuyer
1205.8582677165355 1877.1023622047244 116.50393700787401 42.23622047244095 de
1244.6929133858268 1877.1023622047244 155.0551181102362 42.23622047244095 France

417.54330708661416 1919.6220472440946 166.6771653543307 39.68503937007874 sous
521.5748031496063 1919.6220472440946 187.37007874015748 39.68503937007874 Henri
646.5826771653543 1919.6220472440946 125.00787401574803 39.68503937007874 IV
708.9448818897638 1919.6220472440946 125.00787401574803 39.68503937007874 et
771.3070866141733 1919.6220472440946 187.37007874015748 39.68503937007874 Louis
896.3149606299213 1919.6220472440946 187.37007874015748 39.68503937007874 XIII.
1021.3228346456693 1919.6220472440946 125.00787401574803 39.68503937007874 N.
1083.6850393700788 1919.6220472440946 187.37007874015748 39.68503937007874 1563.
1208.6929133858268 1919.6220472440946 125.00787401574803 39.68503937007874 M.
1250.3622047244094 1919.6220472440946 145.70078740157481 39.68503937007874 1642.

416.12598425196853 1963.8425196850394 90.70866141732283 37.41732283464567 L.
461.4803149606299 1963.8425196850394 121.03937007874016 37.41732283464567 aut.
536.8818897637796 1963.8425196850394 121.03937007874016 37.41732283464567 sig.
612.5669291338583 1963.8425196850394 90.70866141732283 37.41732283464567 au
657.9212598425197 1963.8425196850394 121.03937007874016 37.41732283464567 roi.
733.6062992125984 1963.8425196850394 90.70866141732283 37.41732283464567 Du
778.9606299212599 1963.8425196850394 105.73228346456693 37.41732283464567 1er
839.3385826771654 1963.8425196850394 181.41732283464566 37.41732283464567 décembre
975.4015748031496 1963.8425196850394 136.06299212598427 37.41732283464567 1632.
1066.1102362204724 1963.8425196850394 75.68503937007874 37.41732283464567 2
1096.4409448818897 1963.8425196850394 136.06299212598427 37.41732283464567 pages
1187.1496062992126 1963.8425196850394 181.41732283464566 37.41732283464567 in-fol.;
1308.1889763779527 1963.8425196850394 90.70866141732283 37.41732283464567 avec

376.4409448818898 2000.4094488188975 151.37007874015748 25.511811023622048 cachets
486.70866141732284 2000.4094488188975 82.77165354330708 25.511811023622048 et
514.2047244094488 2000.4094488188975 110.26771653543307 25.511811023622048 soies.

406.48818897637796 2031.3070866141732 82.77165354330708 34.01574803149607 Il
447.87401574803147 2031.3070866141732 82.77165354330708 34.01574803149607 ne
489.25984251968504 2031.3070866141732 110.26771653543307 34.01574803149607 peut
558.1417322834645 2031.3070866141732 151.6535433070866 34.01574803149607 trouver
668.4094488188977 2031.3070866141732 82.77165354330708 34.01574803149607 de
709.511811023622 2031.3070866141732 151.6535433070866 34.01574803149607 paroles
819.7795275590552 2031.3070866141732 123.8740157480315 34.01574803149607 assez
902.5511811023622 2031.3070866141732 137.76377952755905 34.01574803149607 dignes
998.9291338582677 2031.3070866141732 110.26771653543307 34.01574803149607 pour
1067.8110236220473 2031.3070866141732 179.1496062992126 34.01574803149607 remercier
1205.5748031496064 2031.3070866141732 82.77165354330708 34.01574803149607 Sa
1246.6771653543308 2031.3070866141732 151.6535433070866 34.01574803149607 Majesté
1343.3385826771653 2031.3070866141732 54.99212598425197 34.01574803149607 de
