5866 9104
2182 598 958 119 —8—

1282 821 333 124 L.
1448 821 443 124 aut.
1725 821 443 124 sig.
2002 821 277 124 à
2113 821 388 124 son
2335 821 554 124 frère,
2722 821 333 124 le
2889 821 554 124 prince
3277 821 610 124 Lucien.
3720 821 665 124 Lucques,
4219 821 388 124 1er
4385 821 388 124 juil-

1167 947 365 114 let
1375 947 469 114 1809,
1688 947 261 114 2
1793 947 469 114 pages
2105 947 469 114 petit
2366 947 365 114 in

1258 1063 560 104 Regrets
1665 1063 560 104 qu’elle
2072 1063 560 104 éprouve
2479 1063 305 104 de
2632 1063 305 104 ne
2785 1063 560 104 pouvoir
3192 1063 356 104 lui
3395 1063 458 104 céder
3700 1063 305 104 le
3853 1063 560 104 tableau
4260 1063 305 104 de
4362 1063 407 104 la....

1157 1163 361 123 qui
1364 1163 361 123 est
1570 1163 310 123 en
1725 1163 516 123 grande
2086 1163 723 123 vénération
2654 1163 413 123 dans
2912 1163 310 123 le
3067 1163 464 123 pays,
3377 1163 310 123 et
3531 1163 310 123 la
3686 1163 464 123 chose
3996 1163 310 123 la
4151 1163 413 123 plus
4409 1163 413 123 rare
4615 1163 155 123 à

1159 1259 594 112 Lucques.
1605 1259 693 112 L’Empereur
2150 1259 248 112 a
2249 1259 446 112 voulu
2546 1259 545 112 l'avoir
2942 1259 396 112 pour
3190 1259 644 112 l’envoyer
3685 1259 248 112 à
3784 1259 495 112 Paris;
4131 1259 396 112 elle
4379 1259 347 112 s’y
4527 1259 248 112 est

1164 1361 536 108 opposée
1554 1361 390 108 pour
1798 1361 292 108 le
1944 1361 390 108 même
2188 1361 634 108 motif....
2675 1361 292 108 Il
2821 1361 244 108 y
2919 1361 244 108 a
3016 1361 341 108 des
3211 1361 585 108 troubles
3650 1361 244 108 à
3747 1361 536 108 Modène,
4137 1361 244 108 à
4235 1361 585 108 Ferrare.
4625 1361 146 108 A

1168 1461 422 108 Rome,
1449 1461 281 108 le
1590 1461 468 108 départ
1918 1461 281 108 du
2058 1461 375 108 pape
2292 1461 234 108 a
2386 1461 375 108 fait
2620 1461 281 108 un
2761 1461 328 108 bon
2948 1461 468 108 effet,
3276 1461 375 108 mais
3510 1461 281 108 la
3651 1461 468 108 mesure
3979 1461 234 108 a
4072 1461 328 108 été
4260 1461 422 108 prise
4494 1461 281 108 sans

1160 1561 560 104 l’ordre
1568 1561 306 104 de
1720 1561 306 104 Sa
1873 1561 560 104 Majesté
2281 1561 306 104 et
2434 1561 458 104 d’une
2739 1561 560 104 manière
3147 1561 357 104 peu
3351 1561 764 104 convenable.
3962 1561 255 104 «
4064 1561 408 104 J’ai
4319 1561 458 104 tâché
4573 1561 204 104 de

1163 1659 248 110 «
1263 1659 496 110 rendre
1610 1659 347 110 son
1808 1659 496 110 voyage
2155 1659 298 110 le
2304 1659 397 110 plus
2552 1659 595 110 agréable
2998 1659 645 110 possible;
3494 1659 298 110 je
3643 1659 397 110 n’ai
3891 1659 397 110 rien
4138 1659 545 110 épargné
4486 1659 298 110 pour

1168 1761 234 106 «
1262 1761 422 106 cela;
1543 1761 281 106 je
1684 1761 328 106 lui
1871 1761 281 106 ai
2012 1761 422 106 donné
2293 1761 328 106 une
2480 1761 562 106 voiture,
2902 1761 281 106 de
3043 1761 609 106 l’argent,
3512 1761 422 106 etc.,
3793 1761 328 106 car
3980 1761 281 106 il
4121 1761 328 106 est
4308 1761 375 106 venu
4496 1761 281 106 sans

1167 1861 219 82 «
1255 1861 350 82 rien
1474 1861 219 82 :
1561 1861 263 82 il
1693 1861 350 82 sera
1911 1861 482 82 content
2262 1861 263 82 de
2393 1861 438 82 moi...
2656 1861 131 82 »

849 2029 475 150 45.
1121 2029 1357 150 <b>BONAPARTE</b>
2274 2029 1018 150 (Caroline),
3089 2029 814 150 ex-reine
3699 2029 407 150 de
3903 2029 746 150 Naples,
4378 2029 407 150 sœur

1307 2187 430 140 de
1522 2187 932 140 Napoléon,
2240 2187 645 140 femme
2670 2187 430 140 de
2813 2187 574 140 Murat.

1289 2333 338 118 L.
1458 2333 451 118 aut.
1739 2333 451 118 sig.
2021 2333 282 118 à
2134 2333 394 118 son
2359 2333 563 118 frère,
2753 2333 338 118 le
2922 2333 563 118 prince
3316 2333 620 118 Lucien.
3767 2333 338 118 26
3936 2333 676 118 décembre
4387 2333 394 118 1818,

1190 2461 263 114 1
1296 2461 421 114 page
1559 2461 473 114 in-4.
1822 2461 473 114 Cachet.

1269 2577 380 100 Elle
1507 2577 333 100 lui
1697 2577 665 100 renouvelle
2220 2577 333 100 les
2410 2577 380 100 vœux
2647 2577 523 100 qu’elle
3027 2577 380 100 fait
3265 2577 380 100 pour
3502 2577 333 100 son
3692 2577 523 100 bonheur
4072 2577 285 100 et
4215 2577 428 100 celui
4500 2577 285 100 de
4595 2577 190 100 sa

1171 2675 688 106 famille....
1722 2675 229 106 «
1813 2675 734 106 puissent-ils
2410 2675 367 106 être
2639 2675 550 106 exaucés,
3052 2675 459 106 puisse
3373 2675 275 106 la
3511 2675 505 106 rigueur
3878 2675 275 106 du
4015 2675 505 106 destin,
4382 2675 321 106 qui
4520 2675 275 106 nous

1174 2777 233 104 «
1268 2777 605 104 poursuit,
1733 2777 512 104 prendre
2106 2777 326 104 une
2292 2777 419 104 autre
2572 2777 652 104 direction,
3037 2777 466 104 etc....»

857 2933 459 146 46.
1120 2933 1312 146 <b>BONAPARTE</b>
2235 2933 918 146 (Pauline),
2956 2933 853 146 princesse
3612 2933 853 146 Borghèse,
4268 2933 525 146 sœur
4531 2933 262 146 de

1238 3087 775 142 Napoléon.

1307 3235 337 120 L.
1475 3235 450 120 aut.
1756 3235 450 120 sig.
2037 3235 281 120 à
2150 3235 393 120 son
2375 3235 506 120 frère
2712 3235 337 120 le
2880 3235 562 120 prince
3274 3235 618 120 Lucien.
3723 3235 506 120 Rome,
4060 3235 337 120 26
4173 3235 618 120 novembre.

1197 3363 268 116 1
1305 3363 536 116 grande
1680 3363 429 116 page
1894 3363 375 116 in

1285 3475 648 110 Inquiétude
1794 3475 278 110 où
1932 3475 370 110 elle
2164 3475 324 110 est
2349 3475 278 110 de
2488 3475 278 110 ne
2626 3475 324 110 pas
2812 3475 278 110 le
2950 3475 370 110 voir
3182 3475 278 110 ni
3320 3475 555 110 recevoir
3737 3475 278 110 de
3876 3475 324 110 ses
4061 3475 648 110 nouvelles;
4523 3475 278 110 mais

1182 3577 391 116 elle
1426 3577 342 116 est
1622 3577 488 116 encore
1964 3577 293 116 si
2110 3577 733 116 souffrante,
2696 3577 537 116 qu’elle
3087 3577 293 116 ne
3234 3577 391 116 peut
3478 3577 440 116 avoir
3771 3577 293 116 de
3918 3577 537 116 rancune
4309 3577 488 116 contre
4602 3577 195 116 un

1178 3677 460 122 frère
1485 3677 562 122 qu’elle
1893 3677 256 122 a
1996 3677 613 122 toujours
2456 3677 716 122 tendrement
3018 3677 460 122 aimé.
3325 3677 409 122 Elle
3580 3677 256 122 a
3682 3677 409 122 reçu
3938 3677 358 122 des
4143 3677 664 122 nouvelles
4603 3677 204 122 de

1185 3777 530 104 Joseph,
1571 3777 289 104 et
1715 3777 482 104 désire
2053 3777 579 104 beaucoup
2487 3777 289 104 le
2631 3777 530 104 mariage
3017 3777 289 104 de
3162 3777 289 104 sa
3306 3777 434 104 fille
3596 3777 579 104 (Zénaïde
4030 3777 241 104 )
4126 3777 386 104 avec
4367 3777 338 104 son
4512 3777 289 104 fils

1188 3883 637 100 Napoléon,
1629 3883 294 100 etc.

881 4035 436 142 47.
1130 4035 1058 142 <b>BORGIA</b>
2001 4035 747 142 (César),
2561 4035 436 142 duc
2810 4035 373 142 de
2996 4035 996 142 Valentinois,
3805 4035 498 142 fils
4117 4035 684 142 naturel
4552 4035 249 142 du

1306 4191 775 148 pape
1791 4191 1260 148 Alexandre
2760 4191 678 148 VI.
3147 4191 581 148 N.
3438 4191 775 148 ....
3923 4191 581 148 M.
4117 4191 678 148 1507.

1318 4337 304 124 Sa
1470 4337 658 124 signature
1977 4337 304 124 et
2129 4337 304 124 le
2281 4337 709 124 compliment
2838 4337 506 124 autog.
3192 4337 658 124 <i>Presto
3699 4337 304 124 al
3851 4337 608 124 servitio
4307 4337 304 124 de
4408 4337 405 124 la</i>

1197 4459 808 124 <i>senyoria
1844 4459 539 124 vostra
2221 4459 485 124 Cesar
2544 4459 323 124 de
2706 4459 539 124 Borgia
3083 4459 593 124 Electo.
3514 4459 970 124 Valentino</i>,
4322 4459 323 124 al
4430 4459 377 124 magn.

1194 4587 593 118 Pietro
1609 4587 356 118 de
1787 4587 712 118 Medicis.
2321 4587 534 118 Rome,
2677 4587 297 118 8
2796 4587 712 118 décembre
3330 4587 534 118 1472.
3686 4587 297 118 1
3804 4587 475 118 page
4101 4587 534 118 in-4,
4398 4587 415 118 d’une

1205 4709 624 116 parfaite
1621 4709 780 116 conservation.

1304 4823 293 100 II
1451 4823 585 100 remercie
1889 4823 439 100 entre
2182 4823 488 100 autres
2523 4823 293 100 ce
2670 4823 585 100 seigneur
3108 4823 536 100 d’avoir
3498 4823 488 100 accédé
3840 4823 244 100 à
3937 4823 293 100 sa
4084 4823 536 100 demande
4474 4823 293 100 en
4571 4823 244 100 lui

1198 4925 611 106 envoyant
1657 4925 306 106 un
1809 4925 306 106 de
1962 4925 357 106 ses
2166 4925 611 106 faucons;
2624 4925 458 106 mais,
2930 4925 306 106 au
3083 4925 408 106 dire
3338 4925 306 106 de
3490 4925 357 106 son
3694 4925 764 106 fauconnier,
4306 4925 306 106 ce
4407 4925 408 106 faucon

1206 5023 401 112 n’est
1474 5023 312 112 pas
1652 5023 268 112 le
1786 5023 357 112 même
2009 5023 401 112 qu’il
2277 5023 401 112 avait
2544 5023 491 112 désiré;
2901 5023 268 112 il
3035 5023 268 112 le
3169 5023 357 112 prie
3392 5023 357 112 donc
3615 5023 268 112 de
3749 5023 312 112 lui
3927 5023 535 112 accorder
4328 5023 268 112 le
4418 5023 401 112 second,

1205 5123 266 104 il
1338 5123 310 104 lui
1515 5123 355 104 sera
1737 5123 621 104 infiniment
2225 5123 444 104 obligé
2535 5123 266 104 de
2668 5123 399 104 cette
2934 5123 488 104 faveur,
3245 5123 266 104 etc.

890 5278 473 144 48.
1161 5278 1216 144 <b>BOSSUET</b>
2174 5278 946 144 (Bénigne),
2917 5278 676 144 évêque
3390 5278 405 144 de
3525 5278 541 144 Meaux.

3531 5430 428 116 N.
3745 5430 642 116 1622.
4172 5430 428 116 M.
4315 5430 499 116 1704.

1333 5581 323 120 L.
1495 5581 430 120 aut.
1763 5581 430 120 sig.
2032 5581 269 120 à
2140 5581 538 120 madame
2516 5581 645 120 d’Albert
3000 5581 323 120 de
3161 5581 699 120 Germilly,
3698 5581 269 120 8
3806 5581 430 120 août
4075 5581 484 120 1795,
4397 5581 269 120 4
4451 5581 376 120 pages

1216 5709 444 96 in-4.
1512 5709 444 96 Belle
1759 5709 444 96 lettre.

1307 5819 242 108 «
1403 5819 628 108 Continués
1886 5819 242 108 à
1983 5819 483 108 suivre
2321 5819 435 108 votre
2611 5819 580 108 attrait,
3046 5819 531 108 recevés
3432 5819 386 108 sans
3674 5819 580 108 scrupule
4108 5819 338 108 les
4302 5819 483 108 larmes
4591 5819 242 108 que

1211 5921 386 102 Dieu
1452 5921 386 102 vous
1693 5921 530 102 envoye,
2078 5921 530 102 laissés
2464 5921 386 102 dire
2705 5921 337 102 les
2897 5921 482 102 hommes
3235 5921 241 102 :
3331 5921 530 102 écoutés
3717 5921 386 102 Dieu
3958 5921 241 102 :
4054 5921 530 102 écoutés
4439 5921 434 102 Jésus
4680 5921 145 102 :

1211 6021 529 106 l’épouse
1608 6021 265 106 se
1740 6021 485 106 réjouit
2093 6021 221 106 à
2182 6021 265 106 la
2314 6021 397 106 seule
2579 6021 309 106 vue
2755 6021 265 106 de
2888 6021 662 106 l’époux....
3417 6021 485 106 espérés
3770 6021 265 106 en
3902 6021 397 106 Dieu,
4167 6021 221 106 à
4255 6021 265 106 la
4388 6021 353 106 vie,
4608 6021 221 106 à
4653 6021 176 106 la

1205 6133 419 94 mort,
1484 6133 372 94 etc.
1670 6133 140 94 »

917 6257 366 144 49.
1126 6257 941 144 <b>BOSSUET</b>
1910 6257 732 144 (Bénigne),
2433 6257 732 144 <i>idem</i>.

1331 6411 451 114 Neuf
1613 6411 620 114 lettres
2064 6411 451 114 aut.
2346 6411 282 114 à
2458 6411 564 114 l’abbé
2853 6411 677 114 Bossuet,
3361 6411 395 114 son
3586 6411 564 114 neveu.
3981 6411 282 114 à
4094 6411 508 114 Rome,
4376 6411 451 114 datées

1213 6537 350 112 de
1388 6537 584 112 Paris,
1796 6537 875 112 Versailles,
2497 6537 584 112 Meaux,
2905 6537 525 112 etc.,
3255 6537 350 112 du
3430 6537 350 112 23
3605 6537 700 112 décembre
4131 6537 525 112 1697,
4481 6537 350 112 au
4598 6537 233 112 10

1224 6659 423 118 nov.
1489 6659 476 118 1698.
1806 6659 318 118 En
1965 6659 423 118 tout
2230 6659 318 118 40
2388 6659 476 118 pages
2706 6659 476 118 petit
2971 6659 370 118 in

1309 6773 290 112 On
1454 6773 242 112 y
1550 6773 242 112 a
1647 6773 435 112 joint
1937 6773 338 112 une
2130 6773 483 112 lettre
2468 6773 483 112 signée
2806 6773 290 112 au
2951 6773 386 112 père
3193 6773 580 112 Bouhours
3627 6773 242 112 ,
3724 6773 290 112 du
3869 6773 290 112 12
4014 6773 676 112 septembre,
4497 6773 338 112 1676.

897 6929 475 144 50.
1168 6929 1356 144 <b>BOUFFLERS</b>
2321 6929 475 144 (Le
2593 6929 882 144 chevalier
3271 6929 543 144 de).
3610 6929 407 144 N.
3814 6929 610 144 1737.
4221 6929 407 144 M.
4356 6929 475 144 1815.

1344 7085 308 116 L.
1498 7085 411 116 aut.
1755 7085 411 116 sig.
2011 7085 257 116 à
2114 7085 308 116 M.
2268 7085 308 116 de
2422 7085 719 116 Lavalette.
2988 7085 514 116 Paris,
3347 7085 257 116 2
3450 7085 565 116 juillet
3861 7085 462 116 1806.
4169 7085 257 116 2
4272 7085 411 116 page
4477 7085 360 116 in

1326 7199 293 110 Il
1473 7199 342 110 lui
1668 7199 537 110 demande
2059 7199 293 110 la
2205 7199 537 110 réponse
2596 7199 293 110 au
2743 7199 537 110 mémoire
3133 7199 440 110 qu'il
3426 7199 244 110 a
3524 7199 488 110 déposé
3866 7199 391 110 chez
4110 7199 391 110 lui,
4355 7199 293 110 en
4452 7199 391 110 faveur
