1662.8031496062993 2540.4094488188975
661.3228346456693 202.39370078740157 272.9763779527559 34.58267716535433 —5—

290.26771653543307 258.23622047244095 128.9763779527559 47.05511811023622 27.
363.9685039370079 258.23622047244095 331.93700787401576 47.05511811023622 BÉRULLE
640.6299212598425 258.23622047244095 221.10236220472441 47.05511811023622 (Pierre,
806.4566929133858 258.23622047244095 221.10236220472441 47.05511811023622 cardinal
972.2834645669292 258.23622047244095 147.4015748031496 47.05511811023622 de).
1064.4094488188975 258.23622047244095 110.55118110236221 47.05511811023622 N.
1119.9685039370079 258.23622047244095 165.82677165354332 47.05511811023622 1575.
1230.5196850393702 258.23622047244095 110.55118110236221 47.05511811023622 M.
1267.3700787401574 258.23622047244095 110.55118110236221 47.05511811023622 1629

414.99212598425197 309.25984251968504 86.1732283464567 32.31496062992126 L.
458.0787401574803 309.25984251968504 114.80314960629921 32.31496062992126 aut.
529.7952755905512 309.25984251968504 114.80314960629921 32.31496062992126 sig.
601.511811023622 309.25984251968504 71.71653543307086 32.31496062992126 à
630.1417322834645 309.25984251968504 86.1732283464567 32.31496062992126 M.
673.2283464566929 309.25984251968504 172.06299212598427 32.31496062992126 l’évêque
802.488188976378 309.25984251968504 86.1732283464567 32.31496062992126 de
845.2913385826772 309.25984251968504 143.43307086614172 32.31496062992126 Luçon.
945.6377952755905 309.25984251968504 143.43307086614172 32.31496062992126 Paris,
1046.267716535433 309.25984251968504 86.1732283464567 32.31496062992126 12
1089.0708661417323 309.25984251968504 128.9763779527559 32.31496062992126 avril
1175.244094488189 309.25984251968504 128.9763779527559 32.31496062992126 1622.
1246.9606299212599 309.25984251968504 143.43307086614172 32.31496062992126 Relative

376.4409448818898 337.6062992125984 98.07874015748031 38.55118110236221 aux
432.2834645669291 337.6062992125984 168.3779527559055 38.55118110236221 affaires
558.7086614173228 337.6062992125984 84.18897637795276 38.55118110236221 de
600.6614173228346 337.6062992125984 154.20472440944883 38.55118110236221 l’État,
712.9133858267717 337.6062992125984 168.3779527559055 38.55118110236221 curieuse
839.0551181102362 337.6062992125984 98.07874015748031 38.55118110236221 par
895.1811023622047 337.6062992125984 98.07874015748031 38.55118110236221 les
951.3070866141733 337.6062992125984 168.3779527559055 38.55118110236221 détails.
1077.4488188976377 337.6062992125984 70.01574803149606 38.55118110236221 1
1105.5118110236222 337.6062992125984 112.25196850393701 38.55118110236221 page
1161.6377952755906 337.6062992125984 126.14173228346456 38.55118110236221 in

289.13385826771656 389.76377952755905 121.03937007874016 44.78740157480315 28.
358.2992125984252 389.76377952755905 346.1102362204724 44.78740157480315 BERZÉLIUS
652.5354330708661 389.76377952755905 242.07874015748033 44.78740157480315 (Jacques),
842.7401574803149 389.76377952755905 190.20472440944883 44.78740157480315 physic.
981.0708661417323 389.76377952755905 103.74803149606299 44.78740157480315 et
1032.9448818897638 389.76377952755905 207.49606299212599 44.78740157480315 chimiste
1171.5590551181103 389.76377952755905 172.91338582677164 44.78740157480315 suédois.

411.59055118110234 435.68503937007875 90.14173228346456 32.881889763779526 L.
456.66141732283467 435.68503937007875 120.18897637795276 32.881889763779526 aut.
531.7795275590552 435.68503937007875 120.18897637795276 32.881889763779526 sig.
606.8976377952756 435.68503937007875 75.11811023622047 32.881889763779526 à
636.9448818897638 435.68503937007875 90.14173228346456 32.881889763779526 M.
682.2992125984252 435.68503937007875 165.25984251968504 32.881889763779526 Durotay
802.488188976378 435.68503937007875 90.14173228346456 32.881889763779526 de
847.5590551181102 435.68503937007875 225.35433070866142 32.881889763779526 Blainville.
1027.8425196850394 435.68503937007875 210.33070866141733 32.881889763779526 Stockholm,
1193.3858267716535 435.68503937007875 90.14173228346456 32.881889763779526 31
1238.4566929133857 435.68503937007875 105.16535433070867 32.881889763779526 mai
1283.5275590551182 435.68503937007875 105.16535433070867 32.881889763779526 1833.

380.6929133858268 470.26771653543307 73.41732283464567 32.31496062992126 1
410.1732283464567 470.26771653543307 132.3779527559055 32.31496062992126 belle
498.3307086614173 470.26771653543307 117.63779527559055 32.31496062992126 page
557.2913385826772 470.26771653543307 102.89763779527559 32.31496062992126 in

408.18897637795277 502.5826771653543 79.93700787401575 28.346456692913385 Il
448.15748031496065 502.5826771653543 93.25984251968504 28.346456692913385 lui
501.4488188976378 502.5826771653543 186.51968503937007 28.346456692913385 recommande
648.0 502.5826771653543 106.58267716535433 28.346456692913385 avec
714.6141732283464 502.5826771653543 146.5511811023622 28.346456692913385 intérêt
821.1968503937007 502.5826771653543 79.93700787401575 28.346456692913385 M.
861.1653543307086 502.5826771653543 133.22834645669292 28.346456692913385 Friès,
954.7086614173228 502.5826771653543 173.1968503937008 28.346456692913385 intendant
1087.9370078740158 502.5826771653543 79.93700787401575 28.346456692913385 du
1127.9055118110236 502.5826771653543 146.5511811023622 28.346456692913385 cabinet
1234.4881889763778 502.5826771653543 79.93700787401575 28.346456692913385 de
1261.1338582677165 502.5826771653543 133.22834645669292 28.346456692913385 zoologie

377.5748031496063 530.9291338582677 83.33858267716535 28.913385826771652 de
419.244094488189 530.9291338582677 194.74015748031496 28.913385826771652 l’Académie
572.3149606299213 530.9291338582677 83.33858267716535 28.913385826771652 de
613.9842519685039 530.9291338582677 194.74015748031496 28.913385826771652 Stockholm,
767.0551181102362 530.9291338582677 97.22834645669292 28.913385826771652 que
822.6141732283464 530.9291338582677 194.74015748031496 28.913385826771652 l’Académie
975.4015748031496 530.9291338582677 69.44881889763779 28.913385826771652 a
1003.1811023622047 530.9291338582677 139.1811023622047 28.913385826771652 envoyé
1100.6929133858268 530.9291338582677 111.11811023622047 28.913385826771652 dans
1170.1417322834645 530.9291338582677 194.74015748031496 28.913385826771652 l’étranger
1309.3228346456692 530.9291338582677 83.33858267716535 28.913385826771652 pour

377.5748031496063 558.7086614173228 151.93700787401573 29.480314960629922 prendre
488.12598425196853 558.7086614173228 221.10236220472441 29.480314960629922 connaissance
667.8425196850394 558.7086614173228 96.66141732283465 29.480314960629922 des
723.1181102362204 558.7086614173228 138.04724409448818 29.480314960629922 musées
819.7795275590552 558.7086614173228 221.10236220472441 29.480314960629922 zoologiques,
985.6062992125984 558.7086614173228 82.77165354330708 29.480314960629922 etc.

289.98425196850394 596.6929133858267 122.45669291338582 49.32283464566929 29.
360.0 596.6929133858267 314.92913385826773 49.32283464566929 BÉTHUNE
622.488188976378 596.6929133858267 227.6220472440945 49.32283464566929 (Philippe
797.6692913385826 596.6929133858267 140.03149606299212 49.32283464566929 de),
884.9763779527559 596.6929133858267 157.60629921259843 49.32283464566929 frère
990.1417322834645 596.6929133858267 157.60629921259843 49.32283464566929 puîné
1095.023622047244 596.6929133858267 104.88188976377953 49.32283464566929 de
1147.748031496063 596.6929133858267 174.89763779527559 49.32283464566929 Sully,
1252.6299212598426 596.6929133858267 140.03149606299212 49.32283464566929 ambas

416.6929133858268 648.8503937007874 194.17322834645668 35.71653543307087 sadeur
552.7559055118111 648.8503937007874 97.22834645669292 35.71653543307087 à
591.5905511811023 648.8503937007874 174.89763779527559 35.71653543307087 Rome,
708.0944881889764 648.8503937007874 155.33858267716536 35.71653543307087 sous
805.3228346456693 648.8503937007874 174.89763779527559 35.71653543307087 Louis
921.8267716535433 648.8503937007874 174.89763779527559 35.71653543307087 XIII.
1038.3307086614172 648.8503937007874 116.50393700787401 35.71653543307087 N.
1096.724409448819 648.8503937007874 174.89763779527559 35.71653543307087 1561.
1213.2283464566929 648.8503937007874 116.50393700787401 35.71653543307087 M.
1252.0629921259842 648.8503937007874 136.06299212598427 35.71653543307087 1649.

411.59055118110234 684.5669291338583 93.54330708661418 39.118110236220474 L.
458.3622047244094 684.5669291338583 125.00787401574803 39.118110236220474 aut.
536.3149606299213 684.5669291338583 125.00787401574803 39.118110236220474 sig.
614.5511811023622 684.5669291338583 77.95275590551181 39.118110236220474 à
645.7322834645669 684.5669291338583 109.13385826771653 39.118110236220474 Son
708.0944881889764 684.5669291338583 202.96062992125985 39.118110236220474 Éminence.
864.2834645669292 684.5669291338583 202.96062992125985 39.118110236220474 Deselles,
1020.1889763779527 684.5669291338583 93.54330708661418 39.118110236220474 21
1067.244094488189 684.5669291338583 171.7795275590551 39.118110236220474 juillet
1191.9685039370079 684.5669291338583 140.5984251968504 39.118110236220474 1648.
1285.7952755905512 684.5669291338583 77.95275590551181 39.118110236220474 1
1301.3858267716535 684.5669291338583 93.54330708661418 39.118110236220474 page

379.5590551181102 725.9527559055118 150.51968503937007 29.480314960629922 in-fol.
488.9763779527559 725.9527559055118 68.31496062992126 29.480314960629922 ;
516.1889763779527 725.9527559055118 109.41732283464567 29.480314960629922 avec
571.1811023622047 725.9527559055118 123.02362204724409 29.480314960629922 cachet.

403.65354330708664 752.0314960629921 86.1732283464567 35.1496062992126 La
446.74015748031496 752.0314960629921 129.25984251968504 35.1496062992126 grâce
532.9133858267717 752.0314960629921 100.34645669291339 35.1496062992126 que
590.1732283464567 752.0314960629921 100.34645669291339 35.1496062992126 Son
647.7165354330708 752.0314960629921 172.06299212598427 35.1496062992126 Éminence
776.6929133858267 752.0314960629921 114.80314960629921 35.1496062992126 veut
848.6929133858267 752.0314960629921 114.80314960629921 35.1496062992126 bien
920.4094488188977 752.0314960629921 172.06299212598427 35.1496062992126 accorder
1049.3858267716535 752.0314960629921 71.71653543307086 35.1496062992126 à
1078.015748031496 752.0314960629921 100.34645669291339 35.1496062992126 son
1135.5590551181103 752.0314960629921 129.25984251968504 35.1496062992126 fils,
1221.732283464567 752.0314960629921 86.1732283464567 35.1496062992126 le
1264.5354330708662 752.0314960629921 129.25984251968504 35.1496062992126 comte
1336.5354330708662 752.0314960629921 57.25984251968504 35.1496062992126 de

378.99212598425197 785.4803149606299 164.40944881889763 32.31496062992126 Béthune,
502.2992125984252 785.4803149606299 82.20472440944881 32.31496062992126 de
543.4015748031496 785.4803149606299 95.81102362204724 32.31496062992126 lui
598.1102362204724 785.4803149606299 137.1968503937008 32.31496062992126 donner
694.2047244094488 785.4803149606299 95.81102362204724 32.31496062992126 une
748.9133858267717 785.4803149606299 137.1968503937008 32.31496062992126 charge
845.007874015748 785.4803149606299 109.7007874015748 32.31496062992126 dans
913.6062992125984 785.4803149606299 82.20472440944881 32.31496062992126 la
954.7086614173228 785.4803149606299 137.1968503937008 32.31496062992126 maison
1050.5196850393702 785.4803149606299 82.20472440944881 32.31496062992126 du
1091.6220472440946 785.4803149606299 95.81102362204724 32.31496062992126 duc
1146.6141732283465 785.4803149606299 164.40944881889763 32.31496062992126 d’Anjou,
1269.9212598425197 785.4803149606299 95.81102362204724 32.31496062992126 est
1311.023622047244 785.4803149606299 82.20472440944881 32.31496062992126 pour

378.70866141732284 812.6929133858267 89.85826771653544 30.614173228346456 lui
430.01574803149606 812.6929133858267 89.85826771653544 30.614173228346456 une
481.3228346456693 812.6929133858267 128.40944881889763 30.614173228346456 grande
571.4645669291339 812.6929133858267 192.75590551181102 30.614173228346456 consolation
725.6692913385826 812.6929133858267 102.89763779527559 30.614173228346456 dans
789.7322834645669 812.6929133858267 89.85826771653544 30.614173228346456 ses
841.3228346456693 812.6929133858267 115.65354330708661 30.614173228346456 vieux
918.4251968503937 812.6929133858267 128.40944881889763 30.614173228346456 jours,
1008.2834645669292 812.6929133858267 77.10236220472441 30.614173228346456 et
1046.8346456692914 812.6929133858267 141.4488188976378 30.614173228346456 servira
1149.732283464567 812.6929133858267 64.34645669291339 30.614173228346456 à
1175.244094488189 812.6929133858267 89.85826771653544 30.614173228346456 lui
1226.8346456692914 812.6929133858267 115.65354330708661 30.614173228346456 faire
1290.8976377952756 812.6929133858267 102.89763779527559 30.614173228346456 passer

377.8582677165354 840.4724409448819 77.38582677165354 30.614173228346456 le
416.6929133858268 840.4724409448819 116.22047244094489 30.614173228346456 reste
494.0787401574803 840.4724409448819 77.38582677165354 30.614173228346456 de
532.9133858267717 840.4724409448819 90.4251968503937 30.614173228346456 son
584.503937007874 840.4724409448819 167.81102362204723 30.614173228346456 existence
713.7637795275591 840.4724409448819 103.18110236220473 30.614173228346456 avec
778.1102362204724 840.4724409448819 103.18110236220473 30.614173228346456 plus
842.7401574803149 840.4724409448819 77.38582677165354 30.614173228346456 de
881.5748031496063 840.4724409448819 142.01574803149606 30.614173228346456 douceur
984.7559055118111 840.4724409448819 77.38582677165354 30.614173228346456 et
1023.5905511811023 840.4724409448819 77.38582677165354 30.614173228346456 de
1062.4251968503936 840.4724409448819 219.4015748031496 30.614173228346456 tranquillité,
1230.236220472441 840.4724409448819 77.38582677165354 30.614173228346456 etc.

291.40157480314963 884.6929133858267 121.88976377952756 44.78740157480315 30.
360.8503937007874 884.6929133858267 313.79527559055117 44.78740157480315 BITAUBÉ
622.488188976378 884.6929133858267 331.0866141732283 44.78740157480315 (Paul-Jérémie),
901.1338582677165 884.6929133858267 226.48818897637796 44.78740157480315 littérat.
1075.4645669291338 884.6929133858267 104.5984251968504 44.78740157480315 N.
1127.9055118110236 884.6929133858267 156.75590551181102 44.78740157480315 1732.
1232.5039370078741 884.6929133858267 104.5984251968504 44.78740157480315 M.
1267.3700787401574 884.6929133858267 121.88976377952756 44.78740157480315 1808.

413.00787401574803 932.3149606299213 89.00787401574803 33.44881889763779 L.
457.51181102362204 932.3149606299213 118.48818897637796 33.44881889763779 aut.
531.496062992126 932.3149606299213 118.48818897637796 33.44881889763779 sig.
605.7637795275591 932.3149606299213 89.00787401574803 33.44881889763779 au
650.2677165354331 932.3149606299213 162.99212598425197 33.44881889763779 citoyen
768.7559055118111 932.3149606299213 252.0 33.44881889763779 Président....
976.2519685039371 932.3149606299213 148.251968503937 33.44881889763779 Paris,
1080.283464566929 932.3149606299213 89.00787401574803 33.44881889763779 17
1124.5039370078741 932.3149606299213 222.51968503937007 33.44881889763779 vendémiaire
1302.5196850393702 932.3149606299213 89.00787401574803 33.44881889763779 an
1332.283464566929 932.3149606299213 59.24409448818898 33.44881889763779 VI

377.5748031496063 968.0314960629921 93.25984251968504 32.31496062992126 de
424.34645669291336 968.0314960629921 93.25984251968504 32.31496062992126 la
470.8346456692913 968.0314960629921 233.00787401574803 32.31496062992126 République.
657.3543307086615 968.0314960629921 77.66929133858268 32.31496062992126 1
688.2519685039371 968.0314960629921 124.15748031496064 32.31496062992126 page
750.3307086614174 968.0314960629921 108.85039370078741 32.31496062992126 in

409.03937007874015 999.7795275590552 81.92125984251969 29.480314960629922 Il
449.8582677165354 999.7795275590552 95.5275590551181 29.480314960629922 lui
504.56692913385825 999.7795275590552 150.23622047244095 29.480314960629922 adresse
613.7007874015748 999.7795275590552 95.5275590551181 29.480314960629922 ses
668.4094488188977 999.7795275590552 218.26771653543307 29.480314960629922 remerciments
845.5748031496063 999.7795275590552 109.13385826771653 29.480314960629922 pour
913.8897637795276 999.7795275590552 95.5275590551181 29.480314960629922 les
968.5984251968504 999.7795275590552 136.3464566929134 29.480314960629922 divers
1064.1259842519685 999.7795275590552 163.84251968503938 29.480314960629922 ouvrages
1186.8661417322835 999.7795275590552 109.13385826771653 29.480314960629922 dont
1255.1811023622047 999.7795275590552 81.92125984251969 29.480314960629922 il
1296.0 999.7795275590552 68.31496062992126 29.480314960629922 a
1309.6062992125985 999.7795275590552 81.92125984251969 29.480314960629922 bien

378.70866141732284 1027.5590551181103 124.7244094488189 31.181102362204726 voulu
461.76377952755905 1027.5590551181103 83.05511811023622 31.181102362204726 le
503.43307086614175 1027.5590551181103 193.88976377952756 31.181102362204726 gratifier,
655.6535433070866 1027.5590551181103 83.05511811023622 31.181102362204726 et
697.3228346456693 1027.5590551181103 83.05511811023622 31.181102362204726 le
738.992125984252 1027.5590551181103 110.83464566929133 31.181102362204726 prie
808.1574803149606 1027.5590551181103 180.0 31.181102362204726 d’agréer,
946.488188976378 1027.5590551181103 96.94488188976378 31.181102362204726 non
1002.0472440944882 1027.5590551181103 124.7244094488189 31.181102362204726 comme
1085.1023622047244 1027.5590551181103 152.2204724409449 31.181102362204726 retour,
1195.9370078740158 1027.5590551181103 110.83464566929133 31.181102362204726 mais
1265.1023622047244 1027.5590551181103 124.7244094488189 31.181102362204726 comme
1334.5511811023623 1027.5590551181103 55.275590551181104 31.181102362204726 un

381.25984251968504 1055.3385826771653 100.91338582677166 30.04724409448819 léger
448.7244094488189 1055.3385826771653 157.03937007874015 30.04724409448819 témoignage
572.0314960629921 1055.3385826771653 67.18110236220473 30.04724409448819 de
605.7637795275591 1055.3385826771653 67.18110236220473 30.04724409448819 sa
639.496062992126 1055.3385826771653 213.16535433070865 30.04724409448819 reconnaissance,
818.9291338582677 1055.3385826771653 78.51968503937007 30.04724409448819 ses
863.7165354330708 1055.3385826771653 201.82677165354332 30.04724409448819 Bataves
1032.0944881889764 1055.3385826771653 67.18110236220473 30.04724409448819 et
1065.5433070866143 1055.3385826771653 78.51968503937007 30.04724409448819 son
1110.6141732283465 1055.3385826771653 201.82677165354332 30.04724409448819 Joseph,
1267.6535433070867 1055.3385826771653 67.18110236220473 30.04724409448819 etc.

284.88188976377955 1096.1574803149606 161.85826771653544 43.653543307086615 31.
377.5748031496063 1096.1574803149606 670.6771653543307 43.653543307086615 BOILEAU-DESPRÉAUX.
978.8031496062993 1096.1574803149606 138.61417322834646 43.653543307086615 N.
1047.9685039370079 1096.1574803149606 208.06299212598427 43.653543307086615 1636.
1186.8661417322835 1096.1574803149606 138.61417322834646 43.653543307086615 M.
1233.0708661417323 1096.1574803149606 161.85826771653544 43.653543307086615 1711.

413.29133858267716 1148.3149606299212 87.30708661417323 32.881889763779526 L.
456.9448818897638 1148.3149606299212 116.50393700787401 32.881889763779526 aut.
529.7952755905512 1148.3149606299212 116.50393700787401 32.881889763779526 sig.
602.6456692913385 1148.3149606299212 72.85039370078741 32.881889763779526 à
631.8425196850394 1148.3149606299212 116.50393700787401 32.881889763779526 Jean
689.9527559055118 1148.3149606299212 131.24409448818898 32.881889763779526 Racine.

405.3543307086614 1180.0629921259842 115.37007874015748 31.748031496062993 Cette
482.1732283464567 1180.0629921259842 141.16535433070865 31.748031496062993 lettre,
584.7874015748032 1180.0629921259842 76.81889763779527 31.748031496062993 de
623.3385826771654 1180.0629921259842 102.61417322834646 31.748031496062993 cinq
687.4015748031496 1180.0629921259842 128.1259842519685 31.748031496062993 pages,
777.2598425196851 1180.0629921259842 76.81889763779527 31.748031496062993 en
815.5275590551181 1180.0629921259842 115.37007874015748 31.748031496062993 prose
892.6299212598425 1180.0629921259842 76.81889763779527 31.748031496062993 et
930.8976377952756 1180.0629921259842 76.81889763779527 31.748031496062993 en
969.4488188976378 1180.0629921259842 115.37007874015748 31.748031496062993 vers,
1046.5511811023623 1180.0629921259842 89.85826771653544 31.748031496062993 est
1097.8582677165355 1180.0629921259842 102.61417322834646 31.748031496062993 sans
1161.9212598425197 1180.0629921259842 166.6771653543307 31.748031496062993 contredit
1290.0472440944882 1180.0629921259842 89.85826771653544 31.748031496062993 une
1328.5984251968505 1180.0629921259842 64.06299212598425 31.748031496062993 des

376.7244094488189 1207.275590551181 108.28346456692914 33.44881889763779 plus
444.4724409448819 1207.275590551181 202.96062992125985 33.44881889763779 importantes
606.8976377952756 1207.275590551181 94.67716535433071 33.44881889763779 qui
661.0393700787401 1207.275590551181 121.88976377952756 33.44881889763779 aient
742.1102362204724 1207.275590551181 94.67716535433071 33.44881889763779 été
796.2519685039371 1207.275590551181 148.8188976377953 33.44881889763779 écrites
904.5354330708661 1207.275590551181 94.67716535433071 33.44881889763779 par
958.6771653543307 1207.275590551181 81.07086614173228 33.44881889763779 le
999.2125984251968 1207.275590551181 121.88976377952756 33.44881889763779 grand
1080.283464566929 1207.275590551181 189.35433070866142 33.44881889763779 satirique.
1229.1023622047244 1207.275590551181 108.28346456692914 33.44881889763779 Elle
1283.244094488189 1207.275590551181 108.28346456692914 33.44881889763779 traite

378.1417322834646 1234.4881889763778 115.65354330708661 31.748031496062993 d'une
455.244094488189 1234.4881889763778 154.20472440944883 31.748031496062993 entrevue
570.6141732283464 1234.4881889763778 115.65354330708661 31.748031496062993 qu’il
647.7165354330708 1234.4881889763778 115.65354330708661 31.748031496062993 vient
724.8188976377953 1234.4881889763778 141.16535433070865 31.748031496062993 d’avoir
827.4330708661417 1234.4881889763778 102.61417322834646 31.748031496062993 avec
891.7795275590552 1234.4881889763778 77.10236220472441 31.748031496062993 le
930.3307086614174 1234.4881889763778 154.20472440944883 31.748031496062993 révérend
1045.984251968504 1234.4881889763778 102.61417322834646 31.748031496062993 père
1110.0472440944882 1234.4881889763778 141.16535433070865 31.748031496062993 jésuite
1212.9448818897638 1234.4881889763778 77.10236220472441 31.748031496062993 de
1251.4960629921259 1234.4881889763778 77.10236220472441 31.748031496062993 La
1277.007874015748 1234.4881889763778 115.65354330708661 31.748031496062993 Chaise,

377.5748031496063 1263.4015748031495 132.09448818897638 30.614173228346456 auquel
469.98425196850394 1263.4015748031495 79.08661417322834 30.614173228346456 il
509.6692913385827 1263.4015748031495 66.04724409448819 30.614173228346456 a
536.0314960629921 1263.4015748031495 79.08661417322834 30.614173228346456 lu
575.7165354330708 1263.4015748031495 79.08661417322834 30.614173228346456 sa
615.1181102362204 1263.4015748031495 145.13385826771653 30.614173228346456 célèbre
720.8503937007874 1263.4015748031495 132.09448818897638 30.614173228346456 épître
813.2598425196851 1263.4015748031495 92.40944881889764 30.614173228346456 sur
865.9842519685039 1263.4015748031495 145.13385826771653 30.614173228346456 l’Amour
971.4330708661417 1263.4015748031495 79.08661417322834 30.614173228346456 de
1011.1181102362204 1263.4015748031495 118.77165354330708 30.614173228346456 Dieu.
1090.2047244094488 1263.4015748031495 118.77165354330708 30.614173228346456 Cette
1169.5748031496064 1263.4015748031495 145.13385826771653 30.614173228346456 épître,
1275.023622047244 1263.4015748031495 92.40944881889764 30.614173228346456 qui
1314.708661417323 1263.4015748031495 79.08661417322834 30.614173228346456 cou-

378.70866141732284 1291.1811023622047 106.58267716535433 32.881889763779526 rait
445.3228346456693 1291.1811023622047 79.93700787401575 32.881889763779526 en
485.29133858267716 1291.1811023622047 186.23622047244095 32.881889763779526 manuscrit,
631.5590551181102 1291.1811023622047 119.90551181102362 32.881889763779526 avait
711.496062992126 1291.1811023622047 146.5511811023622 32.881889763779526 soulevé
818.0787401574803 1291.1811023622047 79.93700787401575 32.881889763779526 la
858.0472440944882 1291.1811023622047 146.5511811023622 32.881889763779526 société
964.3464566929134 1291.1811023622047 93.25984251968504 32.881889763779526 des
1017.6377952755905 1291.1811023622047 172.91338582677164 32.881889763779526 jésuites,
1150.8661417322835 1291.1811023622047 93.25984251968504 32.881889763779526 qui
1204.1574803149606 1291.1811023622047 79.93700787401575 32.881889763779526 la
1230.5196850393702 1291.1811023622047 159.8740157480315 32.881889763779526 proclamait

378.4251968503937 1319.5275590551182 142.58267716535434 30.04724409448819 écrite
478.20472440944883 1319.5275590551182 142.58267716535434 30.04724409448819 contre
577.9842519685039 1319.5275590551182 128.40944881889763 30.04724409448819 elle.
663.8740157480315 1319.5275590551182 85.60629921259843 30.04724409448819 On
706.6771653543307 1319.5275590551182 85.60629921259843 30.04724409448819 se
749.4803149606299 1319.5275590551182 185.38582677165354 30.04724409448819 disputait
892.0629921259842 1319.5275590551182 114.23622047244095 30.04724409448819 avec
963.496062992126 1319.5275590551182 228.18897637795277 30.04724409448819 acharnement,
1148.8818897637796 1319.5275590551182 71.43307086614173 30.04724409448819 à
1177.5118110236222 1319.5275590551182 85.60629921259843 30.04724409448819 ce
1220.3149606299212 1319.5275590551182 157.03937007874015 30.04724409448819 propos,
1320.0944881889764 1319.5275590551182 71.43307086614173 30.04724409448819 sur

380.40944881889766 1346.740157480315 140.5984251968504 28.346456692913385 l’Amour
482.45669291338584 1346.740157480315 153.35433070866142 28.346456692913385 affectif
597.5433070866142 1346.740157480315 76.53543307086615 28.346456692913385 et
635.8110236220473 1346.740157480315 140.5984251968504 28.346456692913385 l’Amour
737.8582677165355 1346.740157480315 166.11023622047244 28.346456692913385 effectif,
865.7007874015748 1346.740157480315 89.29133858267717 28.346456692913385 sur
916.7244094488188 1346.740157480315 191.6220472440945 28.346456692913385 l’Attrition
1070.0787401574803 1346.740157480315 76.53543307086615 28.346456692913385 et
1108.3464566929133 1346.740157480315 76.53543307086615 28.346456692913385 la
1146.6141732283465 1346.740157480315 191.6220472440945 28.346456692913385 Contrition;
1299.9685039370079 1346.740157480315 76.53543307086615 28.346456692913385 le
1325.4803149606298 1346.740157480315 63.77952755905512 28.346456692913385 feu

378.1417322834646 1375.0866141732283 120.18897637795276 28.346456692913385 était
458.0787401574803 1375.0866141732283 133.51181102362204 28.346456692913385 allumé
551.6220472440945 1375.0866141732283 120.18897637795276 28.346456692913385 entre
631.5590551181102 1375.0866141732283 79.93700787401575 28.346456692913385 la
671.5275590551181 1375.0866141732283 146.83464566929135 28.346456692913385 société
778.3937007874016 1375.0866141732283 79.93700787401575 28.346456692913385 et
818.3622047244095 1375.0866141732283 173.48031496062993 28.346456692913385 Messieurs
951.8740157480315 1375.0866141732283 79.93700787401575 28.346456692913385 de
991.8425196850394 1375.0866141732283 200.1259842519685 28.346456692913385 Port-Royal.
1152.0 1375.0866141732283 146.83464566929135 28.346456692913385 Boileau
1258.5826771653544 1375.0866141732283 66.61417322834646 28.346456692913385 a
1285.2283464566929 1375.0866141732283 79.93700787401575 28.346456692913385 lu
1312.1574803149606 1375.0866141732283 79.93700787401575 28.346456692913385 avec

377.8582677165354 1402.8661417322835 142.86614173228347 31.181102362204726 adresse
481.8897637795276 1402.8661417322835 77.95275590551181 31.181102362204726 au
520.7244094488188 1402.8661417322835 142.86614173228347 31.181102362204726 jésuite
624.4724409448819 1402.8661417322835 155.90551181102362 31.181102362204726 l'épître
741.2598425196851 1402.8661417322835 168.66141732283464 31.181102362204726 coupable;
871.0866141732283 1402.8661417322835 77.95275590551181 31.181102362204726 il
910.2047244094488 1402.8661417322835 116.78740157480316 31.181102362204726 s’est
987.8740157480315 1402.8661417322835 155.90551181102362 31.181102362204726 concilié
1104.9448818897638 1402.8661417322835 77.95275590551181 31.181102362204726 le
1143.7795275590552 1402.8661417322835 103.74803149606299 31.181102362204726 père
1208.6929133858268 1402.8661417322835 77.95275590551181 31.181102362204726 de
1247.5275590551182 1402.8661417322835 77.95275590551181 31.181102362204726 La
1273.6062992125985 1402.8661417322835 116.78740157480316 31.181102362204726 Chaise:

380.9763779527559 1433.4803149606298 147.68503937007873 27.77952755905512 I'épître
491.5275590551181 1433.4803149606298 86.1732283464567 27.77952755905512 est
528.3779527559055 1433.4803149606298 110.83464566929133 27.77952755905512 sauvée.

290.8346456692913 1474.8661417322835 120.4724409448819 46.488188976377955 32.
359.7165354330709 1474.8661417322835 498.61417322834643 46.488188976377955 BOILEAU-DESPRÉAUX,
789.7322834645669 1474.8661417322835 240.66141732283464 46.488188976377955 idem.

416.40944881889766 1523.0551181102362 136.91338582677164 35.1496062992126 Pièce
507.68503937007875 1523.0551181102362 91.2755905511811 35.1496062992126 de
553.3228346456693 1523.0551181102362 136.91338582677164 35.1496062992126 vers,
644.8818897637796 1523.0551181102362 136.91338582677164 35.1496062992126 (aut.
736.1574803149606 1523.0551181102362 136.91338582677164 35.1496062992126 sig.)
827.4330708661417 1523.0551181102362 75.96850393700787 35.1496062992126 à
857.7637795275591 1523.0551181102362 152.2204724409449 35.1496062992126 mettre
964.3464566929134 1523.0551181102362 91.2755905511811 35.1496062992126 au
1009.9842519685039 1523.0551181102362 106.58267716535433 35.1496062992126 bas
1070.9291338582677 1523.0551181102362 91.2755905511811 35.1496062992126 du
1116.5669291338584 1523.0551181102362 182.5511811023622 35.1496062992126 portrait
1253.4803149606298 1523.0551181102362 91.2755905511811 35.1496062992126 de
1283.8110236220473 1523.0551181102362 106.58267716535433 35.1496062992126 made-

379.84251968503935 1557.0708661417323 186.23622047244095 34.58267716535433 moiselle
519.5905511811023 1557.0708661417323 93.25984251968504 34.58267716535433 de
566.0787401574803 1557.0708661417323 217.41732283464566 34.58267716535433 Lamoignon,
737.007874015748 1557.0708661417323 124.15748031496064 34.58267716535433 huit
814.6771653543307 1557.0708661417323 139.748031496063 34.58267716535433 vers,
892.3464566929134 1557.0708661417323 108.56692913385827 34.58267716535433 in

479.62204724409446 1594.4881889763778 96.37795275590551 28.346456692913385 Aux
534.8976377952756 1594.4881889763778 165.25984251968504 28.346456692913385 sublimes
658.7716535433071 1594.4881889763778 137.76377952755905 28.346456692913385 vertus
755.4330708661417 1594.4881889763778 151.6535433070866 28.346456692913385 nourrie
865.7007874015748 1594.4881889763778 82.77165354330708 28.346456692913385 en
907.0866141732283 1594.4881889763778 82.77165354330708 28.346456692913385 sa
934.5826771653543 1594.4881889763778 137.76377952755905 28.346456692913385 famille,

535.4645669291339 1623.4015748031495 113.38582677165354 23.811023622047244 Cette
610.8661417322835 1623.4015748031495 163.84251968503938 23.811023622047244 admirable
737.007874015748 1623.4015748031495 75.68503937007874 23.811023622047244 et
774.7086614173228 1623.4015748031495 126.14173228346456 23.811023622047244 sainte
850.3937007874016 1623.4015748031495 88.15748031496064 23.811023622047244 fille

475.0866141732283 1651.748031496063 79.08661417322834 29.480314960629922 En
514.7716535433071 1651.748031496063 105.73228346456693 29.480314960629922 tous
580.8188976377953 1651.748031496063 118.77165354330708 29.480314960629922 lieux
659.9055118110236 1651.748031496063 145.13385826771653 29.480314960629922 signala
765.6377952755905 1651.748031496063 92.40944881889764 29.480314960629922 son
818.3622047244095 1651.748031496063 132.09448818897638 29.480314960629922 humble
897.7322834645669 1651.748031496063 145.13385826771653 29.480314960629922 piété....

287.1496062992126 1701.6377952755906 150.8031496062992 40.25196850393701 33.
373.3228346456693 1701.6377952755906 431.1496062992126 40.25196850393701 BONAPARTE
739.8425196850394 1701.6377952755906 323.43307086614175 40.25196850393701 (Napoléon).
998.3622047244095 1701.6377952755906 129.25984251968504 40.25196850393701 N.
1062.992125984252 1701.6377952755906 193.88976377952756 40.25196850393701 1769.
1192.5354330708662 1701.6377952755906 129.25984251968504 40.25196850393701 M.
1235.6220472440946 1701.6377952755906 150.8031496062992 40.25196850393701 1821.

414.70866141732284 1744.724409448819 88.7244094488189 32.881889763779526 1°
458.92913385826773 1744.724409448819 88.7244094488189 32.881889763779526 Sa
503.1496062992126 1744.724409448819 118.20472440944881 32.881889763779526 sig.
577.1338582677165 1744.724409448819 221.38582677165354 32.881889763779526 BUONAPARTE,
754.2992125984252 1744.724409448819 132.9448818897638 32.881889763779526 comme
843.0236220472441 1744.724409448819 162.4251968503937 32.881889763779526 général
960.9448818897638 1744.724409448819 88.7244094488189 32.881889763779526 en
1005.4488188976378 1744.724409448819 118.20472440944881 32.881889763779526 chef
1079.1496062992126 1744.724409448819 88.7244094488189 32.881889763779526 de
1123.3700787401574 1744.724409448819 162.4251968503937 32.881889763779526 l’armée
1226.8346456692914 1744.724409448819 162.4251968503937 32.881889763779526 d’Italie,

380.6929133858268 1778.740157480315 98.64566929133858 31.748031496062993 sur
437.1023622047244 1778.740157480315 98.64566929133858 31.748031496062993 une
493.51181102362204 1778.740157480315 140.88188976377953 31.748031496062993 lettre
592.1574803149606 1778.740157480315 126.70866141732283 31.748031496062993 datée
676.6299212598425 1778.740157480315 197.29133858267716 31.748031496062993 d’Oneille,
831.6850393700787 1778.740157480315 84.4724409448819 31.748031496062993 le
873.9212598425197 1778.740157480315 84.4724409448819 31.748031496062993 25
916.1574803149606 1778.740157480315 169.22834645669292 31.748031496062993 pluviôse
1043.1496062992126 1778.740157480315 84.4724409448819 31.748031496062993 an
1085.3858267716535 1778.740157480315 98.64566929133858 31.748031496062993 III
1127.6220472440946 1778.740157480315 42.23622047244095 31.748031496062993 ;

413.5748031496063 1813.3228346456692 94.39370078740157 33.44881889763779 2°
460.9133858267717 1813.3228346456692 94.39370078740157 33.44881889763779 Sa
508.251968503937 1813.3228346456692 125.85826771653544 33.44881889763779 sig.
586.7716535433071 1813.3228346456692 220.251968503937 33.44881889763779 BONAPARTE,
759.9685039370079 1813.3228346456692 141.73228346456693 33.44881889763779 comme
854.3622047244095 1813.3228346456692 173.1968503937008 33.44881889763779 Premier
980.2204724409448 1813.3228346456692 173.1968503937008 33.44881889763779 Consul,
1106.0787401574803 1813.3228346456692 110.26771653543307 33.44881889763779 sur
1169.007874015748 1813.3228346456692 110.26771653543307 33.44881889763779 une
1231.9370078740158 1813.3228346456692 157.3228346456693 33.44881889763779 lettre
1326.3307086614172 1813.3228346456692 62.92913385826772 33.44881889763779 au

380.9763779527559 1847.9055118110236 172.62992125984252 32.31496062992126 ministre
510.5196850393701 1847.9055118110236 86.45669291338582 32.31496062992126 de
553.8897637795276 1847.9055118110236 86.45669291338582 32.31496062992126 la
596.9763779527559 1847.9055118110236 144.0 32.31496062992126 guerre
697.6062992125984 1847.9055118110236 129.54330708661416 32.31496062992126 datée
784.0629921259842 1847.9055118110236 86.45669291338582 32.31496062992126 de
827.1496062992126 1847.9055118110236 144.0 32.31496062992126 Paris,
928.0629921259842 1847.9055118110236 86.45669291338582 32.31496062992126 le
971.1496062992126 1847.9055118110236 100.62992125984252 32.31496062992126 1er
1028.6929133858268 1847.9055118110236 172.62992125984252 32.31496062992126 pluviôse
1158.236220472441 1847.9055118110236 86.45669291338582 32.31496062992126 an
1187.1496062992126 1847.9055118110236 100.62992125984252 32.31496062992126 VIII;

415.84251968503935 1881.9212598425197 88.44094488188976 34.01574803149607 3°
460.06299212598424 1881.9212598425197 88.44094488188976 34.01574803149607 Sa
504.2834645669291 1881.9212598425197 117.92125984251969 34.01574803149607 sig.
578.2677165354331 1881.9212598425197 117.92125984251969 34.01574803149607 NAP.
651.9685039370079 1881.9212598425197 103.18110236220473 34.01574803149607 sur
710.9291338582677 1881.9212598425197 103.18110236220473 34.01574803149607 une
769.8897637795276 1881.9212598425197 147.68503937007873 34.01574803149607 lettre
873.3543307086615 1881.9212598425197 88.44094488188976 34.01574803149607 au
917.5748031496063 1881.9212598425197 162.4251968503937 34.01574803149607 général
1035.7795275590552 1881.9212598425197 147.68503937007873 34.01574803149607 Pajol,
1138.9606299212599 1881.9212598425197 132.9448818897638 34.01574803149607 datée
1227.4015748031495 1881.9212598425197 88.44094488188976 34.01574803149607 de
1256.8818897637796 1881.9212598425197 132.9448818897638 34.01574803149607 Troyes,

381.8267716535433 1915.3700787401574 81.35433070866142 31.181102362204726 le
422.6456692913386 1915.3700787401574 67.74803149606299 31.181102362204726 3
449.5748031496063 1915.3700787401574 148.8188976377953 31.181102362204726 février
557.8582677165355 1915.3700787401574 121.88976377952756 31.181102362204726 1814.
639.2125984251968 1915.3700787401574 135.49606299212599 31.181102362204726 Lettre
733.8897637795276 1915.3700787401574 243.7795275590551 31.181102362204726 très-curieuse.
936.8503937007874 1915.3700787401574 162.4251968503937 31.181102362204726 Ordre
1058.740157480315 1915.3700787401574 81.35433070866142 31.181102362204726 de
1085.9527559055118 1915.3700787401574 202.96062992125985 31.181102362204726 bataille;

412.7244094488189 1950.5196850393702 96.09448818897638 32.31496062992126 4°
460.9133858267717 1950.5196850393702 208.3464566929134 32.31496062992126 Apostille
621.3543307086615 1950.5196850393702 96.09448818897638 32.31496062992126 de
669.5433070866142 1950.5196850393702 128.40944881889763 32.31496062992126 deux
749.4803149606299 1950.5196850393702 160.44094488188978 32.31496062992126 lignes
861.7322834645669 1950.5196850393702 160.44094488188978 32.31496062992126 autog.
973.9842519685039 1950.5196850393702 96.09448818897638 32.31496062992126 et
1022.1732283464567 1950.5196850393702 128.40944881889763 32.31496062992126 sig.
1102.3937007874015 1950.5196850393702 112.25196850393701 32.31496062992126 sur
1166.4566929133857 1950.5196850393702 96.09448818897638 32.31496062992126 un
1214.6456692913387 1950.5196850393702 176.31496062992127 32.31496062992126 rapport
1326.8976377952756 1950.5196850393702 64.06299212598425 32.31496062992126 du

377.29133858267716 1984.5354330708662 189.63779527559055 30.614173228346456 ministre
519.5905511811023 1984.5354330708662 205.51181102362204 30.614173228346456 Berthier,
677.7637795275591 1984.5354330708662 126.4251968503937 30.614173228346456 daté
756.8503937007874 1984.5354330708662 94.96062992125984 30.614173228346456 de
804.1889763779527 1984.5354330708662 205.51181102362204 30.614173228346456 Smolensk,
962.3622047244095 1984.5354330708662 94.96062992125984 30.614173228346456 11
1009.7007874015748 1984.5354330708662 189.63779527559055 30.614173228346456 novembre
1136.4094488188975 1984.5354330708662 110.55118110236221 30.614173228346456 1812;

416.12598425196853 2018.5511811023623 90.14173228346456 32.881889763779526 5°
461.1968503937008 2018.5511811023623 195.30708661417322 32.881889763779526 Apostille
611.4330708661417 2018.5511811023623 90.14173228346456 32.881889763779526 de
656.503937007874 2018.5511811023623 120.18897637795276 32.881889763779526 deux
731.3385826771654 2018.5511811023623 150.23622047244095 32.881889763779526 lignes
836.503937007874 2018.5511811023623 120.18897637795276 32.881889763779526 aut.
911.6220472440945 2018.5511811023623 105.16535433070867 32.881889763779526 sur
971.7165354330708 2018.5511811023623 90.14173228346456 32.881889763779526 un
1016.7874015748032 2018.5511811023623 165.25984251968504 32.881889763779526 rapport
1136.976377952756 2018.5511811023623 150.23622047244095 32.881889763779526 autog.
1241.8582677165355 2018.5511811023623 90.14173228346456 32.881889763779526 du
1286.9291338582677 2018.5511811023623 105.16535433070867 32.881889763779526 duc
1332.0 2018.5511811023623 60.09448818897638 32.881889763779526 de

382.6771653543307 2052.566929133858 164.1259842519685 31.181102362204726 Feltre,
502.2992125984252 2052.566929133858 134.36220472440945 31.181102362204726 datée
591.8740157480315 2052.566929133858 89.5748031496063 31.181102362204726 de
636.6614173228346 2052.566929133858 134.36220472440945 31.181102362204726 Saint
726.2362204724409 2052.566929133858 149.38582677165354 31.181102362204726 Cloud,
830.8346456692914 2052.566929133858 89.5748031496063 31.181102362204726 le
875.6220472440945 2052.566929133858 89.5748031496063 31.181102362204726 10
920.4094488188977 2052.566929133858 134.36220472440945 31.181102362204726 avril
994.9606299212599 2052.566929133858 104.5984251968504 31.181102362204726 1813.
