1662.8031496062993 2552.314960629921
740.6929133858267 195.0236220472441 144.56692913385828 28.346456692913385 —
798.5196850393701 195.0236220472441 173.48031496062993 28.346456692913385 11
856.3464566929134 195.0236220472441 86.74015748031496 28.346456692913385 —

291.9685039370079 255.11811023622047 126.14173228346456 45.63779527559055 67.
364.251968503937 255.11811023622047 324.56692913385825 45.63779527559055 CAUMONT
634.6771653543307 255.11811023622047 324.56692913385825 45.63779527559055 (Jacq.-Nompart
905.1023622047244 255.11811023622047 144.28346456692913 45.63779527559055 de),
995.2440944881889 255.11811023622047 126.14173228346456 45.63779527559055 duc
1067.244094488189 255.11811023622047 108.28346456692914 45.63779527559055 de
1121.3858267716535 255.11811023622047 108.28346456692914 45.63779527559055 la
1175.5275590551182 255.11811023622047 180.28346456692913 45.63779527559055 Force,
1283.5275590551182 255.11811023622047 108.28346456692914 45.63779527559055 mar.

420.09448818897636 290.26771653543307 119.33858267716535 52.724409448818896 de
479.62204724409446 290.26771653543307 219.11811023622047 52.724409448818896 France.
638.9291338582677 290.26771653543307 219.11811023622047 52.724409448818896 Échappa
798.2362204724409 290.26771653543307 179.1496062992126 52.724409448818896 comme
917.8582677165355 290.26771653543307 139.46456692913387 52.724409448818896 par
997.2283464566929 290.26771653543307 219.11811023622047 52.724409448818896 miracle
1156.5354330708662 290.26771653543307 119.33858267716535 52.724409448818896 au
1196.5039370078741 290.26771653543307 198.99212598425197 52.724409448818896 massacre

416.40944881889766 340.7244094488189 138.89763779527559 43.08661417322835 de
485.8582677165354 340.7244094488189 138.89763779527559 43.08661417322835 la
555.5905511811023 340.7244094488189 486.4251968503937 43.08661417322835 Saint-Barthélemy.
972.2834645669292 340.7244094488189 138.89763779527559 43.08661417322835 N.
1041.732283464567 340.7244094488189 208.3464566929134 43.08661417322835 1559.
1180.9133858267717 340.7244094488189 138.89763779527559 43.08661417322835 M.
1227.1181102362204 340.7244094488189 162.14173228346456 43.08661417322835 1652.

417.54330708661416 383.244094488189 89.00787401574803 37.98425196850393 L.
462.0472440944882 383.244094488189 118.48818897637796 37.98425196850393 aut.
536.0314960629921 383.244094488189 133.22834645669292 37.98425196850393 sig.,
624.7559055118111 383.244094488189 89.00787401574803 37.98425196850393 au
669.2598425196851 383.244094488189 133.22834645669292 37.98425196850393 card.
758.2677165354331 383.244094488189 89.00787401574803 37.98425196850393 de
802.7716535433071 383.244094488189 207.49606299212599 37.98425196850393 Richelieu.
965.4803149606299 383.244094488189 89.00787401574803 37.98425196850393 Du
1009.9842519685039 383.244094488189 103.74803149606299 37.98425196850393 Cap
1069.2283464566929 383.244094488189 266.74015748031496 37.98425196850393 Saint-Nicolas,
1291.4645669291338 383.244094488189 89.00787401574803 37.98425196850393 10
1321.2283464566929 383.244094488189 73.98425196850394 37.98425196850393 oc-

386.3622047244094 418.6771653543307 131.24409448818898 36.56692913385827 tobre
473.6692913385827 418.6771653543307 131.24409448818898 36.56692913385827 1635.
561.2598425196851 418.6771653543307 72.85039370078741 36.56692913385827 1
590.1732283464567 418.6771653543307 131.24409448818898 36.56692913385827 belle
677.7637795275591 418.6771653543307 116.50393700787401 36.56692913385827 page
750.6141732283464 418.6771653543307 189.35433070866142 36.56692913385827 in-folio.
896.3149606299213 418.6771653543307 145.70078740157481 36.56692913385827 Cachet
998.3622047244095 418.6771653543307 87.30708661417323 36.56692913385827 et
1027.5590551181103 418.6771653543307 116.50393700787401 36.56692913385827 soies.

409.8897637795276 451.2755905511811 77.95275590551181 30.614173228346456 Il
449.00787401574803 451.2755905511811 168.66141732283464 30.614173228346456 sollicite
578.5511811023622 451.2755905511811 77.95275590551181 30.614173228346456 de
617.6692913385826 451.2755905511811 77.95275590551181 30.614173228346456 la
656.503937007874 451.2755905511811 116.78740157480316 30.614173228346456 bonté
734.4566929133858 451.2755905511811 77.95275590551181 30.614173228346456 du
773.2913385826772 451.2755905511811 155.6220472440945 30.614173228346456 cardinal
890.0787401574803 451.2755905511811 77.95275590551181 30.614173228346456 de
929.1968503937007 451.2755905511811 142.86614173228347 30.614173228346456 vouloir
1032.9448818897638 451.2755905511811 103.74803149606299 30.614173228346456 bien
1097.8582677165355 451.2755905511811 168.66141732283464 30.614173228346456 confirmer
1227.6850393700788 451.2755905511811 77.95275590551181 30.614173228346456 la
1266.5196850393702 451.2755905511811 116.78740157480316 30.614173228346456 grâce
1331.4330708661416 451.2755905511811 64.91338582677166 30.614173228346456 que

383.244094488189 480.18897637795277 79.93700787401575 32.31496062992126 S.
423.21259842519686 480.18897637795277 79.93700787401575 32.31496062992126 M.
463.18110236220474 480.18897637795277 119.90551181102362 32.31496062992126 vient
543.1181102362204 480.18897637795277 79.93700787401575 32.31496062992126 de
583.3700787401575 480.18897637795277 93.25984251968504 32.31496062992126 lui
636.6614173228346 480.18897637795277 173.48031496062993 32.31496062992126 accorder,
769.8897637795276 480.18897637795277 93.25984251968504 32.31496062992126 qui
823.1811023622047 480.18897637795277 93.25984251968504 32.31496062992126 est
876.4724409448819 480.18897637795277 79.93700787401575 32.31496062992126 de
916.7244094488188 480.18897637795277 146.5511811023622 32.31496062992126 prendre
1023.3070866141733 480.18897637795277 79.93700787401575 32.31496062992126 un
1063.275590551181 480.18897637795277 93.25984251968504 32.31496062992126 peu
1116.5669291338584 480.18897637795277 79.93700787401575 32.31496062992126 de
1156.5354330708662 480.18897637795277 133.22834645669292 32.31496062992126 repos,
1250.0787401574803 480.18897637795277 79.93700787401575 32.31496062992126 vu
1290.0472440944882 480.18897637795277 93.25984251968504 32.31496062992126 son
1330.015748031496 480.18897637795277 66.61417322834646 32.31496062992126 âge

383.5275590551181 506.26771653543307 77.95275590551181 32.881889763779526 et
422.6456692913386 506.26771653543307 90.99212598425197 32.881889763779526 ses
474.5196850393701 506.26771653543307 194.74015748031496 32.881889763779526 infirmités.
630.1417322834645 506.26771653543307 64.91338582677166 32.881889763779526 «
656.2204724409448 506.26771653543307 103.74803149606299 32.881889763779526 ....
721.1338582677165 506.26771653543307 77.95275590551181 32.881889763779526 Et
759.9685039370079 506.26771653543307 103.74803149606299 32.881889763779526 s'il
824.8818897637796 506.26771653543307 116.78740157480316 32.881889763779526 m’est
902.8346456692914 506.26771653543307 116.78740157480316 32.881889763779526 donné
980.7874015748032 506.26771653543307 142.86614173228347 32.881889763779526 quelque
1084.5354330708662 506.26771653543307 142.86614173228347 32.881889763779526 relâche
1188.283464566929 506.26771653543307 103.74803149606299 32.881889763779526 pour
1253.1968503937007 506.26771653543307 77.95275590551181 32.881889763779526 me
1279.275590551181 506.26771653543307 116.78740157480316 32.881889763779526 guérir,

382.1102362204724 534.6141732283464 66.04724409448819 37.98425196850393 «
408.755905511811 534.6141732283464 158.17322834645668 37.98425196850393 j’espère
527.2440944881889 534.6141732283464 118.77165354330708 37.98425196850393 qu’il
606.3307086614174 534.6141732283464 79.08661417322834 37.98425196850393 me
646.0157480314961 534.6141732283464 145.13385826771653 37.98425196850393 restera
751.4645669291339 534.6141732283464 131.81102362204723 37.98425196850393 encore
843.5905511811023 534.6141732283464 79.08661417322834 37.98425196850393 de
883.2755905511812 534.6141732283464 79.08661417322834 37.98425196850393 la
922.9606299212599 534.6141732283464 118.77165354330708 37.98425196850393 force
1002.0472440944882 534.6141732283464 105.44881889763779 37.98425196850393 pour
1067.8110236220473 534.6141732283464 171.49606299212599 37.98425196850393 continuer
1199.6220472440946 534.6141732283464 79.08661417322834 37.98425196850393 le
1239.3070866141732 534.6141732283464 145.13385826771653 37.98425196850393 service
1331.4330708661416 534.6141732283464 66.04724409448819 37.98425196850393 que

389.1968503937008 566.9291338582677 61.22834645669291 29.480314960629922 «
413.5748031496063 566.9291338582677 73.41732283464567 29.480314960629922 je
450.4251968503937 566.9291338582677 98.07874015748031 29.480314960629922 dois
511.65354330708664 566.9291338582677 61.22834645669291 29.480314960629922 à
536.0314960629921 566.9291338582677 73.41732283464567 29.480314960629922 Sa
572.8818897637796 566.9291338582677 146.83464566929135 29.480314960629922 Majesté,
683.1496062992126 566.9291338582677 98.07874015748031 29.480314960629922 etc.
731.9055118110236 566.9291338582677 36.8503937007874 29.480314960629922 »

293.9527559055118 616.5354330708661 121.32283464566929 42.51968503937008 68.
363.11811023622045 616.5354330708661 346.6771653543307 42.51968503937008 CAVENDISH
657.9212598425197 616.5354330708661 208.06299212598427 42.51968503937008 (Henri),
813.8267716535433 616.5354330708661 208.06299212598427 42.51968503937008 chimiste
970.0157480314961 616.5354330708661 104.03149606299213 42.51968503937008 et
1021.8897637795276 616.5354330708661 225.35433070866142 42.51968503937008 physicien
1178.0787401574803 616.5354330708661 173.48031496062993 42.51968503937008 anglais.

1035.2125984251968 658.7716535433071 127.84251968503936 32.881889763779526 N.
1098.992125984252 658.7716535433071 170.36220472440945 32.881889763779526 1729
1205.5748031496064 658.7716535433071 127.84251968503936 32.881889763779526 M.
1248.0944881889764 658.7716535433071 149.10236220472441 32.881889763779526 1810.

416.6929133858268 700.7244094488188 93.54330708661418 36.28346456692913 L.
463.46456692913387 700.7244094488188 124.7244094488189 36.28346456692913 aut.
541.4173228346457 700.7244094488188 140.31496062992127 36.28346456692913 sig.,
634.9606299212599 700.7244094488188 77.95275590551181 36.28346456692913 à
666.1417322834645 700.7244094488188 109.13385826771653 36.28346456692913 MM.
728.503937007874 700.7244094488188 109.13385826771653 36.28346456692913 les
790.8661417322835 700.7244094488188 233.85826771653544 36.28346456692913 secrétaires
978.2362204724409 700.7244094488188 93.54330708661418 36.28346456692913 de
1025.007874015748 700.7244094488188 218.26771653543307 36.28346456692913 l’Institut
1196.5039370078741 700.7244094488188 202.6771653543307 36.28346456692913 national.
1336.8188976377953 700.7244094488188 62.36220472440945 36.28346456692913 Du

386.92913385826773 737.8582677165355 89.5748031496063 33.732283464566926 11
431.7165354330709 737.8582677165355 164.40944881889763 33.732283464566926 février
551.3385826771654 737.8582677165355 134.36220472440945 33.732283464566926 1803.
640.9133858267717 737.8582677165355 74.55118110236221 33.732283464566926 1
670.6771653543307 737.8582677165355 119.62204724409449 33.732283464566926 page
730.488188976378 737.8582677165355 104.5984251968504 33.732283464566926 in

409.8897637795276 767.3385826771654 164.69291338582678 28.62992125984252 Relative
533.1968503937007 767.3385826771654 68.5984251968504 28.62992125984252 à
560.6929133858267 767.3385826771654 96.09448818897638 28.62992125984252 son
615.6850393700787 767.3385826771654 178.29921259842519 28.62992125984252 admission
752.8818897637796 767.3385826771654 123.59055118110236 28.62992125984252 comme
835.0866141732283 767.3385826771654 137.1968503937008 28.62992125984252 membre
931.1811023622047 767.3385826771654 150.8031496062992 28.62992125984252 associé
1040.8818897637796 767.3385826771654 82.20472440944881 28.62992125984252 de
1081.984251968504 767.3385826771654 192.18897637795277 28.62992125984252 l’Institut
1219.4645669291338 767.3385826771654 150.8031496062992 28.62992125984252 national.

294.8031496062992 820.3464566929134 128.69291338582678 42.803149606299215 69.
368.2204724409449 820.3464566929134 532.9133858267717 42.803149606299215 CHAMPOLLION-FIGEAC
846.1417322834645 820.3464566929134 330.8031496062992 42.803149606299215 (Jean-François
1121.6692913385828 820.3464566929134 128.69291338582678 42.803149606299215 dit
1195.0866141732283 820.3464566929134 110.26771653543307 42.803149606299215 le
1231.9370078740158 820.3464566929134 165.25984251968504 42.803149606299215 jeune),

426.3307086614173 862.8661417322835 179.71653543307087 43.653543307086615 savant
551.9055118110236 862.8661417322835 269.5748031496063 43.653543307086615 archéologue
767.6220472440945 862.8661417322835 107.71653543307086 43.653543307086615 et
821.7637795275591 862.8661417322835 305.5748031496063 43.653543307086615 orientaliste.
1073.4803149606298 862.8661417322835 107.71653543307086 43.653543307086615 N.
1127.3385826771653 862.8661417322835 161.85826771653544 43.653543307086615 1790.
1235.0551181102362 862.8661417322835 107.71653543307086 43.653543307086615 M.
1271.0551181102362 862.8661417322835 125.85826771653544 43.653543307086615 1832.

420.9448818897638 905.9527559055118 96.37795275590551 36.8503937007874 L.
469.13385826771656 905.9527559055118 128.40944881889763 36.8503937007874 aut.
549.3543307086615 905.9527559055118 128.40944881889763 36.8503937007874 sig.
629.5748031496063 905.9527559055118 208.62992125984252 36.8503937007874 MEÏAMOUN,
790.0157480314961 905.9527559055118 224.50393700787401 36.8503937007874 pseudonyme
966.6141732283464 905.9527559055118 96.37795275590551 36.8503937007874 de
1014.8031496062993 905.9527559055118 240.66141732283464 36.8503937007874 Champollion
1207.275590551181 905.9527559055118 176.5984251968504 36.8503937007874 pendant
1319.5275590551182 905.9527559055118 80.22047244094489 36.8503937007874 son

387.21259842519686 934.8661417322835 147.68503937007873 42.51968503937008 voyage
490.6771653543307 934.8661417322835 88.7244094488189 42.51968503937008 en
534.8976377952756 934.8661417322835 147.68503937007873 42.51968503937008 Égypte
638.3622047244095 934.8661417322835 73.98425196850394 42.51968503937008 ,
668.1259842519685 934.8661417322835 88.7244094488189 42.51968503937008 au
712.3464566929134 934.8661417322835 162.70866141732284 42.51968503937008 docteur
830.5511811023622 934.8661417322835 177.4488188976378 42.51968503937008 Pariset.
963.496062992126 934.8661417322835 73.98425196850394 42.51968503937008 1
993.2598425196851 934.8661417322835 118.20472440944881 42.51968503937008 page
1066.9606299212599 934.8661417322835 132.9448818897638 42.51968503937008 petit
1140.9448818897638 934.8661417322835 103.46456692913385 42.51968503937008 in

412.7244094488189 972.2834645669292 68.5984251968504 35.1496062992126 «
439.93700787401576 972.2834645669292 96.09448818897638 35.1496062992126 Que
494.92913385826773 972.2834645669292 82.20472440944881 35.1496062992126 le
536.0314960629921 972.2834645669292 123.30708661417323 35.1496062992126 grand
618.2362204724409 972.2834645669292 123.30708661417323 35.1496062992126 Ammon
700.7244094488188 972.2834645669292 109.7007874015748 35.1496062992126 soit
769.3228346456693 972.2834645669292 123.30708661417323 35.1496062992126 loué!
851.5275590551181 972.2834645669292 205.79527559055117 35.1496062992126 J’attendais
1015.9370078740158 972.2834645669292 109.7007874015748 35.1496062992126 avec
1084.5354330708662 972.2834645669292 191.90551181102362 35.1496062992126 impatience
1235.3385826771653 972.2834645669292 123.30708661417323 35.1496062992126 cette
1303.9370078740158 972.2834645669292 96.09448818897638 35.1496062992126 bonne

382.6771653543307 1000.0629921259842 72.85039370078741 34.58267716535433 «
411.59055118110234 1000.0629921259842 189.63779527559055 34.58267716535433 nouvelle;
557.5748031496063 1000.0629921259842 131.24409448818898 34.58267716535433 ayant
645.1653543307086 1000.0629921259842 131.24409448818898 34.58267716535433 parlé
732.4724409448819 1000.0629921259842 72.85039370078741 34.58267716535433 à
761.6692913385826 1000.0629921259842 102.04724409448819 34.58267716535433 MM.
820.0629921259842 1000.0629921259842 87.59055118110236 34.58267716535433 de
863.7165354330708 1000.0629921259842 189.63779527559055 34.58267716535433 Martignac
1009.7007874015748 1000.0629921259842 87.59055118110236 34.58267716535433 et
1053.3543307086613 1000.0629921259842 87.59055118110236 34.58267716535433 de
1097.291338582677 1000.0629921259842 87.59055118110236 34.58267716535433 la
1140.9448818897638 1000.0629921259842 204.09448818897638 34.58267716535433 Ferronays,
1301.3858267716535 1000.0629921259842 87.59055118110236 34.58267716535433 je
1330.5826771653544 1000.0629921259842 72.85039370078741 34.58267716535433 les

384.09448818897636 1028.976377952756 68.5984251968504 34.01574803149607 «
411.3070866141732 1028.976377952756 151.08661417322836 34.01574803149607 trouvai
521.2913385826772 1028.976377952756 164.69291338582678 34.01574803149607 disposés
644.8818897637796 1028.976377952756 68.5984251968504 34.01574803149607 à
672.3779527559055 1028.976377952756 123.59055118110236 34.01574803149607 ravir
754.5826771653543 1028.976377952756 109.98425196850394 34.01574803149607 pour
823.4645669291339 1028.976377952756 123.59055118110236 34.01574803149607 votre
905.6692913385826 1028.976377952756 151.08661417322836 34.01574803149607 affaire
1015.6535433070866 1028.976377952756 109.98425196850394 34.01574803149607 ....
1084.251968503937 1028.976377952756 109.98425196850394 34.01574803149607 Loué
1152.8503937007874 1028.976377952756 109.98425196850394 34.01574803149607 soit
1221.4488188976377 1028.976377952756 82.48818897637796 34.01574803149607 le
1262.8346456692914 1028.976377952756 123.59055118110236 34.01574803149607 grand
1331.4330708661416 1028.976377952756 68.5984251968504 34.01574803149607 Am-

384.37795275590554 1064.1259842519685 67.18110236220473 20.976377952755904 «
411.0236220472441 1064.1259842519685 107.71653543307086 20.976377952755904 mon!
478.48818897637796 1064.1259842519685 107.71653543307086 20.976377952755904 etc.
532.3464566929134 1064.1259842519685 40.25196850393701 20.976377952755904 »

294.23622047244095 1107.7795275590552 126.70866141732283 42.803149606299215 70.
366.8031496062992 1107.7795275590552 325.98425196850394 42.803149606299215 CHAPTAL
638.3622047244095 1107.7795275590552 126.70866141732283 42.803149606299215 (Le
710.6456692913385 1107.7795275590552 162.99212598425197 42.803149606299215 comte
819.2125984251968 1107.7795275590552 325.98425196850394 42.803149606299215 Jean-Antoine),
1090.7716535433071 1107.7795275590552 181.13385826771653 42.803149606299215 savant
1199.3385826771653 1107.7795275590552 199.2755905511811 42.803149606299215 chimiste.

1051.3700787401574 1150.8661417322835 115.08661417322834 32.881889763779526 N.
1108.9133858267717 1150.8661417322835 172.62992125984252 32.881889763779526 1756.
1224.0 1150.8661417322835 115.08661417322834 32.881889763779526 M.
1262.267716535433 1150.8661417322835 134.36220472440945 32.881889763779526 1832.

420.37795275590554 1192.8188976377953 89.29133858267717 37.41732283464567 L.
464.88188976377955 1192.8188976377953 104.03149606299213 37.41732283464567 aut
524.4094488188977 1192.8188976377953 133.79527559055117 37.41732283464567 sig.,
613.4173228346457 1192.8188976377953 89.29133858267717 37.41732283464567 au
657.9212598425197 1192.8188976377953 193.3228346456693 37.41732283464567 ministre.
806.7401574803149 1192.8188976377953 148.53543307086613 37.41732283464567 Paris,
910.7716535433071 1192.8188976377953 74.26771653543307 37.41732283464567 8
940.5354330708661 1192.8188976377953 178.29921259842519 37.41732283464567 germinal
1074.3307086614172 1192.8188976377953 89.29133858267717 37.41732283464567 an
1118.8346456692914 1192.8188976377953 133.79527559055117 37.41732283464567 VIII.
1207.8425196850394 1192.8188976377953 74.26771653543307 37.41732283464567 2
1237.6062992125985 1192.8188976377953 133.79527559055117 37.41732283464567 pages
1311.8740157480315 1192.8188976377953 89.29133858267717 37.41732283464567 in

388.06299212598424 1231.9370078740158 117.07086614173228 32.31496062992126 avec
446.74015748031496 1231.9370078740158 161.00787401574803 32.31496062992126 vignette.

415.2755905511811 1258.5826771653544 83.33858267716535 34.58267716535433 Il
456.9448818897638 1258.5826771653544 111.11811023622047 34.58267716535433 prie
526.3937007874016 1258.5826771653544 83.33858267716535 34.58267716535433 le
568.0629921259842 1258.5826771653544 166.39370078740157 34.58267716535433 ministre
692.7874015748032 1258.5826771653544 83.33858267716535 34.58267716535433 de
734.4566929133858 1258.5826771653544 125.00787401574803 34.58267716535433 venir
817.7952755905512 1258.5826771653544 83.33858267716535 34.58267716535433 au
859.4645669291339 1258.5826771653544 152.78740157480314 34.58267716535433 secours
970.2992125984252 1258.5826771653544 83.33858267716535 34.58267716535433 du
1011.9685039370079 1258.5826771653544 125.00787401574803 34.58267716535433 jeune
1095.3070866141732 1258.5826771653544 166.39370078740157 34.58267716535433 Caraffa,
1220.3149606299212 1258.5826771653544 111.11811023622047 34.58267716535433 dont
1289.4803149606298 1258.5826771653544 83.33858267716535 34.58267716535433 le
1317.259842519685 1258.5826771653544 97.22834645669292 34.58267716535433 père,

390.0472440944882 1288.6299212598426 134.9291338582677 32.31496062992126 ancien
484.7244094488189 1288.6299212598426 134.9291338582677 32.31496062992126 consul
579.1181102362204 1288.6299212598426 67.46456692913385 32.31496062992126 à
606.3307086614174 1288.6299212598426 202.6771653543307 32.31496062992126 Céphalonie,
768.1889763779527 1288.6299212598426 67.46456692913385 32.31496062992126 a
795.1181102362204 1288.6299212598426 94.39370078740157 32.31496062992126 été
849.2598425196851 1288.6299212598426 162.14173228346456 32.31496062992126 massacré
970.8661417322835 1288.6299212598426 81.07086614173228 32.31496062992126 et
1011.4015748031496 1288.6299212598426 134.9291338582677 32.31496062992126 toutes
1105.7952755905512 1288.6299212598426 94.39370078740157 32.31496062992126 ses
1159.9370078740158 1288.6299212598426 189.0708661417323 32.31496062992126 propriétés
1294.8661417322835 1288.6299212598426 108.0 32.31496062992126 incen-

388.34645669291336 1315.8425196850394 135.49606299212599 34.01574803149607 diées.
483.3070866141732 1315.8425196850394 67.74803149606299 34.01574803149607 «
510.23622047244095 1315.8425196850394 108.28346456692914 34.01574803149607 ....
577.9842519685039 1315.8425196850394 81.35433070866142 34.01574803149607 Ce
618.5196850393701 1315.8425196850394 162.4251968503937 34.01574803149607 vertueux
740.4094488188977 1315.8425196850394 203.24409448818898 34.01574803149607 républicain
903.1181102362204 1315.8425196850394 67.74803149606299 34.01574803149607 a
930.0472440944882 1315.8425196850394 162.4251968503937 34.01574803149607 sacrifié
1051.9370078740158 1315.8425196850394 81.35433070866142 34.01574803149607 sa
1092.4724409448818 1315.8425196850394 148.8188976377953 34.01574803149607 fortune
1200.755905511811 1315.8425196850394 108.28346456692914 34.01574803149607 pour
1255.1811023622047 1315.8425196850394 148.8188976377953 34.01574803149607 alimenter

386.6456692913386 1346.4566929133857 64.34645669291339 31.748031496062993 «
412.15748031496065 1346.4566929133857 115.65354330708661 31.748031496062993 notre
489.54330708661416 1346.4566929133857 154.20472440944883 31.748031496062993 garnison
605.1968503937007 1346.4566929133857 141.4488188976378 31.748031496062993 pendant
708.0944881889764 1346.4566929133857 77.10236220472441 31.748031496062993 le
746.6456692913385 1346.4566929133857 115.65354330708661 31.748031496062993 siège
823.7480314960629 1346.4566929133857 77.10236220472441 31.748031496062993 de
862.2992125984252 1346.4566929133857 115.65354330708661 31.748031496062993 cette
939.4015748031496 1346.4566929133857 128.69291338582678 31.748031496062993 place,
1029.5433070866143 1346.4566929133857 102.89763779527559 31.748031496062993 etc.
1080.8503937007874 1346.4566929133857 38.55118110236221 31.748031496062993 »

295.37007874015745 1402.015748031496 145.98425196850394 46.20472440944882 71.
378.99212598425197 1402.015748031496 291.9685039370079 46.20472440944882 CHARLES
608.3149606299213 1402.015748031496 333.6377952755906 46.20472440944882 D’ANJOU,
879.5905511811023 1402.015748031496 145.98425196850394 46.20472440944882 duc
962.9291338582677 1402.015748031496 125.00787401574803 46.20472440944882 de
1025.5748031496064 1402.015748031496 250.29921259842519 46.20472440944882 Calabre,
1213.2283464566929 1402.015748031496 187.6535433070866 46.20472440944882 comte
1317.5433070866143 1402.015748031496 83.33858267716535 46.20472440944882 du

420.66141732283467 1446.236220472441 204.9448818897638 35.71653543307087 Maine
557.007874015748 1446.236220472441 136.62992125984252 35.71653543307087 et
625.3228346456693 1446.236220472441 159.30708661417322 35.71653543307087 duc
716.3149606299213 1446.236220472441 136.62992125984252 35.71653543307087 de
784.6299212598425 1446.236220472441 295.93700787401576 35.71653543307087 Provence.
1012.2519685039371 1446.236220472441 136.62992125984252 35.71653543307087 N.
1080.5669291338584 1446.236220472441 181.98425196850394 35.71653543307087 ....
1194.236220472441 1446.236220472441 136.62992125984252 35.71653543307087 M.
1239.8740157480315 1446.236220472441 159.30708661417322 35.71653543307087 1481.

420.37795275590554 1488.1889763779527 89.29133858267717 36.28346456692913 Sa
464.88188976377955 1488.1889763779527 193.3228346456693 36.28346456692913 signature
613.7007874015748 1488.1889763779527 89.29133858267717 36.28346456692913 au
658.2047244094488 1488.1889763779527 104.03149606299213 36.28346456692913 bas
717.7322834645669 1488.1889763779527 133.79527559055117 36.28346456692913 d’une
807.0236220472441 1488.1889763779527 163.55905511811022 36.28346456692913 lettre,
925.7952755905512 1488.1889763779527 74.26771653543307 36.28346456692913 à
955.5590551181102 1488.1889763779527 104.03149606299213 36.28346456692913 mon
1015.0866141732283 1488.1889763779527 193.3228346456693 36.28346456692913 très-cher
1163.9055118110236 1488.1889763779527 89.29133858267717 36.28346456692913 et
1208.4094488188975 1488.1889763779527 119.05511811023622 36.28346456692913 bien
1282.6771653543308 1488.1889763779527 104.03149606299213 36.28346456692913 bon
1327.4645669291338 1488.1889763779527 74.26771653543307 36.28346456692913 ami

386.92913385826773 1522.7716535433071 166.96062992125985 36.28346456692913 Laurent
508.53543307086613 1522.7716535433071 90.99212598425197 36.28346456692913 de
553.8897637795276 1522.7716535433071 181.98425196850394 36.28346456692913 Médicis.
690.5196850393701 1522.7716535433071 90.99212598425197 36.28346456692913 Du
735.8740157480315 1522.7716535433071 106.2992125984252 36.28346456692913 13e
796.5354330708661 1522.7716535433071 121.32283464566929 36.28346456692913 jour
872.503937007874 1522.7716535433071 151.6535433070866 36.28346456692913 d’août
978.8031496062993 1522.7716535433071 136.62992125984252 36.28346456692913 1478.
1069.7952755905512 1522.7716535433071 75.96850393700787 36.28346456692913 1
1100.1259842519685 1522.7716535433071 121.32283464566929 36.28346456692913 page
1175.8110236220473 1522.7716535433071 181.98425196850394 36.28346456692913 in-folio
1297.1338582677165 1522.7716535433071 106.2992125984252 36.28346456692913 d’une

386.92913385826773 1558.4881889763778 178.01574803149606 33.44881889763779 parfaite
505.4173228346457 1558.4881889763778 222.51968503937007 33.44881889763779 conservation.

295.0866141732283 1619.716535433071 140.88188976377953 43.93700787401575 72.
375.59055118110234 1619.716535433071 282.0472440944882 43.93700787401575 CHARLES
597.2598425196851 1619.716535433071 120.75590551181102 43.93700787401575 II
657.6377952755905 1619.716535433071 120.75590551181102 43.93700787401575 DE
718.0157480314961 1619.716535433071 302.1732283464567 43.93700787401575 BOURBON
959.8110236220473 1619.716535433071 100.62992125984252 43.93700787401575 (
1000.0629921259842 1619.716535433071 120.75590551181102 43.93700787401575 Le
1060.4409448818897 1619.716535433071 282.0472440944882 43.93700787401575 cardinal),
1261.984251968504 1619.716535433071 140.88188976377953 43.93700787401575 frère

426.0472440944882 1664.5039370078741 191.6220472440945 43.08661417322835 d’Ant.
560.1259842519685 1664.5039370078741 114.80314960629921 43.08661417322835 de
617.6692913385826 1664.5039370078741 229.88976377952756 43.08661417322835 Bourbon,
790.0157480314961 1664.5039370078741 134.07874015748033 43.08661417322835 roi
866.5511811023622 1664.5039370078741 114.80314960629921 43.08661417322835 de
924.0944881889764 1664.5039370078741 229.88976377952756 43.08661417322835 Navarre,
1096.4409448818897 1664.5039370078741 229.88976377952756 43.08661417322835 proclamé
1268.7874015748032 1664.5039370078741 134.07874015748033 43.08661417322835 roi
1326.3307086614172 1664.5039370078741 76.53543307086615 43.08661417322835 de

424.9133858267717 1707.5905511811025 198.70866141732284 39.118110236220474 France,
569.4803149606299 1707.5905511811025 144.56692913385828 39.118110236220474 sous
659.9055118110236 1707.5905511811025 108.28346456692914 39.118110236220474 le
714.0472440944882 1707.5905511811025 162.4251968503937 39.118110236220474 titre
822.3307086614174 1707.5905511811025 108.28346456692914 39.118110236220474 de
876.4724409448819 1707.5905511811025 198.70866141732284 39.118110236220474 Charles
1021.0393700787401 1707.5905511811025 108.28346456692914 39.118110236220474 X.
1075.1811023622047 1707.5905511811025 108.28346456692914 39.118110236220474 N.
1129.3228346456692 1707.5905511811025 162.4251968503937 39.118110236220474 1523.
1237.8897637795276 1707.5905511811025 108.28346456692914 39.118110236220474 M.
1273.8897637795276 1707.5905511811025 126.4251968503937 39.118110236220474 1590.

418.3937007874016 1750.1102362204724 92.40944881889764 35.1496062992126 Sa
464.59842519685037 1750.1102362204724 215.43307086614172 35.1496062992126 signature,
633.5433070866142 1750.1102362204724 92.40944881889764 35.1496062992126 C.
679.7480314960629 1750.1102362204724 184.53543307086613 35.1496062992126 CARDINAL
818.0787401574803 1750.1102362204724 92.40944881889764 35.1496062992126 DE
864.2834645669292 1750.1102362204724 184.53543307086613 35.1496062992126 BOURBON,
1002.6141732283464 1750.1102362204724 107.71653543307086 35.1496062992126 sur
1064.1259842519685 1750.1102362204724 92.40944881889764 35.1496062992126 un
1110.3307086614172 1750.1102362204724 123.02362204724409 35.1496062992126 acte
1187.1496062992126 1750.1102362204724 92.40944881889764 35.1496062992126 de
1233.3543307086613 1750.1102362204724 169.22834645669292 35.1496062992126 cession
1341.0708661417323 1750.1102362204724 61.511811023622045 35.1496062992126 et

383.81102362204723 1783.5590551181103 214.01574803149606 36.28346456692913 d’abandon
548.503937007874 1783.5590551181103 98.64566929133858 36.28346456692913 en
597.8267716535433 1783.5590551181103 164.69291338582678 36.28346456692913 faveur
712.9133858267717 1783.5590551181103 98.64566929133858 36.28346456692913 du
762.2362204724409 1783.5590551181103 131.81102362204723 36.28346456692913 roi,
844.7244094488188 1783.5590551181103 98.64566929133858 36.28346456692913 de
894.0472440944882 1783.5590551181103 115.08661417322834 36.28346456692913 ses
959.8110236220473 1783.5590551181103 164.69291338582678 36.28346456692913 droits
1075.1811023622047 1783.5590551181103 279.7795275590551 36.28346456692913 seigneuriaux,
1289.1968503937007 1783.5590551181103 115.08661417322834 36.28346456692913 rede-

389.1968503937008 1818.1417322834645 155.33858267716536 36.28346456692913 vances,
502.2992125984252 1818.1417322834645 126.99212598425197 36.28346456692913 etc.,
587.0551181102362 1818.1417322834645 98.92913385826772 36.28346456692913 sur
643.4645669291339 1818.1417322834645 84.75590551181102 36.28346456692913 le
685.9842519685039 1818.1417322834645 126.99212598425197 36.28346456692913 grand
770.7401574803149 1818.1417322834645 84.75590551181102 36.28346456692913 et
812.9763779527559 1818.1417322834645 126.99212598425197 36.28346456692913 petit
897.7322834645669 1818.1417322834645 126.99212598425197 36.28346456692913 hôtel
982.488188976378 1818.1417322834645 84.75590551181102 36.28346456692913 de
1025.007874015748 1818.1417322834645 141.16535433070865 36.28346456692913 Nesle,
1123.6535433070867 1818.1417322834645 70.58267716535433 36.28346456692913 «
1152.0 1818.1417322834645 126.99212598425197 36.28346456692913 assiz
1236.755905511811 1818.1417322834645 84.75590551181102 36.28346456692913 en
1279.275590551181 1818.1417322834645 84.75590551181102 36.28346456692913 la
1307.3385826771653 1818.1417322834645 98.92913385826772 36.28346456692913 ville

385.51181102362204 1852.724409448819 90.14173228346456 34.58267716535433 de
430.5826771653543 1852.724409448819 150.23622047244095 34.58267716535433 Paris,
535.7480314960629 1852.724409448819 75.11811023622047 34.58267716535433 »
565.7952755905512 1852.724409448819 120.18897637795276 34.58267716535433 daté
641.1968503937007 1852.724409448819 90.14173228346456 34.58267716535433 de
686.2677165354331 1852.724409448819 150.23622047244095 34.58267716535433 Paris,
791.4330708661417 1852.724409448819 90.14173228346456 34.58267716535433 le
836.503937007874 1852.724409448819 105.16535433070867 34.58267716535433 26e
896.5984251968504 1852.724409448819 120.18897637795276 34.58267716535433 jour
971.7165354330708 1852.724409448819 195.30708661417322 34.58267716535433 d’octobre
1107.2125984251968 1852.724409448819 105.16535433070867 34.58267716535433 1566.

412.7244094488189 1885.3228346456692 120.4724409448819 33.732283464566926 Belle
492.9448818897638 1885.3228346456692 120.4724409448819 33.732283464566926 pièce
573.1653543307086 1885.3228346456692 93.54330708661418 33.732283464566926 sur
626.7401574803149 1885.3228346456692 173.76377952755905 33.732283464566926 parchemin
760.2519685039371 1885.3228346456692 66.89763779527559 33.732283464566926 d
787.1811023622047 1885.3228346456692 93.54330708661418 33.732283464566926 une
840.4724409448819 1885.3228346456692 160.44094488188978 33.732283464566926 parfaite
947.6220472440945 1885.3228346456692 200.69291338582678 33.732283464566926 conservation.

293.38582677165357 1933.7952755905512 136.06299212598427 46.20472440944882 73.
371.33858267716533 1933.7952755905512 466.5826771653543 46.20472440944882 CHARLES-QUINT
779.5275590551181 1933.7952755905512 330.5196850393701 46.20472440944882 (L’empereur).
1051.6535433070867 1933.7952755905512 116.50393700787401 46.20472440944882 N.
1109.763779527559 1933.7952755905512 174.89763779527559 46.20472440944882 1500.
1226.5511811023623 1933.7952755905512 116.50393700787401 46.20472440944882 M.
1265.3858267716535 1933.7952755905512 136.06299212598427 46.20472440944882 1558.

420.09448818897636 1977.4488188976377 92.1259842519685 37.41732283464567 Sa
466.01574803149606 1977.4488188976377 168.9448818897638 37.41732283464567 signat.
589.0393700787401 1977.4488188976377 92.1259842519685 37.41732283464567 et
634.9606299212599 1977.4488188976377 92.1259842519685 37.41732283464567 le
681.1653543307086 1977.4488188976377 214.86614173228347 37.41732283464567 compliment
850.1102362204724 1977.4488188976377 153.63779527559055 37.41732283464567 autog.
957.5433070866142 1977.4488188976377 76.81889763779527 37.41732283464567 «
988.1574803149606 1977.4488188976377 153.63779527559055 37.41732283464567 vostre
1095.8740157480315 1977.4488188976377 107.43307086614173 37.41732283464567 bon
1157.1023622047244 1977.4488188976377 153.63779527559055 37.41732283464567 neveu,
1264.5354330708662 1977.4488188976377 76.81889763779527 37.41732283464567 »
1295.4330708661416 1977.4488188976377 92.1259842519685 37.41732283464567 au
1326.0472440944882 1977.4488188976377 76.81889763779527 37.41732283464567 bas

384.09448818897636 2011.4645669291338 147.96850393700788 39.118110236220474 d’une
482.74015748031496 2011.4645669291338 164.40944881889763 39.118110236220474 lettre
597.8267716535433 2011.4645669291338 82.20472440944881 39.118110236220474 à
630.7086614173228 2011.4645669291338 164.40944881889763 39.118110236220474 madame
746.0787401574803 2011.4645669291338 98.64566929133858 39.118110236220474 ma
795.4015748031496 2011.4645669291338 147.96850393700788 39.118110236220474 bonne
894.0472440944882 2011.4645669291338 147.96850393700788 39.118110236220474 tante
992.6929133858267 2011.4645669291338 164.40944881889763 39.118110236220474 (Loyse
1107.7795275590552 2011.4645669291338 98.64566929133858 39.118110236220474 de
1157.3858267716535 2011.4645669291338 197.29133858267716 39.118110236220474 Savoye),
1288.9133858267717 2011.4645669291338 115.08661417322834 39.118110236220474 datée

386.0787401574803 2046.6141732283465 87.02362204724409 37.41732283464567 de
429.4488188976378 2046.6141732283465 232.44094488188978 37.41732283464567 Barcellonne,
618.5196850393701 2046.6141732283465 87.02362204724409 37.41732283464567 22
661.8897637795276 2046.6141732283465 159.8740157480315 37.41732283464567 juillet
778.1102362204724 2046.6141732283465 130.6771653543307 37.41732283464567 1529.
865.4173228346457 2046.6141732283465 72.56692913385827 37.41732283464567 1
894.3307086614174 2046.6141732283465 116.22047244094489 37.41732283464567 page
952.4409448818898 2046.6141732283465 159.8740157480315 37.41732283464567 in
