5866 9016
2310 576 971 132 —13—

961 806 462 151 83.
1225 806 1187 151 <b>COLBERT</b>
2214 806 1319 151 (Jean-Baptiste),
3336 806 792 151 ministre
3929 806 396 151 de
4127 806 594 151 Louis
4457 806 396 151 XIV,

1416 963 687 144 membre
1897 963 412 144 de
2104 963 962 144 l'Académie
2860 963 962 144 française.
3616 963 412 144 N.
3822 963 619 144 1619.
4234 963 412 144 M.
4372 963 481 144 1683.

1399 1113 343 124 L.
1570 1113 457 124 aut.
1856 1113 457 124 sig.
2141 1113 286 124 à
2256 1113 343 124 M.
2427 1113 343 124 Le
2598 1113 514 124 Bret.
2941 1113 343 124 De
3112 1113 628 124 Sceaux,
3569 1113 343 124 12
3741 1113 628 124 octobre
4198 1113 514 124 1681.
4483 1113 400 124 demi-

1273 1239 424 111 page
1538 1239 318 111 in
1644 1239 212 111 4.

1386 1349 287 112 Il
1530 1349 335 112 lui
1721 1349 431 112 donne
2008 1349 431 112 ordre
2295 1349 287 112 de
2439 1349 574 112 vérifier
2869 1349 335 112 les
3060 1349 383 112 bois
3299 1349 335 112 qui
3491 1349 813 112 appartiennent
4161 1349 287 112 au
4304 1349 335 112 duc
4495 1349 287 112 de
4591 1349 287 112 Mor-

1276 1449 525 112 temart,
1658 1449 286 112 en
1801 1449 572 112 Limousin
2230 1449 286 112 et
2373 1449 286 112 en
2516 1449 525 112 Poitou,
2850 1449 286 112 etc.

973 1600 418 151 84.
1212 1600 1075 151 <b>COLIGNY</b>
2108 1600 717 151 (Gaspard
2645 1600 478 151 de),
2944 1600 597 151 seign.
3362 1600 358 151 de
3541 1600 896 151 Chastillon,
4198 1600 657 151 l’amiral.

2809 1754 398 123 N.
3008 1754 597 123 1517.
3406 1754 398 123 M.
3605 1754 862 123 assassiné
4268 1754 398 123 en
4401 1754 464 123 1572.

1412 1903 713 126 Précieuse
1961 1903 548 126 lettre
2344 1903 658 126 adressée
2838 1903 329 126 au
3002 1903 494 126 comte
3332 1903 329 126 de
3496 1903 713 126 Reingeau,
4044 1903 494 126 datée
4373 1903 329 126 de
4483 1903 384 126 Caen,

1299 2023 318 119 16
1458 2023 424 119 mars
1723 2023 477 119 1562.
2041 2023 265 119 1
2147 2023 424 119 page
2412 2023 636 119 in-folio
2888 2023 424 119 avec
3100 2023 477 119 cachet.

1380 2141 287 130 On
1524 2141 239 130 y
1620 2141 575 130 remarque
2051 2141 287 130 le
2194 2141 527 130 passage
2577 2141 575 130 suivant,
3008 2141 431 130 écrit
3296 2141 718 130 entièrement
3870 2141 287 130 de
4014 2141 287 130 la
4158 2141 383 130 main
4397 2141 287 130 de
4493 2141 383 130 l’ami-

1289 2237 378 116 ral,
1525 2237 283 116 et
1667 2237 425 116 signé
1950 2237 331 116 (le
2139 2237 756 116 commencement
2753 2237 283 116 de
2894 2237 283 116 la
3036 2237 472 116 lettre
3367 2237 425 116 étant
3650 2237 378 116 d’un
3886 2237 756 116 secrétaire).
4500 2237 236 116 «
4595 2237 283 116 Il
4689 2237 189 116 me

1279 2339 253 112 «
1381 2339 507 112 samble
1735 2339 355 112 que
1938 2339 405 112 vous
2191 2339 304 112 ne
2343 2339 608 112 scauries
2799 2339 507 112 mieulx
3154 2339 456 112 faire
3458 2339 355 112 que
3660 2339 304 112 de
3812 2339 405 112 vous
4065 2339 659 112 acheminer
4572 2339 253 112 à
4623 2339 253 112 Or-

1282 2439 234 112 «
1376 2439 468 112 leans,
1703 2439 281 112 ou
1844 2439 515 112 iespere
2218 2439 327 112 que
2405 2439 421 112 iaure
2686 2439 281 112 le
2826 2439 421 112 moien
3107 2439 281 112 de
3247 2439 374 112 vous
3481 2439 468 112 veoir,
3808 2439 281 112 et
3948 2439 281 112 ce
4089 2439 515 112 pendant
4416 2439 468 112 asseures

1284 2537 246 110 «
1382 2537 393 110 vous
1628 2537 393 110 quil
1874 2537 295 110 ne
2021 2537 541 110 tiendra
2415 2537 443 110 point
2710 2537 295 110 en
2857 2537 344 110 moy
3054 2537 344 110 que
3251 2537 393 110 nous
3496 2537 492 110 nayons
3841 2537 344 110 une
4037 2537 443 110 paix,
4332 2537 393 110 mais
4578 2537 295 110 si
4676 2537 197 110 on

1286 2635 234 128 «
1380 2635 280 128 la
1520 2635 420 128 peult
1800 2635 420 128 faire
2080 2635 514 128 aveques
2454 2635 327 128 les
2641 2635 561 128 articles
3061 2635 327 128 que
3248 2635 327 128 iay
3435 2635 420 128 veus,
3715 2635 374 128 l’on
3949 2635 280 128 ne
4089 2635 374 128 peut
4322 2635 514 128 esperer
4649 2635 234 128 que

1284 2733 237 116 «
1378 2733 379 116 plus
1615 2733 426 116 grans
1899 2733 568 116 troubles
2326 2733 284 116 en
2468 2733 284 116 ce
2610 2733 568 116 royaulme
3036 2733 332 116 que
3225 2733 521 116 jamais;
3604 2733 332 116 car
3794 2733 426 116 c’est
4078 2733 379 116 trop
4315 2733 426 116 grand
4551 2733 332 116 pitie

1282 2833 240 112 «
1378 2833 336 112 que
1570 2833 288 112 de
1714 2833 528 112 limiter
2098 2833 480 112 ainssy
2434 2833 576 112 certains
2866 2833 432 112 lieux
3153 2833 384 112 pour
3393 2833 480 112 servir
3729 2833 240 112 a
3825 2833 432 112 Dieu,
4113 2833 432 112 comme
4401 2833 336 112 sil
4593 2833 288 112 ne
4689 2833 192 112 le

1291 2933 227 86 «
1381 2933 499 86 vouloit
1744 2933 408 86 estre
2016 2933 272 86 eu
2153 2933 363 86 tous
2379 2933 635 86 endroicts.
2833 2933 136 86 »

983 3074 413 163 85.
1219 3074 1121 163 <b>CONCINI</b>,
2163 3074 413 163 dit
2399 3074 354 163 le
2576 3074 708 163 maréchal
3108 3074 1121 163 d'<i>Ancre</i>,
4052 3074 767 163 assassiné
4583 3074 295 163 par

1430 3233 573 141 ordre
1812 3233 382 141 du
2004 3233 446 141 roi
2258 3233 573 141 Louis
2641 3233 573 141 XIII,
3023 3233 382 141 en
3150 3233 446 141 1617.

1413 3381 311 124 Sa
1569 3381 466 124 sig.,
1879 3381 259 124 2
1983 3381 570 124 grandes
2397 3381 414 124 lig.
2656 3381 311 124 et
2811 3381 311 124 le
2966 3381 725 124 compliment
3536 3381 414 124 aut.
3795 3381 311 124 au
3950 3381 362 124 bas
4157 3381 466 124 d’une
4416 3381 466 124 lettre,

1279 3501 281 126 à
1391 3501 338 126 M.
1560 3501 675 126 l’évêque
2067 3501 338 126 de
2236 3501 563 126 Luçon.
2630 3501 901 126 (Richelieu.)
3361 3501 338 126 Du
3530 3501 450 126 Pont
3812 3501 338 126 de
3980 3501 619 126 Larche,
4431 3501 338 126 13
4543 3501 338 126 mars

1304 3623 459 118 1617.
1610 3623 459 118 Sujet
1916 3623 714 118 militaire.
2478 3623 255 118 1
2580 3623 408 118 page
2784 3623 561 118 in

990 3754 378 173 86.
1206 3754 863 173 <b>CONDÉ</b>
1907 3754 540 173 (Louis
2285 3754 324 173 II
2447 3754 324 173 do
2609 3754 647 173 Bourbon,
3094 3754 540 173 prince
3472 3754 432 173 de),
3742 3754 378 173 dil
3958 3754 324 173 le
4066 3754 809 173 <i>Grand</i>.

3603 3938 424 121 N.
3815 3938 635 121 1621.
4239 3938 424 121 M.
4380 3938 494 121 1686.

1418 4063 335 142 L.
1586 4063 447 142 aut.
1865 4063 503 142 sig..
2200 4063 279 142 à
2312 4063 335 142 M.
2480 4063 335 142 de
2647 4063 670 142 Pompone.
3150 4063 670 142 ministre
3653 4063 782 142 secrétaire
4267 4063 615 142 d’État.
4659 4063 223 142 De

1299 4205 540 121 Nancy,
1677 4205 270 121 6
1785 4205 594 121 février
2217 4205 486 121 1673.
2542 4205 270 121 2
2650 4205 594 121 grandes
3082 4205 486 121 pages
3352 4205 378 121 in

1399 4319 287 114 Il
1543 4319 335 114 lui
1734 4319 431 114 donne
2021 4319 383 114 avis
2260 4319 431 114 qu’un
2547 4319 670 114 secrétaire
3073 4319 287 114 de
3217 4319 813 114 l’ambassadeur
3887 4319 670 114 d’Espagne,
4413 4319 335 114 qui
4556 4319 335 114 s’est

1294 4419 437 112 sauvé
1586 4419 583 112 d’auprès
2023 4419 291 112 de
2168 4419 340 112 son
2363 4419 534 112 maître,
2751 4419 437 112 vient
3042 4419 291 112 en
3188 4419 485 112 France
3528 4419 388 112 pour
3770 4419 388 112 dire
4013 4419 291 112 au
4159 4419 340 112 roi
4353 4419 340 112 des
4499 4419 388 112 choses

1301 4519 794 124 importantes;
1946 4519 298 124 il
2095 4519 248 124 a
2194 4519 298 124 vu
2343 4519 347 124 cet
2542 4519 446 124 homme
2839 4519 248 124 à
2938 4519 347 124 son
3137 4519 546 124 passage
3534 4519 298 124 et
3682 4519 347 124 l’a
3881 4519 595 124 beaucoup
4278 4519 595 124 entretenu;

1307 4615 381 116 mais
1546 4615 286 116 il
1689 4615 238 116 y
1784 4615 238 116 a
1879 4615 334 116 des
2070 4615 572 116 articles
2499 4615 381 116 dont
2738 4615 334 116 cet
2928 4615 429 116 homme
3214 4615 334 116 n’a
3405 4615 334 116 pas
3596 4615 429 116 voulu
3882 4615 524 116 parler,
4263 4615 477 116 disant
4549 4615 334 116 qu’il

1310 4717 275 130 ne
1448 4717 367 130 peut
1677 4717 321 130 les
1860 4717 367 130 dire
2089 4717 412 130 qu’au
2364 4717 367 130 roi.
2593 4717 275 130 Il
2731 4717 321 130 lui
2914 4717 229 130 a
3006 4717 412 130 donné
3281 4717 275 130 de
3418 4717 367 130 quoi
3648 4717 596 130 continuer
4106 4717 275 130 sa
4243 4717 412 130 route
4473 4717 412 130 jusqu’à

1304 4813 483 134 Paris,
1642 4813 290 134 où
1787 4813 290 134 il
1932 4813 290 134 ne
2077 4813 386 134 doit
2318 4813 338 134 pas
2511 4813 483 134 tarder
2849 4813 242 134 à
2946 4813 580 134 arriver.
3381 4813 338 134 Cet
3574 4813 483 134 homme,
3912 4813 338 134 qui
4105 4813 338 134 est
4250 4813 628 134 Napolitain,

1307 4913 330 126 lui
1495 4913 236 126 a
1590 4913 424 126 conté
1872 4913 377 126 fort
2108 4913 801 126 naturellement
2768 4913 330 126 les
2956 4913 518 126 raisons
3333 4913 330 126 qui
3522 4913 424 126 l’ont
3804 4913 471 126 obligé
4134 4913 236 126 à
4228 4913 471 126 sortir
4558 4913 283 126 de
4652 4913 236 126 Na-

1299 5011 404 114 ples,
1569 5011 404 114 entre
1838 5011 494 114 autres,
2197 5011 404 114 qu’il
2467 5011 225 114 a
2557 5011 314 114 mis
2736 5011 359 114 dans
2961 5011 269 114 un
3096 5011 359 114 four
3320 5011 314 114 une
3500 5011 404 114 fille
3769 5011 359 114 dont
3994 5011 269 114 il
4129 5011 494 114 n’était
4488 5011 314 114 pas
4623 5011 269 114 con-

1308 5109 424 116 tent,
1591 5109 283 116 et
1732 5109 330 116 l’a
1921 5109 377 116 fait
2157 5109 472 116 brûler
2487 5109 283 116 de
2628 5109 377 116 peur
2864 5109 424 116 qu’on
3147 5109 283 116 ne
3289 5109 519 116 trouvât
3666 5109 330 116 son
3854 5109 424 116 corps
4137 5109 377 116 s’il
4373 5109 424 116 l'eût
4609 5109 283 116 fait

1300 5211 513 114 mourir
1659 5211 462 114 d’une
1967 5211 462 114 autre
2274 5211 616 114 mort....
2736 5211 308 114 Il
2890 5211 410 114 doit
3147 5211 462 114 juger
3454 5211 359 114 par
3660 5211 308 114 là
3814 5211 359 114 que
4019 5211 462 114 c’est
4327 5211 308 114 un
4429 5211 462 114 méchant

1302 5311 505 126 homme,
1656 5311 455 126 qu’on
1959 5311 303 126 ne
2111 5311 404 126 doit
2363 5311 354 126 pas
2565 5311 556 126 laisser
2969 5311 657 126 approcher
3475 5311 303 126 du
3626 5311 404 126 roi,
3879 5311 404 126 mais
4131 5311 404 126 que,
4384 5311 404 126 s’il
4636 5311 253 126 a
4687 5311 202 126 de

1307 5409 367 114 bons
1536 5409 367 114 avis
1766 5409 229 114 a
1857 5409 504 114 donner,
2224 5409 275 114 on
2362 5409 367 114 peut
2591 5409 321 114 les
2774 5409 413 114 tirer
3049 5409 275 114 de
3187 5409 367 114 lui,
3416 5409 275 114 et
3554 5409 321 114 lui
3737 5409 413 114 faire
4012 5409 367 114 dire
4241 5409 367 114 tout
4470 5409 275 114 ce
4562 5409 321 114 qu’il

1310 5509 367 93 sait,
1555 5509 367 93 etc.,
1759 5509 245 93 etc.

999 5660 426 155 87.
1242 5660 973 155 <b>CONTI</b>
2033 5660 669 155 (Armand
2519 5660 365 155 de
2701 5660 730 155 Bourbon,
3249 5660 608 155 prince
3674 5660 486 155 de),
3978 5660 547 155 frère
4343 5660 365 155 du
4464 5660 426 155 grand

1451 5815 673 150 Condé,
1922 5815 741 150 général
2460 5815 471 150 des
2730 5815 673 150 armées
3201 5815 942 150 françaises
3942 5815 404 150 en
4076 5815 808 150 Catalogne,

1447 5971 982 140 gouverneur
2218 5971 421 140 de
2429 5971 421 140 la
2639 5971 842 140 Guienne,
3271 5971 561 140 etc.
3621 5971 421 140 N.
3832 5971 631 140 1629.
4253 5971 421 140 M.
4393 5971 491 140 1666.

1436 6115 317 127 L.
1595 6115 423 127 aut.
1859 6115 476 127 sig..
2177 6115 265 127 à
2283 6115 317 127 M.
2441 6115 317 127 de
2600 6115 688 127 Chavigny.
3129 6115 529 127 Paris,
3500 6115 265 127 2
3605 6115 635 127 novembre
4029 6115 370 127 1648.

1410 6233 283 116 Il
1551 6233 283 116 le
1693 6233 707 116 complimente
2258 6233 330 116 sur
2447 6233 283 116 sa
2588 6233 471 116 sortie
2918 6233 283 116 de
3059 6233 518 116 prison.
3436 6233 236 116 «
3530 6233 377 116 ....
3766 6233 424 116 Comme
4049 6233 283 116 je
4190 6233 471 116 prends
4520 6233 377 116 plus
4709 6233 188 116 de

1306 6337 243 116 «
1404 6337 389 116 part
1647 6337 340 116 que
1841 6337 583 116 personne
2278 6337 292 116 du
2424 6337 437 116 monde
2716 6337 243 116 à
2813 6337 486 116 toutes
3153 6337 340 116 les
3348 6337 486 116 choses
3688 6337 340 116 qui
3882 6337 389 116 vous
4125 6337 632 116 touchent,
4563 6337 340 116 aussy

1309 6435 233 110 «
1403 6435 560 110 personne
1823 6435 327 110 n’a
2009 6435 373 110 plus
2243 6435 280 110 de
2383 6435 373 110 ioye
2616 6435 327 110 que
2803 6435 327 110 moy
2990 6435 280 110 de
3130 6435 467 110 vostre
3456 6435 560 110 liberté,
3876 6435 373 110 etc.
4063 6435 140 110 »

1000 6580 463 159 88.
1265 6580 794 159 <b>COURT
1860 6580 397 159 DE
2059 6580 993 159 GEBELIN</b>
2853 6580 926 159 (Antoine),
3581 6580 794 159 écrivain
4176 6580 397 159 et
4308 6580 596 159 archéo

1398 6741 1399 140 logue.
2378 6741 840 140 N.
2797 6741 1259 140 1725.
3637 6741 840 140 M.
3917 6741 979 140 1784.

1445 6885 323 130 L.
1607 6885 431 130 aut.
1876 6885 485 130 sig.,
2200 6885 269 130 à
2307 6885 323 130 M.
2469 6885 539 130 Maret,
2846 6885 754 130 secrétaire
3439 6885 701 130 perpétuel
3978 6885 323 130 de
4140 6885 754 130 l’Académie
4678 6885 216 130 de

1326 7007 547 126 Dijon.
1709 7007 328 126 Du
1873 7007 328 126 19
2038 7007 492 126 sept.
2366 7007 547 126 1782.2
2749 7007 602 126 grandes
3186 7007 492 126 pages
3460 7007 383 126 in

1423 7125 511 96 Détails
1794 7125 743 96 intéressants
2398 7125 558 96 relatifs
2816 7125 325 96 aux
3002 7125 511 96 travaux
3374 7125 279 96 de
3467 7125 604 96 l’Académie.
