5866 9016
2330 621 975 119 —7—

1022 826 453 179 39.
1281 826 1296 179 <b>BONAPARTE</b>
2383 826 777 179 (Louis),
2965 826 648 179 ex-roi
3419 826 389 179 de
3613 826 842 179 Hollande.
4261 826 389 179 N.
4391 826 453 179 1778.

1467 977 319 158 L.
1626 977 426 158 aut.
1892 977 426 158 sig.
2158 977 319 158 au
2318 977 638 158 maréchal
2797 977 692 158 Berthier,
3329 977 638 158 ministre
3808 977 319 158 de
3967 977 319 158 la
4127 977 585 158 guerre.
4499 977 426 158 Paris,

1356 1115 313 135 13
1512 1115 625 135 messidor
1981 1115 313 135 an
2138 1115 417 135 XII.
2398 1115 261 135 2
2503 1115 573 135 grandes
2920 1115 469 135 pages
3180 1115 365 135 in

1454 1213 884 142 Recommandation
2190 1213 491 142 pleine
2534 1213 638 142 d’intérêt
3025 1213 295 142 en
3172 1213 491 142 faveur
3516 1213 295 142 de
3663 1213 295 142 M.
3811 1213 589 142 Lachasse
4253 1213 589 142 Vérigny,
4645 1213 295 142 aide

1351 1311 279 149 de
1491 1311 372 149 camp
1724 1311 279 149 du
1863 1311 512 149 général
2236 1311 465 149 Moreau
2561 1311 279 149 et
2701 1311 465 149 ancien
3027 1311 558 149 officier
3446 1311 279 149 de
3585 1311 512 149 l’armée
3958 1311 605 149 d’Italie,
4377 1311 558 149 très

1354 1449 281 111 de
1495 1449 702 111 l’empereur,
2009 1449 281 111 etc.

1041 1609 462 174 40.
1305 1609 1320 174 <b>BONAPARTE</b>
2427 1609 858 174 (Hortense
3088 1609 1122 174 Beauharnais),
4012 1609 594 174 reine
4408 1609 396 174 de
4540 1609 396 174 Hol

1419 1761 1404 151 lande.
2401 1761 842 151 N.
2822 1761 1263 151 1783.
3665 1761 842 151 M.
3945 1761 983 151 1837.

1476 1907 336 156 L.
1644 1907 447 156 aut.
1923 1907 447 156 sig.
2203 1907 280 156 à
2315 1907 391 156 son
2539 1907 559 156 frère,
2930 1907 336 156 le
3098 1907 559 156 prince
3489 1907 615 156 Lucien.
3936 1907 783 156 Augsbourg,
4552 1907 336 156 16
4663 1907 280 156 fé-

1365 2037 473 149 vrier
1681 2037 473 149 1823.
1996 2037 473 149 Jolie
2312 2037 526 149 lettre
2679 2037 473 149 d'une
2995 2037 420 149 page
3258 2037 473 149 in-8,
3573 2037 420 149 avec
3783 2037 736 149 encadrement.

1452 2147 405 142 Elle
1705 2147 304 142 le
1857 2147 759 142 complimente
2464 2147 354 142 sur
2667 2147 658 142 l’heureux
3173 2147 810 142 accouchement
3831 2147 304 142 de
3983 2147 304 142 sa
4134 2147 607 142 femme...
4590 2147 253 142 «
4640 2147 304 142 Cer-

1363 2242 224 148 «
1453 2242 628 148 tainement,
1946 2242 314 148 dit
2125 2242 403 148 elle,
2394 2242 359 148 elle
2618 2242 269 148 ne
2753 2242 359 148 veut
2977 2242 314 148 pas
3156 2242 493 148 laisser
3515 2242 403 148 périr
3784 2242 269 148 le
3918 2242 359 148 nom,
4142 2242 269 148 et
4277 2242 359 148 s’en
4501 2242 448 148 trouve
4770 2242 179 148 le

1358 2343 236 147 «
1452 2343 377 147 plus
1688 2343 425 147 ferme
1971 2343 708 147 soutien....
2537 2343 472 147 Malgré
2868 2343 283 147 le
3009 2343 472 147 froid,
3340 2343 377 147 nous
3576 2343 377 147 nous
3812 2343 519 147 portons
4189 2343 377 147 bien
4425 2343 377 147 ici;
4614 2343 330 147 Louis

1356 2440 250 150 «
1456 2440 649 150 travaille
1955 2440 449 150 bien,
2254 2440 299 150 et
2404 2440 449 150 voilà
2703 2440 299 150 ma
2853 2440 399 150 plus
3103 2440 449 150 douce
3402 2440 699 150 occupation
3951 2440 349 150 que
4151 2440 299 150 de
4300 2440 649 150 m’occuper
4749 2440 200 150 de

1366 2583 197 99 «
1444 2583 314 99 lui,
1641 2583 314 99 etc.
1798 2583 118 99 »

1047 2738 448 185 41.
1303 2738 1280 185 <b>BONAPARTE</b>
2391 2738 512 185 (dit
2711 2738 384 185 le
2903 2738 640 185 prince
3352 2738 704 185 Louis),
3864 2738 512 185 fils
4184 2738 384 185 de
4376 2738 576 185 Louis
4696 2738 256 185 et

1490 2901 1006 166 d’Hortense,
2295 2901 939 166 prisonnier
3033 2901 403 166 au
3234 2901 738 166 château
3771 2901 403 166 de
3905 2901 403 166 Ham.

1487 3037 480 160 Trois
1806 3037 586 160 lettres
2233 3037 320 160 ou
2393 3037 586 160 billets
2819 3037 426 160 aut.
3086 3037 426 160 sig.
3352 3037 320 160 de
3512 3037 373 160 son
3725 3037 640 160 paraphe,
4205 3037 266 160 à
4311 3037 320 160 M.
4418 3037 533 160 Lombard;

1360 3192 725 124 ensemble,
1918 3192 279 124 5
2030 3192 502 124 pages
2309 3192 390 124 in

1475 3272 371 161 Dans
1707 3272 278 161 la
1846 3272 464 161 lettre
2170 3272 278 161 du
2310 3272 232 161 5
2402 3272 510 161 octobre
2774 3272 418 161 1839,
3052 3272 278 161 il
3191 3272 325 161 lui
3377 3272 325 161 dit
3562 3272 603 161 qu’autant
4026 3272 418 161 qu’il
4305 3272 371 161 aime
4536 3272 232 161 à
4583 3272 371 161 donner

1368 3370 322 150 des
1552 3370 460 150 éloges
1874 3370 230 150 à
1966 3370 276 150 M.
2104 3370 322 150 Ch.
2288 3370 460 150 Durand
2610 3370 414 150 quand
2886 3370 276 150 il
3024 3370 276 150 se
3162 3370 414 150 livre
3439 3370 230 150 a
3531 3370 322 150 son
3715 3370 506 150 talent,
4083 3370 460 150 autant
4405 3370 276 150 il
4543 3370 414 150 croit
4773 3370 184 150 de

1369 3468 339 152 son
1562 3468 485 152 devoir
1902 3468 291 152 de
2047 3468 339 152 lui
2241 3468 581 152 exprimer
2677 3468 291 152 sa
2822 3468 872 152 désapprobation
3549 3468 436 152 quand
3840 3468 291 152 il
3985 3468 339 152 lit
4179 3468 388 152 dans
4421 3468 291 152 un
4518 3468 436 152 journal

1371 3570 472 146 auquel
1701 3570 283 146 il
1843 3570 709 146 s’intéresse
2410 3570 331 146 des
2599 3570 567 146 articles
3024 3570 425 146 aussi
3308 3570 756 146 inconvenants
3922 3570 331 146 que
4111 3570 425 146 celui
4394 3570 331 146 qui
4583 3570 236 146 y
4630 3570 331 146 était

1376 3668 432 144 inséré
1678 3668 346 144 dans
1894 3668 259 144 le
2024 3668 259 144 n°
2154 3668 259 144 du
2283 3668 216 144 2
2370 3668 648 144 octobre....
2888 3668 216 144 «
2974 3668 475 144 Comment
3320 3668 389 144 <i>le
3579 3668 735 144 Capitole</i>,
4184 3668 302 144 qui
4357 3668 259 144 se
4487 3668 346 144 fait
4660 3668 302 144 l’or-

1367 3766 243 152 «
1465 3766 389 152 gane
1708 3766 292 152 du
1853 3766 777 152 napoléonisme
2485 3766 292 152 et
2631 3766 292 152 du
2776 3766 534 152 système
3165 3766 632 152 impérial,
3651 3766 534 152 va-t-il
4040 3766 534 152 prêcher
4429 3766 292 152 le
4526 3766 437 152 système

1370 3864 233 152 «
1464 3864 327 152 des
1650 3864 513 152 cochons
2024 3864 233 152 à
2117 3864 840 152 l’engrais!....
2817 3864 513 152 Comment
3191 3864 747 152 souffre-t-il
3797 3864 280 152 un
3937 3864 513 152 article
4311 3864 327 152 qui
4497 3864 467 152 traîne
4777 3864 187 152 le

1371 3964 233 168 «
1465 3964 513 168 journal
1838 3964 373 168 dans
2071 3964 420 168 celte
2351 3964 513 168 ornière
2724 3964 327 168 des
2911 3964 606 168 partisans
3377 3964 280 168 de
3517 3964 280 168 la
3657 3964 746 168 constitution
4263 3964 606 168 anglaise,
4683 3964 280 168 dont

1368 4066 370 156 «le
1579 4066 475 156 grand
1896 4066 634 156 principe
2372 4066 370 156 est
2583 4066 475 156 cette
2900 4066 528 156 guerre
3270 4066 317 156 de
3428 4066 687 156 synonymes
3956 4066 317 156 LE
4115 4066 370 156 ROI
4326 4066 475 156 RÈGNE
4643 4066 317 156 ET
4749 4066 211 156 NE

1380 4160 242 150 «
1476 4160 581 150 GOUVERNE
1912 4160 387 150 PAS.
2154 4160 484 150 Enfin,
2493 4160 532 150 comment
2880 4160 290 150 un
3025 4160 532 150 journal
3412 4160 339 150 qui
3606 4160 290 150 se
3751 4160 339 150 dit
3945 4160 774 150 napoléoniste
4525 4160 436 150 va

1374 4262 233 150 «
1468 4262 373 150 dire
1701 4262 326 150 que
1887 4262 513 150 l’armée
2260 4262 373 150 sert
2493 4262 466 150 plutôt
2820 4262 233 150 à
2913 4262 559 150 opprimer
3332 4262 280 150 le
3472 4262 466 150 peuple
3799 4262 280 150 en
3938 4262 420 150 temps
4218 4262 280 150 de
4358 4262 373 150 paix
4591 4262 373 150 qu’à
4778 4262 186 150 le

1381 4385 226 125 «
1471 4385 543 125 défendre
1879 4385 272 125 en
2014 4385 407 125 temps
2286 4385 272 125 de
2422 4385 679 125 guerre!....
2965 4385 407 125 etc.,
3236 4385 362 125 etc.
3417 4385 136 125 »

1073 4567 458 172 42.
1334 4567 1309 172 <b>BONAPARTE</b>
2447 4567 851 172 (Jérôme),
3101 4567 458 172 roi
3363 4567 393 172 de
3493 4567 851 172 Westphalie.

1519 4708 309 156 L.
1673 4708 412 156 aut.
1930 4708 412 156 sig.
2188 4708 257 156 à
2291 4708 360 156 son
2496 4708 515 156 frère,
2857 4708 309 156 le
3011 4708 515 156 prince
3371 4708 566 156 Lucien.
3783 4708 618 156 Trieste,
4246 4708 309 156 19
4401 4708 412 156 août
4607 4708 360 156 1814.

1394 4863 266 127 1
1500 4863 532 127 grande
1873 4863 426 127 page
2086 4863 372 127 in

1491 4944 271 161 Il
1626 4944 317 161 lui
1807 4944 362 161 fait
2034 4944 362 161 part
2260 4944 271 161 de
2396 4944 317 161 son
2576 4944 407 161 désir
2848 4944 498 161 d’aller
3210 4944 588 161 s’établir
3662 4944 226 161 à
3753 4944 407 161 Rome.
4024 4944 271 161 Le
4160 4944 452 161 prince
4476 4944 271 161 de
4567 4944 407 161 Metter-

1385 5044 378 150 nich
1621 5044 331 150 lui
1810 5044 425 150 écrit
2093 5044 331 150 que
2282 5044 661 150 l'Empereur
2802 5044 661 150 d’Autriche
3321 5044 236 150 a
3416 5044 378 150 fait
3652 5044 567 150 demander
4077 5044 331 150 ses
4266 5044 708 150 passe-ports
4785 5044 189 150 au

1389 5142 644 156 saint-père
1895 5142 230 156 «
1987 5142 276 156 Je
2125 5142 368 156 dois
2355 5142 460 156 croire
2677 5142 322 156 que
2861 5142 368 156 cela
3091 5142 368 156 est,
3320 5142 368 156 mais
3550 5142 276 156 je
3688 5142 506 156 préfère
4056 5142 322 156 que
4240 5142 368 156 vous
4470 5142 322 156 les
4608 5142 368 156 deman-

1375 5242 243 146 «
1473 5242 389 146 diez
1716 5242 730 146 directement
2300 5242 633 146 vous-même
2787 5242 292 146 au
2933 5242 389 146 pape
3176 5242 292 146 et
3322 5242 292 146 me
3468 5242 341 146 les
3663 5242 779 146 envoyiez....
4296 5242 633 146 J’espère,
4734 5242 243 146 mon

1382 5338 243 152 «
1480 5338 389 152 cher
1723 5338 535 152 Lucien,
2112 5338 340 152 que
2306 5338 389 152 vous
2549 5338 681 152 éprouverez
3084 5338 535 152 quelque
3473 5338 535 152 plaisir
3862 5338 243 152 à
3959 5338 292 152 me
4105 5338 486 152 revoir
4445 5338 438 152 après
4688 5338 292 152 tant

1388 5438 240 152 «
1484 5438 575 152 d’années
1915 5438 287 152 de
2059 5438 719 152 séparation;
2634 5438 431 152 quant
2921 5438 240 152 à
3017 5438 383 152 moi,
3256 5438 431 152 cette
3544 5438 383 152 idée
3783 5438 287 152 me
3927 5438 383 152 fait
4167 5438 527 152 oublier
4550 5438 335 152 mes
4694 5438 287 152 mal-

1391 5575 220 101 «
1479 5575 439 101 heurs,
1786 5575 351 101 etc.
1962 5575 132 101 »

1072 5732 480 187 43.
1347 5732 1372 187 <b>BONAPARTE</b>
2513 5732 960 187 (Catherine
3267 5732 412 187 de
3473 5732 1097 187 Wurtemberg),
4296 5732 686 187 ex

1512 5886 507 180 de
1765 5886 1268 180 Westphalie,
2779 5886 761 180 femme
3286 5886 507 180 de
3540 5886 930 180 Jérôme.
4216 5886 507 180 N.
4385 5886 592 180 1783.

1519 6040 331 155 L.
1684 6040 441 155 aut.
1960 6040 441 155 sig.
2235 6040 276 155 à
2346 6040 386 155 son
2566 6040 551 155 frère,
2952 6040 331 155 le
3117 6040 551 155 prince
3503 6040 551 155 Lucien
3889 6040 772 155 Bonaparte.
4495 6040 331 155 De
4605 6040 386 155 Sche-

1398 6180 475 140 neau,
1715 6180 317 140 25
1873 6180 580 140 janvier
2295 6180 475 140 1818,
2612 6180 264 140 2
2717 6180 475 140 pages
3034 6180 475 140 petit
3298 6180 369 140 in

1515 6274 241 149 «
1611 6274 386 149 ....
1852 6274 386 149 Vous
2094 6274 289 149 ne
2238 6274 482 149 doutés
2576 6274 338 149 pas
2769 6274 241 149 ,
2865 6274 338 149 mon
3058 6274 386 149 cher
3300 6274 482 149 frère,
3637 6274 289 149 de
3782 6274 289 149 la
3927 6274 772 149 satisfaction
4554 6274 338 149 que
4699 6274 289 149 nous

1404 6372 230 152 «
1496 6372 735 152 éprouverions
2093 6372 459 152 d’être
2415 6372 505 152 réunis;
2782 6372 276 152 il
2920 6372 413 152 n’est
3196 6372 322 152 pas
3379 6372 505 152 douteux
3747 6372 322 152 que
3930 6372 276 152 le
4068 6372 551 152 meilleur
4482 6372 459 152 seroit
4757 6372 230 152 aux

1396 6472 236 150 «
1490 6472 709 150 États-Unis.
2057 6472 425 150 Dites
2341 6472 236 150 à
2435 6472 283 150 ma
2577 6472 661 150 belle-sœur
3096 6472 331 150 que
3285 6472 283 150 je
3427 6472 472 150 serois
3758 6472 567 150 heureuse
4183 6472 283 150 de
4325 6472 425 150 faire
4608 6472 283 150 sa
4703 6472 283 150 con-

1397 6568 243 168 «
1495 6568 631 168 naissance
1980 6568 437 168 ainsi
2271 6568 340 168 que
2465 6568 437 168 celle
2756 6568 291 168 de
2902 6568 340 168 vos
3096 6568 582 168 enfants;
3533 6568 437 168 quant
3824 6568 243 168 à
3921 6568 437 168 vous,
4212 6568 340 168 mon
4407 6568 388 168 cher
4601 6568 388 168 frère,

1394 6668 233 150 «
1488 6668 467 150 Jérome
1814 6668 700 150 m’entretien
2374 6668 280 150 si
2514 6668 513 150 souvent
2888 6668 280 150 de
3028 6668 560 150 l’amitié
3448 6668 420 150 qu’il
3728 6668 373 150 vous
3961 6668 467 150 porte,
4288 6668 327 150 que
4428 6668 560 150 j’envisage

1397 6789 237 125 «
1491 6789 427 125 cette
1776 6789 522 125 réunion
2155 6789 427 125 comme
2440 6789 284 125 un
2582 6789 616 125 véritable
3056 6789 569 125 bonheur,
3483 6789 332 125 etc
3673 6789 332 125 ...
3815 6789 142 125 »

1085 6946 471 211 44.
1354 6946 1346 211 <b>BONAPARTE</b>
2498 6946 808 211 (Élisa),
3104 6946 1279 211 grande-duchesse
4181 6946 404 211 de
4316 6946 673 211 Toscane,

1516 7116 770 188 sœur
1997 7116 578 188 de
2286 7116 1251 188 Napoléon.
3248 7116 578 188 N.
3537 7116 866 188 1777.
4115 7116 578 188 M.
4307 7116 674 188 1820.
