1662.8031496062993 2539.2755905511813
532.3464566929134 279.7795275590551 248.31496062992127 37.41732283464567 ORDRE
697.8897637795276 279.7795275590551 193.03937007874015 37.41732283464567 DES
780.3779527559055 279.7795275590551 331.0866141732283 37.41732283464567 VACATIONS.

322.01574803149606 482.1732283464567 256.53543307086613 36.8503937007874 Première
514.2047244094488 482.1732283464567 278.0787401574803 36.8503937007874 Vacation.
728.2204724409448 482.1732283464567 106.86614173228347 36.8503937007874 .
771.0236220472441 482.1732283464567 106.86614173228347 36.8503937007874 .
813.8267716535433 482.1732283464567 106.86614173228347 36.8503937007874 —
856.3464566929134 482.1732283464567 256.53543307086613 36.8503937007874 Mercredi
1048.8188976377953 482.1732283464567 128.40944881889763 36.8503937007874 14
1113.1653543307086 482.1732283464567 149.66929133858267 36.8503937007874 mai
1177.2283464566929 482.1732283464567 149.66929133858267 36.8503937007874 1845.

864.5669291338583 540.0 120.75590551181102 33.44881889763779 Du
924.9448818897638 540.0 120.75590551181102 33.44881889763779 n°
985.3228346456693 540.0 100.62992125984252 33.44881889763779 1
1025.8582677165355 540.0 100.62992125984252 33.44881889763779 à
1045.984251968504 540.0 100.62992125984252 33.44881889763779 94.

323.1496062992126 601.2283464566929 253.98425196850394 34.58267716535433 Deuxième
513.6377952755905 601.2283464566929 275.244094488189 34.58267716535433 Vacation.
725.3858267716536 601.2283464566929 105.73228346456693 34.58267716535433 .
767.9055118110236 601.2283464566929 105.73228346456693 34.58267716535433 .
810.1417322834645 601.2283464566929 105.73228346456693 34.58267716535433 —
852.3779527559055 601.2283464566929 190.48818897637796 34.58267716535433 Jeudi
979.6535433070866 601.2283464566929 126.99212598425197 34.58267716535433 15
1021.8897637795276 601.2283464566929 126.99212598425197 34.58267716535433 mai.

864.0 656.7874015748032 127.55905511811024 33.44881889763779 Du
927.7795275590552 656.7874015748032 127.55905511811024 33.44881889763779 n°
991.5590551181102 656.7874015748032 127.55905511811024 33.44881889763779 95
1055.0551181102362 656.7874015748032 106.2992125984252 33.44881889763779 à
1076.3149606299212 656.7874015748032 127.55905511811024 33.44881889763779 190.

324.0 718.0157480314961 270.99212598425197 35.1496062992126 Troisième
532.6299212598425 718.0157480314961 270.99212598425197 35.1496062992126 Vacation.
741.2598425196851 718.0157480314961 104.31496062992126 35.1496062992126 .
782.9291338582677 718.0157480314961 104.31496062992126 35.1496062992126 .
824.5984251968504 718.0157480314961 104.31496062992126 35.1496062992126 —
866.2677165354331 718.0157480314961 250.29921259842519 35.1496062992126 Vendredi
1053.9212598425197 718.0157480314961 125.00787401574803 35.1496062992126 16
1095.8740157480315 718.0157480314961 125.00787401574803 35.1496062992126 mai.

871.3700787401575 775.2755905511812 125.00787401574803 33.44881889763779 Du
933.7322834645669 775.2755905511812 125.00787401574803 33.44881889763779 n°
996.3779527559055 775.2755905511812 145.98425196850394 33.44881889763779 191
1079.716535433071 775.2755905511812 104.31496062992126 33.44881889763779 à
1100.4094488188975 775.2755905511812 125.00787401574803 33.44881889763779 283.

324.2834645669291 836.503937007874 291.9685039370079 45.92125984251968 Quatrième
548.7874015748032 836.503937007874 291.9685039370079 45.92125984251968 Vacation.
773.2913385826772 836.503937007874 112.25196850393701 45.92125984251968 .
818.0787401574803 836.503937007874 112.25196850393701 45.92125984251968 —
863.1496062992126 836.503937007874 224.50393700787401 45.92125984251968 Samedi
1020.1889763779527 836.503937007874 134.64566929133858 45.92125984251968 17
1065.259842519685 836.503937007874 134.64566929133858 45.92125984251968 mai.

863.1496062992126 890.0787401574803 126.4251968503937 39.68503937007874 Du
926.3622047244095 890.0787401574803 126.4251968503937 39.68503937007874 n°
989.5748031496063 890.0787401574803 147.68503937007873 39.68503937007874 284
1073.763779527559 890.0787401574803 105.44881889763779 39.68503937007874 à
1095.023622047244 890.0787401574803 126.4251968503937 39.68503937007874 378.

321.1653543307087 1086.5196850393702 98.92913385826772 37.98425196850393 Il
370.48818897637796 1086.5196850393702 82.20472440944881 37.98425196850393 y
403.37007874015745 1086.5196850393702 131.81102362204723 37.98425196850393 aura
485.8582677165354 1086.5196850393702 164.69291338582678 37.98425196850393 chaque
601.2283464566929 1086.5196850393702 131.81102362204723 37.98425196850393 jour
683.4330708661417 1086.5196850393702 98.92913385826772 37.98425196850393 de
732.7559055118111 1086.5196850393702 164.69291338582678 37.98425196850393 vente,
848.1259842519685 1086.5196850393702 148.251968503937 37.98425196850393 d’une
947.0551181102362 1086.5196850393702 148.251968503937 37.98425196850393 heure
1045.7007874015749 1086.5196850393702 82.20472440944881 37.98425196850393 à
1078.5826771653544 1086.5196850393702 164.69291338582678 37.98425196850393 trois,
1177.5118110236222 1086.5196850393702 197.5748031496063 37.98425196850393 exposition

285.1653543307087 1130.1732283464567 113.95275590551181 37.98425196850393 des
350.0787401574803 1130.1732283464567 162.70866141732284 37.98425196850393 pièces
464.0314960629921 1130.1732283464567 113.95275590551181 37.98425196850393 qui
528.9448818897638 1130.1732283464567 162.70866141732284 37.98425196850393 seront
642.8976377952756 1130.1732283464567 178.86614173228347 37.98425196850393 vendues
773.007874015748 1130.1732283464567 97.51181102362204 37.98425196850393 le
805.3228346456693 1130.1732283464567 113.95275590551181 37.98425196850393 soir.

321.4488188976378 1200.4724409448818 92.97637795275591 38.55118110236221 On
367.93700787401576 1200.4724409448818 124.15748031496064 38.55118110236221 aura
445.6062992125984 1200.4724409448818 124.15748031496064 38.55118110236221 huit
523.2755905511812 1200.4724409448818 139.46456692913387 38.55118110236221 jours
616.2519685039371 1200.4724409448818 124.15748031496064 38.55118110236221 pour
693.6377952755905 1200.4724409448818 92.97637795275591 38.55118110236221 la
740.4094488188977 1200.4724409448818 248.03149606299212 38.55118110236221 vérification
941.9527559055118 1200.4724409448818 108.56692913385827 38.55118110236221 des
1004.0314960629921 1200.4724409448818 170.64566929133858 38.55118110236221 pièces;
1128.1889763779527 1200.4724409448818 139.46456692913387 38.55118110236221 passé
1221.1653543307086 1200.4724409448818 92.97637795275591 38.55118110236221 ce
1252.0629921259842 1200.4724409448818 124.15748031496064 38.55118110236221 délai,

282.8976377952756 1244.6929133858268 173.1968503937008 30.04724409448819 aucune
403.93700787401576 1244.6929133858268 259.65354330708664 30.04724409448819 réclamation
611.7165354330708 1244.6929133858268 103.74803149606299 30.04724409448819 ne
663.5905511811023 1244.6929133858268 138.33070866141733 30.04724409448819 sera
732.7559055118111 1244.6929133858268 155.90551181102362 30.04724409448819 admise.

320.88188976377955 1314.992125984252 117.07086614173228 37.41732283464567 Les
387.7795275590551 1314.992125984252 234.14173228346456 37.41732283464567 acquéreurs
571.7480314960629 1314.992125984252 200.69291338582678 37.41732283464567 paieront
722.5511811023622 1314.992125984252 83.62204724409449 37.41732283464567 5
756.0 1314.992125984252 100.34645669291339 37.41732283464567 p.
806.1732283464567 1314.992125984252 117.07086614173228 37.41732283464567 100
873.0708661417323 1314.992125984252 100.34645669291339 37.41732283464567 en
923.2440944881889 1314.992125984252 117.07086614173228 37.41732283464567 sus
990.1417322834645 1314.992125984252 100.34645669291339 37.41732283464567 du
1040.3149606299212 1314.992125984252 133.79527559055117 37.41732283464567 prix
1107.2125984251968 1314.992125984252 267.87401574803147 37.41732283464567 d’adjudication

284.59842519685037 1360.3464566929133 234.70866141732284 37.41732283464567 applicables
472.251968503937 1360.3464566929133 109.41732283464567 37.41732283464567 aux
519.3070866141733 1360.3464566929133 125.00787401574803 37.41732283464567 frais.

322.01574803149606 1554.236220472441 100.34645669291339 37.98425196850393 M.
372.18897637795277 1554.236220472441 183.96850393700788 37.98425196850393 CHARON,
505.98425196850394 1554.236220472441 167.24409448818898 37.98425196850393 chargé
623.0551181102362 1554.236220472441 100.34645669291339 37.98425196850393 de
673.2283464566929 1554.236220472441 100.34645669291339 37.98425196850393 la
723.4015748031496 1554.236220472441 167.24409448818898 37.98425196850393 vente,
840.4724409448819 1554.236220472441 183.96850393700788 37.98425196850393 recevra
974.2677165354331 1554.236220472441 117.07086614173228 37.98425196850393 les
1041.1653543307086 1554.236220472441 250.86614173228347 37.98425196850393 commissions
1241.8582677165355 1554.236220472441 117.07086614173228 37.98425196850393 qui
1292.0314960629921 1554.236220472441 83.62204724409449 37.98425196850393 lui

287.7165354330709 1598.4566929133857 141.4488188976378 38.55118110236221 seront
386.6456692913386 1598.4566929133857 198.14173228346456 38.55118110236221 adressées.
542.2677165354331 1598.4566929133857 155.6220472440945 38.55118110236221 (Les
655.3700787401575 1598.4566929133857 155.6220472440945 38.55118110236221 lettres
768.7559055118111 1598.4566929133857 155.6220472440945 38.55118110236221 doivent
881.8582677165355 1598.4566929133857 113.10236220472441 38.55118110236221 être
952.4409448818898 1598.4566929133857 183.96850393700788 38.55118110236221 adressées
1093.8897637795276 1598.4566929133857 127.2755905511811 38.55118110236221 franc
1178.6456692913387 1598.4566929133857 84.75590551181102 38.55118110236221 de
1206.992125984252 1598.4566929133857 169.79527559055117 38.55118110236221 port.)

320.31496062992125 1673.5748031496064 94.67716535433071 14.173228346456693 N.
367.65354330708664 1673.5748031496064 94.67716535433071 14.173228346456693 B.
414.99212598425197 1673.5748031496064 157.60629921259843 14.173228346456693 Les
525.5433070866142 1673.5748031496064 204.9448818897638 14.173228346456693 vacations
683.1496062992126 1673.5748031496064 252.28346456692913 14.173228346456693 commenceront
888.0944881889764 1673.5748031496064 142.01574803149606 14.173228346456693 à
982.7716535433071 1673.5748031496064 78.80314960629921 14.173228346456693 7
1014.2362204724409 1673.5748031496064 157.60629921259843 14.173228346456693 HEURES
1108.9133858267717 1673.5748031496064 252.28346456692913 14.173228346456693 TRÈS

444.755905511811 2042.3622047244094 87.59055118110236 27.212598425196852 DE
488.6929133858268 2042.3622047244094 233.85826771653544 27.212598425196852 L'IMPRIMERIE
678.6141732283464 2042.3622047244094 87.59055118110236 27.212598425196852 DE
722.5511811023622 2042.3622047244094 189.92125984251967 27.212598425196852 CRAPELET,
868.5354330708661 2042.3622047244094 102.33070866141732 27.212598425196852 RUE
926.9291338582677 2042.3622047244094 87.59055118110236 27.212598425196852 DE
970.8661417322835 2042.3622047244094 204.66141732283464 27.212598425196852 VAUGIRARD,
1131.5905511811025 2042.3622047244094 87.59055118110236 27.212598425196852 N°
1160.7874015748032 2042.3622047244094 58.39370078740158 27.212598425196852 9.
