5866 9075
2261 667 1018 120 —9—

1307 882 442 112 d'un
1583 882 497 112 nomme
1914 882 552 112 Huard,
2300 882 386 112 qui
2521 882 386 112 est
2742 882 331 112 au
2907 882 552 112 moment
3294 882 552 112 d'être
3680 882 717 112 poursuivi
4232 882 497 112 comme
4508 882 386 112 déser

1330 992 392 105 teur,
1592 992 348 105 etc.
1809 992 479 105 Détails
2158 992 218 105 à
2245 992 261 105 ce
2332 992 348 105 sujet.

1000 1158 493 143 51.
1281 1158 1338 143 <b>BOUILLON</b>
2408 1158 1126 143 (Emm.-Théod.
3323 1158 422 143 de
3534 1158 422 143 la
3675 1158 1267 143 Tour

1462 1312 820 151 cardinal
2077 1312 547 151 de),
2419 1312 615 151 grand
2829 1312 820 151 aumônier
3444 1312 410 151 de
3649 1312 684 151 France
4128 1312 410 151 et
4264 1312 684 151 ambassa-

1429 1464 907 123 deur
1995 1464 567 123 à
2222 1464 1020 123 Rome.
2902 1464 680 123 N.
3242 1464 1020 123 1644.
3922 1464 680 123 M.
4149 1464 793 123 1715.

1454 1614 339 127 L.
1623 1614 452 127 aut.
1905 1614 452 127 sig.
2188 1614 282 127 à
2300 1614 339 127 M.
2470 1614 339 127 le
2639 1614 565 127 prince
3034 1614 339 127 de
3204 1614 678 127 Turenne.
3712 1614 339 127 De
3881 1614 678 127 Tournus,
4389 1614 339 127 le
4559 1614 282 127 8
4615 1614 339 127 juin

1341 1742 460 118 1683.
1648 1742 512 118 Lettre
2006 1742 614 118 d’amitié
2466 1742 1074 118 très-affectueuse.
3387 1742 256 118 1
3489 1742 460 118 belle
3796 1742 409 118 page
4052 1742 460 118 in-4.
4308 1742 460 118 Cachet.

1009 1926 449 146 52.
1265 1926 1218 146 <b>BREWSTER</b>
2291 1926 769 146 (David),
2868 1926 705 146 célèbre
3381 1926 833 146 physicien
3958 1926 705 146 écossais.

1452 2076 328 131 L.
1616 2076 438 131 aut.
1890 2076 438 131 sig.
2163 2076 383 131 (en
2382 2076 711 131 anglais),
2929 2076 273 131 à
3039 2076 328 131 M.
3203 2076 492 131 Biot,
3531 2076 328 131 de
3695 2076 820 131 l’Institut.
4297 2076 656 131 Édimbourg,

1347 2206 309 117 13
1502 2206 619 117 juillet,
1966 2206 464 117 1815,
2275 2206 258 117 2
2378 2206 464 117 pages
2636 2206 361 117 in

1431 2316 595 93 Relative
1878 2316 248 93 à
1977 2316 347 93 son
2175 2316 644 93 admission
2671 2316 446 93 comme
2968 2316 496 93 membre
3315 2316 545 93 associé
3712 2316 297 93 de
3860 2316 694 93 l’Institut
4406 2316 297 93 de
4505 2316 446 93 France.

1019 2518 459 145 53.
1282 2518 1772 145 <b>BRILLAT-SAVARIN</b>,
2857 2518 656 145 député
3316 2518 459 145 aux
3579 2518 591 145 états
3973 2518 853 145 généraux,
4563 2518 394 145 con

1479 2660 617 153 seiller
1928 2660 280 153 à
2040 2660 337 153 la
2208 2660 449 153 Cour
2489 2660 337 153 de
2657 2660 729 153 cassation
3218 2660 337 153 et
3386 2660 561 153 auteur
3779 2660 337 153 de
3947 2660 337 153 la
4059 2660 898 153 <i>Physio

1460 2822 1046 181 <i>logie
2244 2822 523 181 du
2505 2822 1133 181 goût</i>.
3377 2822 523 181 N.
3638 2822 784 181 1755.
4161 2822 523 181 M.
4335 2822 610 181 1826.

1464 2974 319 124 L.
1623 2974 425 124 aut.
1889 2974 425 124 sig.
2155 2974 266 124 à
2261 2974 319 124 M.
2421 2974 638 124 Dumolin.
2899 2974 532 124 Paris,
3271 2974 319 124 28
3430 2974 638 124 juillet.
3909 2974 266 124 3
4015 2974 478 124 pages
4281 2974 372 124 in

1444 3090 270 125 Il
1579 3090 406 125 vient
1850 3090 270 125 de
1985 3090 270 125 la
2120 3090 406 125 cour,
2390 3090 270 125 et
2525 3090 315 125 lui
2706 3090 406 125 donne
2976 3090 315 125 les
3156 3090 586 125 nouvelles
3607 3090 406 125 qu'il
3877 3090 270 125 en
4013 3090 225 125 a
4103 3090 541 125 apprises
4463 3090 496 125 relative-

1338 3192 397 113 ment
1586 3192 297 113 au
1735 3192 545 113 concile
2132 3192 297 113 et
2280 3192 248 113 à
2379 3192 297 113 la
2528 3192 595 113 question
2974 3192 347 113 des
3173 3192 793 113 institutions
3817 3192 694 113 canoniques
4362 3192 347 113 des
4511 3192 446 113 évêques

1341 3288 293 115 et
1488 3288 342 115 des
1683 3288 685 115 cardinaux,
2221 3288 342 115 que
2417 3288 391 115 l’on
2662 3288 391 115 doit
2906 3288 636 115 soumettre
3395 3288 293 115 au
3542 3288 440 115 pape.
3835 3288 293 115 Il
3982 3288 342 115 lui
4178 3288 440 115 parle
4471 3288 293 115 du
4569 3288 391 115 départ

1336 3386 487 129 d'une
1660 3386 487 129 armée
1985 3386 325 129 de
2147 3386 649 129 quarante
2634 3386 487 129 mille
2959 3386 541 129 hommes
3337 3386 433 129 pour
3608 3386 595 129 Naples,
4040 3386 703 129 commandée
4581 3386 379 129 par
4744 3386 216 129 le

1343 3496 559 106 maréchal
1763 3496 606 106 Pérignon,
2229 3496 280 106 et
2369 3496 559 106 d’autres
2789 3496 513 106 détails
3161 3496 653 106 politiques
3674 3496 373 106 fort
3861 3496 699 106 intéressants.

1018 3668 532 145 54.
1322 3668 2279 145 <b>BRUNSWICK-LUNEBOURG</b>
3373 3668 380 145 (
3449 3668 1519 145 Charles

1481 3818 1159 145 Ferdinand,
2392 3818 579 145 duc
2723 3818 662 145 de).
3137 3818 497 145 N.
3385 3818 745 145 1735,
3882 3818 579 145 tué
4213 3818 497 145 en
4379 3818 579 145 1806.

1480 3968 322 133 L.
1641 3968 430 133 aut.
1910 3968 430 133 sig.
2179 3968 376 133 (en
2394 3968 752 133 allemand),
2984 3968 269 133 à
3092 3968 376 133 Son
3307 3968 591 133 Altesse
3736 3968 322 133 le
3898 3968 752 133 prince....
4489 3968 483 133 Datée
4757 3968 215 133 de

1350 4100 649 118 Breslau,
1837 4100 325 118 le
1999 4100 325 118 27
2161 4100 649 118 décembre
2648 4100 487 118 1801.
2972 4100 270 118 1
3081 4100 487 118 belle
3405 4100 433 118 page
3621 4100 379 118 in

1037 4284 452 151 55.
1296 4284 1163 151 <b>CABANIS</b>
2265 4284 1616 151 (Jean-Pierre-George),
3687 4284 776 151 médecin,
4204 4284 776 151 philosophe

1462 4442 619 117 et
1771 4442 1650 117 littérateur.
3112 4442 619 117 N.
3421 4442 928 117 1737.
4040 4442 619 117 M.
4246 4442 722 117 1808.

1479 4590 338 123 L.
1648 4590 451 123 aut.
1930 4590 451 123 sig.
2211 4590 338 123 au
2380 4590 620 123 citoyen
2831 4590 564 123 Lucien
3226 4590 789 123 Bonaparte.
3846 4590 676 123 Auteuil,
4353 4590 338 123 17
4466 4590 507 123 floréal

1362 4716 320 115 an
1522 4716 373 115 XI.
1735 4716 266 115 1
1841 4716 426 115 page
2108 4716 480 115 in-4,
2428 4716 426 115 avec
2641 4716 586 115 vignette.

1459 4830 290 111 Il
1604 4830 338 111 lui
1797 4830 483 111 envoie
2135 4830 386 111 pour
2376 4830 338 111 son
2569 4830 579 111 discours
3004 4830 579 111 quelques
3438 4830 435 111 notes
3728 4830 338 111 sur
3921 4830 676 111 Condorcet,
4452 4830 290 111 et
4597 4830 338 111 lui
4742 4830 241 111 ga-

1359 4930 477 111 rantit
1693 4930 763 111 l’exactitude
2313 4930 334 111 des
2504 4930 477 111 faits.
2837 4930 334 111 Les
3028 4930 620 111 jugements
3505 4930 477 111 portés
3839 4930 334 111 sur
4029 4930 334 111 les
4220 4930 572 111 ouvrages
4649 4930 286 111 de
4745 4930 238 111 cet

1348 5030 438 112 homme
1641 5030 536 112 célèbre
2030 5030 341 112 lui
2225 5030 341 112 ont
2420 5030 390 112 paru
2663 5030 828 112 raisonnables,
3297 5030 292 112 etc.

1048 5198 424 151 56.
1291 5198 1030 151 <b>CALVIN</b>
2139 5198 666 151 (Jean),
2623 5198 666 151 célèbre
3108 5198 969 151 réformateur.
3895 5198 363 151 N.
4077 5198 545 151 1509.
4440 5198 363 151 M.
4561 5198 424 151 1564.

1493 5352 313 125 L.
1649 5352 417 125 aut.
1910 5352 417 125 sig.
2170 5352 313 125 en
2327 5352 469 125 latin
2640 5352 469 125 à....
2952 5352 625 125 Décembre
3421 5352 469 125 1557,
3734 5352 365 125 une
3943 5352 678 125 demi-page
4464 5352 469 125 petit
4724 5352 261 125 in-

1356 5472 531 119 folio,
1728 5472 478 119 d’une
2046 5472 637 119 parfaite
2471 5472 796 119 conservation.

1462 5594 303 121 La
1614 5594 606 121 personne
2069 5594 455 121 qu’il
2372 5594 354 121 lui
2574 5594 505 121 envoie
2928 5594 354 121 n’a
3130 5594 354 121 pas
3332 5594 505 121 besoin
3685 5594 303 121 de
3837 5594 960 121 recommandation.
4595 5594 404 121 Depuis

1371 5692 628 111 longtemps
1854 5692 386 111 elle
2095 5692 338 111 lui
2288 5692 338 111 est
2482 5692 483 111 connue
2820 5692 290 111 et
2965 5692 338 111 lui
3158 5692 241 111 a
3254 5692 435 111 donné
3544 5692 338 111 des
3737 5692 531 111 preuves
4124 5692 290 111 de
4269 5692 290 111 sa
4413 5692 580 111 modestie
4800 5692 193 111 et

1369 5790 271 113 de
1504 5790 271 113 sa
1640 5790 588 113 piété....
2092 5790 362 113 S’il
2319 5790 226 113 a
2409 5790 452 113 hésité
2726 5790 588 113 longtemps
3178 5790 226 113 à
3268 5790 317 113 lui
3449 5790 498 113 confier
3811 5790 543 113 l’emploi
4218 5790 498 113 qu’elle
4535 5790 452 113 remplit,

1368 5892 393 127 c’est
1630 5892 393 127 qu'il
1892 5892 568 127 attendait
2329 5892 262 127 la
2460 5892 349 127 voix
2678 5892 611 127 intérieure
3158 5892 262 127 de
3289 5892 830 127 l'Esprit-Saint,
3988 5892 306 127 qui
4162 5892 349 127 doit
4381 5892 437 127 régler
4686 5892 262 127 et
4774 5892 218 127 di-

1369 5992 403 119 riger
1638 5992 448 119 toutes
1951 5992 313 119 ses
2130 5992 716 119 actions....,
2712 5992 224 119 «
2801 5992 358 119 Elle
3025 5992 224 119 a
3115 5992 448 119 parlé,
3428 5992 269 119 et
3562 5992 358 119 j’ai
3786 5992 492 119 agi....
4144 5992 358 119 Nous
4368 5992 537 119 marchons
4726 5992 269 119 tou-

1366 6073 249 132 «
1466 6073 448 132 jours
1764 6073 299 132 au
1914 6073 348 132 but
2113 6073 547 132 désiré;
2511 6073 697 132 l’Écriture
3058 6073 348 132 dit
3257 6073 249 132 :
3357 6073 348 132 QUE
3556 6073 547 132 CEUX-LA
3954 6073 448 132 SEULS
4253 6073 547 132 RÈGNENT
4651 6073 348 132 QUI
4800 6073 199 132 EN

1364 6194 249 111 «
1464 6194 398 111 SONT
1713 6194 498 111 DIGNES
2061 6194 598 111 (Isaïe).
2510 6194 398 111 Nous
2759 6194 598 111 comptons
3207 6194 747 111 aujourd’hui
3805 6194 448 111 parmi
4104 6194 349 111 nos
4303 6194 647 111 disciples
4751 6194 249 111 des

1366 6294 249 111 «
1466 6294 646 111 personnes
1963 6294 298 111 du
2112 6294 398 111 plus
2361 6294 398 111 haut
2609 6294 398 111 rang
2858 6294 298 111 et
3007 6294 348 111 des
3206 6294 547 111 savants
3604 6294 298 111 du
3753 6294 547 111 premier
4151 6294 547 111 mérite;
4549 6294 348 111 que
4698 6294 298 111 Dieu

1375 6392 223 108 «
1465 6392 267 108 en
1598 6392 356 108 soit
1821 6392 401 108 béni,
2088 6392 356 108 etc.
2310 6392 223 108 »
2399 6392 267 108 On
2533 6392 223 108 y
2622 6392 223 108 a
2711 6392 401 108 joint
2978 6392 267 108 la
3067 6392 579 108 traduction.

1063 6550 444 149 57.
1316 6550 1079 149 <b>CAMPAN</b>
2205 6550 698 149 (Jeanne
2713 6550 635 149 Genet,
3157 6550 635 149 dame),
3602 6550 889 149 directrice
4300 6550 381 149 de
4490 6550 381 149 la
4617 6550 381 149 mai

1503 6682 583 171 son
1836 6682 1082 171 impériale
2668 6682 1082 171 d’Écouen.
3500 6682 499 171 N.
3750 6682 749 171 1752.
4249 6682 499 171 M.
4415 6682 583 171 1822.

1504 6848 333 133 L.
1671 6848 444 133 aut.
1949 6848 444 133 sig.
2226 6848 278 133 à
2337 6848 333 133 M.
2504 6848 444 133 Boin
2781 6848 333 133 de
2948 6848 833 133 l’Institut.
3614 6848 611 133 Écouen,
4058 6848 278 133 5
4169 6848 666 133 novembre
4613 6848 389 133 1808.

1381 6982 267 112 3
1487 6982 480 112 pages
1754 6982 374 112 in

1477 7100 552 117 Relative
1891 7100 230 117 à
1983 7100 506 117 l’envoi
2351 7100 322 117 par
2535 7100 276 117 le
2673 7100 460 117 Jardin
2995 7100 322 117 des
3179 7100 506 117 Plantes
3546 7100 276 117 de
3684 7100 552 117 diverses
4098 7100 506 117 plantes
4466 7100 276 117 et
4558 7100 460 117 arbustes

1378 7202 540 103 pouvant
1770 7202 491 103 servir
2114 7202 245 103 à
2212 7202 736 103 l'éducation
2801 7202 294 103 de
2948 7202 343 103 ses
3144 7202 540 103 élèves,
3537 7202 294 103 en
3684 7202 393 103 leur
3929 7202 540 103 faisant
4322 7202 638 103 connaître
4764 7202 245 103 les

1387 7302 414 106 noms,
1663 7302 322 106 les
1847 7302 552 106 qualités
2262 7302 276 106 et
2400 7302 276 106 la
2538 7302 598 106 propriété
2998 7302 276 106 de
3136 7302 322 106 ces
3320 7302 598 106 arbustes,
3735 7302 276 106 etc.
