1662.8031496062993 2567.6220472440946
729.6377952755905 188.50393700787401 150.8031496062992 33.44881889763779 —
789.7322834645669 188.50393700787401 180.8503937007874 33.44881889763779 10
850.1102362204724 188.50393700787401 90.4251968503937 33.44881889763779 —

280.9133858267717 250.29921259842519 138.61417322834646 43.653543307086615 58.
360.2834645669291 250.29921259842519 356.59842519685037 43.653543307086615 CANNING
657.3543307086615 250.29921259842519 257.38582677165357 43.653543307086615 (George),
855.2125984251968 250.29921259842519 237.54330708661416 43.653543307086615 ministre
1033.5118110236222 250.29921259842519 237.54330708661416 43.653543307086615 anglais.
1211.8110236220473 250.29921259842519 118.77165354330708 43.653543307086615 M.
1251.4960629921259 250.29921259842519 138.61417322834646 43.653543307086615 1827.

409.3228346456693 294.8031496062992 93.8267716535433 34.86614173228347 L.
456.09448818897636 294.8031496062992 125.00787401574803 34.86614173228347 aut.
534.3307086614174 294.8031496062992 125.00787401574803 34.86614173228347 sig.
612.2834645669292 294.8031496062992 109.41732283464567 34.86614173228347 (en
674.9291338582677 294.8031496062992 202.96062992125985 34.86614173228347 anglais),
831.1181102362204 294.8031496062992 77.95275590551181 34.86614173228347 à
862.2992125984252 294.8031496062992 140.5984251968504 34.86614173228347 M....
955.8425196850394 294.8031496062992 93.8267716535433 34.86614173228347 De
1002.8976377952756 294.8031496062992 171.7795275590551 34.86614173228347 Calais,
1127.6220472440946 294.8031496062992 93.8267716535433 34.86614173228347 26
1174.6771653543308 294.8031496062992 171.7795275590551 34.86614173228347 octobre
1283.8110236220473 294.8031496062992 109.41732283464567 34.86614173228347 1815,

373.3228346456693 329.6692913385827 73.13385826771653 32.31496062992126 3
402.8031496062992 329.6692913385827 131.5275590551181 32.31496062992126 pages
475.65354330708664 329.6692913385827 102.33070866141732 32.31496062992126 in

283.46456692913387 384.66141732283467 128.9763779527559 39.68503937007874 59.
357.1653543307087 384.66141732283467 313.51181102362204 39.68503937007874 CANOVA
615.4015748031496 384.66141732283467 258.23622047244095 39.68503937007874 (Antoine),
818.0787401574803 384.66141732283467 184.53543307086613 39.68503937007874 célèb.
947.3385826771654 384.66141732283467 165.82677165354332 39.68503937007874 stat.
1057.8897637795276 384.66141732283467 110.55118110236221 39.68503937007874 N.
1113.1653543307086 384.66141732283467 165.82677165354332 39.68503937007874 1757.
1224.0 384.66141732283467 110.55118110236221 39.68503937007874 M.
1260.8503937007874 384.66141732283467 128.9763779527559 39.68503937007874 1822.

407.0551181102362 428.0314960629921 88.15748031496064 36.56692913385827 L.
451.2755905511811 428.0314960629921 117.63779527559055 36.56692913385827 aut.
524.6929133858267 428.0314960629921 117.63779527559055 36.56692913385827 sig.
598.1102362204724 428.0314960629921 102.89763779527559 36.56692913385827 (en
656.7874015748032 428.0314960629921 191.0551181102362 36.56692913385827 italien),
803.6220472440945 428.0314960629921 73.41732283464567 36.56692913385827 à
833.1023622047244 428.0314960629921 88.15748031496064 36.56692913385827 M.
877.0393700787401 428.0314960629921 88.15748031496064 36.56692913385827 le
921.2598425196851 428.0314960629921 191.0551181102362 36.56692913385827 chevalier
1068.0944881889764 428.0314960629921 205.51181102362204 36.56692913385827 Quatremère
1229.6692913385828 428.0314960629921 88.15748031496064 36.56692913385827 de
1259.1496062992126 428.0314960629921 132.09448818897638 36.56692913385827 Quincy,

371.62204724409446 463.46456692913387 144.28346456692913 33.732283464566926 Rome,
468.0 463.46456692913387 96.09448818897638 33.732283464566926 25
515.9055118110236 463.46456692913387 208.3464566929134 33.732283464566926 septembre
676.3464566929134 463.46456692913387 144.28346456692913 33.732283464566926 1818.
772.4409448818898 463.46456692913387 80.22047244094489 33.732283464566926 1
804.4724409448819 463.46456692913387 160.15748031496062 33.732283464566926 grande
916.7244094488188 463.46456692913387 128.1259842519685 33.732283464566926 page
980.7874015748032 463.46456692913387 112.25196850393701 33.732283464566926 in

283.748031496063 512.7874015748032 117.63779527559055 43.653543307086615 60.
350.92913385826773 512.7874015748032 285.4488188976378 43.653543307086615 CAPPEL
585.9212598425197 512.7874015748032 234.99212598425197 43.653543307086615 (Jacques),
770.4566929133858 512.7874015748032 234.99212598425197 43.653543307086615 professeur
955.2755905511812 512.7874015748032 201.54330708661416 43.653543307086615 d’hébreu
1106.3622047244094 512.7874015748032 100.62992125984252 43.653543307086615 et
1156.8188976377953 512.7874015748032 100.62992125984252 43.653543307086615 de
1190.267716535433 512.7874015748032 201.54330708661416 43.653543307086615 théologie,

413.29133858267716 555.0236220472441 185.38582677165354 43.93700787401575 auteur
542.8346456692914 555.0236220472441 148.251968503937 43.93700787401575 d’un
635.5275590551181 555.0236220472441 166.6771653543307 43.93700787401575 grand
746.6456692913385 555.0236220472441 185.38582677165354 43.93700787401575 nombre
876.4724409448819 555.0236220472441 259.37007874015745 43.93700787401575 d’ouvrages
1080.283464566929 555.0236220472441 111.11811023622047 43.93700787401575 de
1117.4173228346456 555.0236220472441 222.23622047244095 43.93700787401575 théologie.

1029.5433070866143 601.7952755905512 121.03937007874016 32.881889763779526 N.
1089.9212598425197 601.7952755905512 181.70078740157481 32.881889763779526 1570.
1210.9606299212599 601.7952755905512 121.03937007874016 32.881889763779526 M.
1251.4960629921259 601.7952755905512 141.16535433070865 32.881889763779526 1624.

408.4724409448819 642.3307086614174 138.33070866141733 35.43307086614173 Pièce
500.59842519685037 642.3307086614174 107.71653543307086 35.43307086614173 aut
562.1102362204724 642.3307086614174 138.33070866141733 35.43307086614173 sig.,
654.2362204724409 642.3307086614174 138.33070866141733 35.43307086614173 datée
746.6456692913385 642.3307086614174 92.1259842519685 35.43307086614173 de
792.8503937007874 642.3307086614174 153.63779527559055 35.43307086614173 Sédan,
900.2834645669292 642.3307086614174 76.81889763779527 35.43307086614173 7
931.1811023622047 642.3307086614174 107.71653543307086 35.43307086614173 mai
977.1023622047244 642.3307086614174 107.71653543307086 35.43307086614173 1610.

282.3307086614173 692.503937007874 121.32283464566929 41.38582677165354 61.
351.7795275590551 692.503937007874 364.251968503937 41.38582677165354 CARACCIOLI
663.8740157480315 692.503937007874 260.2204724409449 41.38582677165354 (Louis-Ant.
871.9370078740158 692.503937007874 104.03149606299213 41.38582677165354 ),
923.8110236220473 692.503937007874 225.35433070866142 41.38582677165354 littérat.
1097.291338582677 692.503937007874 104.03149606299213 41.38582677165354 N.
1149.4488188976377 692.503937007874 138.61417322834646 41.38582677165354 1721
1235.9055118110236 692.503937007874 104.03149606299213 41.38582677165354 M.
1270.7716535433071 692.503937007874 121.32283464566929 41.38582677165354 1808.

407.0551181102362 735.8740157480315 102.04724409448819 34.86614173228347 L.
458.0787401574803 735.8740157480315 136.06299212598427 34.86614173228347 aut.
543.1181102362204 735.8740157480315 153.0708661417323 34.86614173228347 sig.,
645.4488188976378 735.8740157480315 85.03937007874016 34.86614173228347 à
679.4645669291339 735.8740157480315 170.36220472440945 34.86614173228347 madame
798.5196850393701 735.8740157480315 102.04724409448819 34.86614173228347 la
849.5433070866142 735.8740157480315 204.3779527559055 34.86614173228347 marquise
1002.8976377952756 735.8740157480315 102.04724409448819 34.86614173228347 de
1053.9212598425197 735.8740157480315 238.39370078740157 34.86614173228347 Pompadour.
1224.0 735.8740157480315 170.36220472440945 34.86614173228347 Londres,

374.74015748031496 770.1732283464567 103.74803149606299 34.01574803149607 1er
433.98425196850394 770.1732283464567 177.73228346456693 34.01574803149607 décembre
567.2125984251968 770.1732283464567 133.22834645669292 34.01574803149607 1758.
655.9370078740158 770.1732283464567 192.4724409448819 34.01574803149607 Précieuse
803.9055118110236 770.1732283464567 88.7244094488189 34.01574803149607 et
848.4094488188977 770.1732283464567 177.73228346456693 34.01574803149607 curieuse
981.6377952755905 770.1732283464567 162.70866141732284 34.01574803149607 lettre.
1100.1259842519685 770.1732283464567 73.98425196850394 34.01574803149607 4
1129.6062992125985 770.1732283464567 133.22834645669292 34.01574803149607 pages
1203.5905511811025 770.1732283464567 103.74803149606299 34.01574803149607 in

400.81889763779526 803.9055118110236 62.92913385826772 31.46456692913386 «
425.76377952755905 803.9055118110236 100.91338582677166 31.46456692913386 J’ai
488.9763779527559 803.9055118110236 138.61417322834646 31.46456692913386 balancé
589.6062992125984 803.9055118110236 163.84251968503938 31.46456692913386 longtemps
715.7480314960629 803.9055118110236 113.38582677165354 31.46456692913386 entre
791.4330708661417 803.9055118110236 75.68503937007874 31.46456692913386 la
829.1338582677165 803.9055118110236 138.61417322834646 31.46456692913386 crainte
930.0472440944882 803.9055118110236 75.68503937007874 31.46456692913386 de
967.7480314960629 803.9055118110236 100.91338582677166 31.46456692913386 vous
1030.9606299212599 803.9055118110236 151.37007874015748 31.46456692913386 déplaire
1144.3464566929133 803.9055118110236 75.68503937007874 31.46456692913386 et
1182.0472440944882 803.9055118110236 75.68503937007874 31.46456692913386 le
1220.0314960629921 803.9055118110236 113.38582677165354 31.46456692913386 désir
1295.4330708661416 803.9055118110236 75.68503937007874 31.46456692913386 de
1320.6614173228347 803.9055118110236 75.68503937007874 31.46456692913386 vous

373.3228346456693 831.4015748031496 67.18110236220473 30.614173228346456 «
399.9685039370079 831.4015748031496 174.89763779527559 30.614173228346456 instruire
534.6141732283464 831.4015748031496 107.71653543307086 30.614173228346456 d’un
602.0787401574803 831.4015748031496 121.03937007874016 30.614173228346456 tissu
682.8661417322835 831.4015748031496 80.78740157480316 30.614173228346456 de
723.1181102362204 831.4015748031496 174.89763779527559 30.614173228346456 mensonges
857.7637795275591 831.4015748031496 161.5748031496063 30.614173228346456 affreux,
979.0866141732283 831.4015748031496 94.11023622047244 30.614173228346456 que
1032.9448818897638 831.4015748031496 80.78740157480316 30.614173228346456 la
1073.1968503937007 831.4015748031496 161.5748031496063 30.614173228346456 calomnie
1194.5196850393702 831.4015748031496 80.78740157480316 30.614173228346456 la
1234.7716535433071 831.4015748031496 107.71653543307086 30.614173228346456 plus
1288.6299212598426 831.4015748031496 107.71653543307086 30.614173228346456 atroce

372.755905511811 859.7480314960629 64.06299212598425 31.748031496062993 «
398.26771653543307 859.7480314960629 76.81889763779527 31.748031496062993 et
436.53543307086613 859.7480314960629 76.81889763779527 31.748031496062993 la
475.0866141732283 859.7480314960629 140.5984251968504 31.748031496062993 licence
577.4173228346457 859.7480314960629 76.81889763779527 31.748031496062993 la
615.6850393700787 859.7480314960629 102.33070866141732 31.748031496062993 plus
679.7480314960629 859.7480314960629 153.35433070866142 31.748031496062993 effrénée
794.8346456692914 859.7480314960629 153.35433070866142 31.748031496062993 viennent
909.9212598425197 859.7480314960629 76.81889763779527 31.748031496062993 de
948.1889763779527 859.7480314960629 140.5984251968504 31.748031496062993 publier
1050.5196850393702 859.7480314960629 89.5748031496063 31.748031496062993 ici
1101.5433070866143 859.7480314960629 102.33070866141732 31.748031496062993 sous
1165.6062992125985 859.7480314960629 76.81889763779527 31.748031496062993 le
1203.8740157480315 859.7480314960629 115.08661417322834 31.748031496062993 litre
1267.9370078740158 859.7480314960629 127.84251968503936 31.748031496062993 spécieux

371.90551181102364 887.5275590551181 65.48031496062993 31.181102362204726 «
397.98425196850394 887.5275590551181 222.8031496062992 31.181102362204726 d'Histoire
581.3858267716536 887.5275590551181 78.51968503937007 31.181102362204726 de
620.7874015748032 887.5275590551181 130.96062992125985 31.181102362204726 madame
712.3464566929134 887.5275590551181 78.51968503937007 31.181102362204726 la
751.7480314960629 887.5275590551181 157.03937007874015 31.181102362204726 marquise
869.6692913385826 887.5275590551181 78.51968503937007 31.181102362204726 de
908.7874015748032 887.5275590551181 235.84251968503938 31.181102362204726 Pompadour.
1105.2283464566929 887.5275590551181 78.51968503937007 31.181102362204726 Il
1144.6299212598426 887.5275590551181 91.55905511811024 31.181102362204726 n’y
1197.0708661417323 887.5275590551181 65.48031496062993 31.181102362204726 a
1210.1102362204724 887.5275590551181 183.4015748031496 31.181102362204726 certainement

372.4724409448819 915.3070866141733 63.77952755905512 32.31496062992126 «
397.98425196850394 915.3070866141733 89.29133858267717 32.31496062992126 que
449.00787401574803 915.3070866141733 166.11023622047244 32.31496062992126 l’intérêt
576.8503937007874 915.3070866141733 89.29133858267717 32.31496062992126 que
627.8740157480315 915.3070866141733 76.53543307086615 32.31496062992126 je
666.1417322834645 915.3070866141733 127.84251968503936 32.31496062992126 prends
755.4330708661417 915.3070866141733 63.77952755905512 32.31496062992126 à
781.2283464566929 915.3070866141733 114.80314960629921 32.31496062992126 votre
857.7637795275591 915.3070866141733 140.5984251968504 32.31496062992126 gloire,
959.8110236220473 915.3070866141733 76.53543307086615 32.31496062992126 et
998.0787401574803 915.3070866141733 217.13385826771653 32.31496062992126 l’indignation
1176.9448818897638 915.3070866141733 89.29133858267717 32.31496062992126 que
1227.9685039370079 915.3070866141733 89.29133858267717 32.31496062992126 m’a
1266.236220472441 915.3070866141733 127.84251968503936 32.31496062992126 inspirée

371.0551181102362 943.0866141732283 64.62992125984252 32.881889763779526 «
397.13385826771656 943.0866141732283 77.66929133858268 32.881889763779526 le
435.68503937007875 943.0866141732283 129.25984251968504 32.881889763779526 projet
526.1102362204724 943.0866141732283 116.22047244094489 32.881889763779526 d’une
603.7795275590552 943.0866141732283 116.22047244094489 32.881889763779526 plume
681.4488188976378 943.0866141732283 129.25984251968504 32.881889763779526 vendue
771.8740157480315 943.0866141732283 64.62992125984252 32.881889763779526 à
797.6692913385826 943.0866141732283 180.8503937007874 32.881889763779526 l’iniquité
939.6850393700787 943.0866141732283 103.46456692913385 32.881889763779526 pour
1004.3149606299213 943.0866141732283 77.66929133858268 32.881889763779526 la
1043.1496062992126 943.0866141732283 155.0551181102362 32.881889763779526 flétrir,
1159.3700787401574 943.0866141732283 90.4251968503937 32.881889763779526 qui
1211.244094488189 943.0866141732283 142.01574803149606 32.881889763779526 m’aient
1301.6692913385828 943.0866141732283 90.4251968503937 32.881889763779526 enfin

394.01574803149606 972.2834645669292 69.16535433070867 31.46456692913386 «
421.79527559055117 972.2834645669292 180.0 31.46456692913386 déterminé
560.4094488188977 972.2834645669292 69.16535433070867 31.46456692913386 à
587.9055118110236 972.2834645669292 110.83464566929133 31.46456692913386 vous
657.3543307086615 972.2834645669292 138.61417322834646 31.46456692913386 donner
754.2992125984252 972.2834645669292 110.83464566929133 31.46456692913386 avis
823.4645669291339 972.2834645669292 83.05511811023622 31.46456692913386 de
865.1338582677165 972.2834645669292 83.05511811023622 31.46456692913386 la
906.5196850393701 972.2834645669292 207.7795275590551 31.46456692913386 publication
1072.9133858267717 972.2834645669292 83.05511811023622 31.46456692913386 de
1114.5826771653544 972.2834645669292 83.05511811023622 31.46456692913386 ce
1155.9685039370079 972.2834645669292 152.50393700787401 31.46456692913386 libelle
1252.9133858267717 972.2834645669292 138.61417322834646 31.46456692913386 diffama-

371.90551181102364 1001.4803149606299 58.110236220472444 27.496062992125985 «
395.1496062992126 1001.4803149606299 116.50393700787401 27.496062992125985 toire,
476.78740157480314 1001.4803149606299 93.25984251968504 27.496062992125985 etc.
523.2755905511812 1001.4803149606299 34.86614173228347 27.496062992125985 »

280.06299212598424 1045.1338582677165 128.9763779527559 38.55118110236221 62.
353.76377952755905 1045.1338582677165 331.93700787401576 38.55118110236221 CARNOT,
630.4251968503937 1045.1338582677165 276.66141732283467 38.55118110236221 convention,
851.8110236220473 1045.1338582677165 110.55118110236221 38.55118110236221 et
907.0866141732283 1045.1338582677165 202.96062992125985 38.55118110236221 minist.
1054.4881889763778 1045.1338582677165 110.55118110236221 38.55118110236221 N.
1109.763779527559 1045.1338582677165 165.82677165354332 38.55118110236221 1753.
1220.5984251968505 1045.1338582677165 110.55118110236221 38.55118110236221 M.
1257.4488188976377 1045.1338582677165 128.9763779527559 38.55118110236221 1823.

405.07086614173227 1087.9370078740158 78.23622047244095 35.43307086614173 L
436.251968503937 1087.9370078740158 125.00787401574803 35.43307086614173 aut.
514.488188976378 1087.9370078740158 140.5984251968504 35.43307086614173 sig.,
608.3149606299213 1087.9370078740158 78.23622047244095 35.43307086614173 à
639.496062992126 1087.9370078740158 109.41732283464567 35.43307086614173 mon
702.1417322834645 1087.9370078740158 125.00787401574803 35.43307086614173 cher
780.0944881889764 1087.9370078740158 93.8267716535433 35.43307086614173 et
827.1496062992126 1087.9370078740158 156.18897637795277 35.43307086614173 ancien
936.5669291338583 1087.9370078740158 203.24409448818898 35.43307086614173 confrère.
1092.755905511811 1087.9370078740158 156.18897637795277 35.43307086614173 Paris.
1202.1732283464567 1087.9370078740158 93.8267716535433 35.43307086614173 25
1233.6377952755906 1087.9370078740158 156.18897637795277 35.43307086614173 pluviôse

369.9212598425197 1123.3700787401574 86.1732283464567 35.1496062992126 an
413.00787401574803 1123.3700787401574 114.80314960629921 35.1496062992126 VIII
485.00787401574803 1123.3700787401574 86.1732283464567 35.1496062992126 de
528.0944881889764 1123.3700787401574 86.1732283464567 35.1496062992126 la
571.1811023622047 1123.3700787401574 172.3464566929134 35.1496062992126 Républ.,
700.4409448818898 1123.3700787401574 114.80314960629921 35.1496062992126 lors
772.1574803149606 1123.3700787401574 86.1732283464567 35.1496062992126 de
815.2440944881889 1123.3700787401574 100.62992125984252 35.1496062992126 son
872.7874015748032 1123.3700787401574 143.71653543307087 35.1496062992126 retour
973.4173228346457 1123.3700787401574 86.1732283464567 35.1496062992126 de
1016.503937007874 1123.3700787401574 157.88976377952756 35.1496062992126 l’exil.
1131.3070866141732 1123.3700787401574 71.71653543307086 35.1496062992126 1
1160.2204724409448 1123.3700787401574 114.80314960629921 35.1496062992126 page
1217.4803149606298 1123.3700787401574 100.62992125984252 35.1496062992126 in

397.7007874015748 1155.9685039370079 66.89763779527559 30.89763779527559 «
424.34645669291336 1155.9685039370079 80.50393700787401 30.89763779527559 Il
464.59842519685037 1155.9685039370079 80.50393700787401 30.89763779527559 le
504.8503937007874 1155.9685039370079 160.7244094488189 30.89763779527559 remercie
625.6062992125984 1155.9685039370079 107.14960629921259 30.89763779527559 dans
692.503937007874 1155.9685039370079 93.8267716535433 30.89763779527559 les
746.0787401574803 1155.9685039370079 134.07874015748033 30.89763779527559 termes
839.9055118110236 1155.9685039370079 93.8267716535433 30.89763779527559 les
893.4803149606299 1155.9685039370079 107.14960629921259 30.89763779527559 plus
960.6614173228346 1155.9685039370079 187.6535433070866 30.89763779527559 affectueux
1108.0629921259842 1155.9685039370079 80.50393700787401 30.89763779527559 de
1148.3149606299212 1155.9685039370079 174.33070866141733 30.89763779527559 l’intérêt
1282.3937007874015 1155.9685039370079 120.75590551181102 30.89763779527559 qu’il
1349.291338582677 1155.9685039370079 40.25196850393701 30.89763779527559 a

369.3543307086614 1184.5984251968505 70.01574803149606 30.614173228346456 «
397.13385826771656 1184.5984251968505 111.96850393700787 30.614173228346456 bien
467.1496062992126 1184.5984251968505 125.85826771653544 30.614173228346456 voulu
551.0551181102362 1184.5984251968505 153.92125984251967 30.614173228346456 prendre
663.0236220472441 1184.5984251968505 70.01574803149606 30.614173228346456 à
691.0866141732283 1184.5984251968505 98.07874015748031 30.614173228346456 son
746.9291338582677 1184.5984251968505 153.92125984251967 30.614173228346456 retour.
858.8976377952756 1184.5984251968505 83.90551181102362 30.614173228346456 Il
900.8503937007874 1184.5984251968505 98.07874015748031 30.614173228346456 n’a
956.9763779527559 1184.5984251968505 140.03149606299212 30.614173228346456 jamais
1054.7716535433071 1184.5984251968505 125.85826771653544 30.614173228346456 douté
1138.6771653543308 1184.5984251968505 98.07874015748031 30.614173228346456 que
1194.8031496062993 1184.5984251968505 98.07874015748031 30.614173228346456 les
1236.755905511811 1184.5984251968505 153.92125984251967 30.614173228346456 personnes

369.6377952755906 1212.3779527559054 65.48031496062993 31.181102362204726 «
395.7165354330709 1212.3779527559054 157.03937007874015 31.181102362204726 honnêtes
513.6377952755905 1212.3779527559054 78.51968503937007 31.181102362204726 et
552.7559055118111 1212.3779527559054 91.55905511811024 31.181102362204726 les
605.1968503937007 1212.3779527559054 183.4015748031496 31.181102362204726 véritables
749.1968503937007 1212.3779527559054 104.5984251968504 31.181102362204726 amis
814.6771653543307 1212.3779527559054 78.51968503937007 31.181102362204726 de
854.0787401574803 1212.3779527559054 78.51968503937007 31.181102362204726 la
893.1968503937007 1212.3779527559054 157.03937007874015 31.181102362204726 liberté,
1011.1181102362204 1212.3779527559054 78.51968503937007 31.181102362204726 ne
1050.236220472441 1212.3779527559054 157.03937007874015 31.181102362204726 prissent
1168.1574803149606 1212.3779527559054 104.5984251968504 31.181102362204726 part
1233.6377952755906 1212.3779527559054 65.48031496062993 31.181102362204726 à
1259.716535433071 1212.3779527559054 91.55905511811024 31.181102362204726 son
1299.1181102362204 1212.3779527559054 91.55905511811024 31.181102362204726 sort,

371.62204724409446 1240.724409448819 64.34645669291339 30.89763779527559 «
397.13385826771656 1240.724409448819 77.38582677165354 30.89763779527559 et
435.9685039370079 1240.724409448819 77.38582677165354 30.89763779527559 il
474.5196850393701 1240.724409448819 64.34645669291339 30.89763779527559 a
500.31496062992125 1240.724409448819 102.89763779527559 30.89763779527559 fort
564.6614173228346 1240.724409448819 64.34645669291339 30.89763779527559 à
590.4566929133858 1240.724409448819 102.89763779527559 30.89763779527559 cœur
654.8031496062993 1240.724409448819 77.38582677165354 30.89763779527559 de
693.3543307086615 1240.724409448819 77.38582677165354 30.89763779527559 se
732.1889763779527 1240.724409448819 141.73228346456693 30.89763779527559 montrer
835.0866141732283 1240.724409448819 115.93700787401575 30.89763779527559 digne
912.4724409448819 1240.724409448819 77.38582677165354 30.89763779527559 de
951.0236220472441 1240.724409448819 102.89763779527559 30.89763779527559 leur
1015.3700787401575 1240.724409448819 154.48818897637796 30.89763779527559 intérêt.
1118.5511811023623 1240.724409448819 38.55118110236221 30.89763779527559 »

278.6456692913386 1288.3464566929133 130.11023622047244 41.95275590551181 63.
353.1968503937008 1288.3464566929133 353.1968503937008 41.95275590551181 CAROLINE
650.5511811023622 1288.3464566929133 111.4015748031496 41.95275590551181 DE
706.1102362204724 1288.3464566929133 260.2204724409449 41.95275590551181 BRUNSWICK,
910.488188976378 1288.3464566929133 167.24409448818898 41.95275590551181 reine
1022.1732283464567 1288.3464566929133 316.06299212598424 41.95275590551181 d’Angleterre,
1263.6850393700788 1288.3464566929133 130.11023622047244 41.95275590551181 femme

374.45669291338584 1332.8503937007874 190.48818897637796 41.669291338582674 de
469.7007874015748 1332.8503937007874 317.1968503937008 41.669291338582674 George
691.6535433070866 1332.8503937007874 222.23622047244095 41.669291338582674 IV.
818.6456692913385 1332.8503937007874 190.48818897637796 41.669291338582674 N.
913.8897637795276 1332.8503937007874 285.4488188976378 41.669291338582674 1768.
1104.3779527559054 1332.8503937007874 190.48818897637796 41.669291338582674 M.
1167.5905511811025 1332.8503937007874 222.23622047244095 41.669291338582674 1821.

406.7716535433071 1375.9370078740158 92.40944881889764 34.2992125984252 L.
452.9763779527559 1375.9370078740158 123.30708661417323 34.2992125984252 aut.
530.0787401574803 1375.9370078740158 138.61417322834646 34.2992125984252 sig.,
622.488188976378 1375.9370078740158 92.40944881889764 34.2992125984252 au
668.6929133858267 1375.9370078740158 154.20472440944883 34.2992125984252 prince
776.6929133858267 1375.9370078740158 169.51181102362204 34.2992125984252 Lucien.
900.0 1375.9370078740158 138.61417322834646 34.2992125984252 Rome,
992.4094488188977 1375.9370078740158 138.61417322834646 34.2992125984252 lundi
1084.8188976377953 1375.9370078740158 77.10236220472441 34.2992125984252 2
1115.716535433071 1375.9370078740158 123.30708661417323 34.2992125984252 juin
1192.8188976377953 1375.9370078740158 138.61417322834646 34.2992125984252 1817.
1285.2283464566929 1375.9370078740158 77.10236220472441 34.2992125984252 1
1300.8188976377953 1375.9370078740158 92.40944881889764 34.2992125984252 page

371.0551181102362 1409.6692913385828 94.39370078740157 26.64566929133858 et
418.3937007874016 1409.6692913385828 141.73228346456693 26.64566929133858 demie
497.1968503937008 1409.6692913385828 110.26771653543307 26.64566929133858 in

399.9685039370079 1442.8346456692914 106.86614173228347 30.330708661417322 Elle
466.86614173228344 1442.8346456692914 93.54330708661418 30.330708661417322 est
520.1574803149606 1442.8346456692914 120.18897637795276 30.330708661417322 enfin
600.3779527559055 1442.8346456692914 147.11811023622047 30.330708661417322 arrivée
707.5275590551181 1442.8346456692914 66.89763779527559 30.330708661417322 à
734.1732283464567 1442.8346456692914 106.86614173228347 30.330708661417322 Rome
801.0708661417323 1442.8346456692914 120.18897637795276 30.330708661417322 après
881.2913385826772 1442.8346456692914 106.86614173228347 30.330708661417322 bien
948.1889763779527 1442.8346456692914 93.54330708661418 30.330708661417322 des
1001.4803149606299 1442.8346456692914 200.40944881889763 30.330708661417322 difficultés
1161.9212598425197 1442.8346456692914 80.22047244094489 30.330708661417322 de
1202.1732283464567 1442.8346456692914 120.18897637795276 30.330708661417322 toute
1269.0708661417323 1442.8346456692914 120.18897637795276 30.330708661417322 nature,

368.78740157480314 1470.3307086614172 73.98425196850394 32.31496062992126 et
405.6377952755906 1470.3307086614172 98.64566929133858 32.31496062992126 elle
467.1496062992126 1470.3307086614172 123.30708661417323 32.31496062992126 espère
553.6062992125984 1470.3307086614172 135.49606299212599 32.31496062992126 qu’elle
652.2519685039371 1470.3307086614172 98.64566929133858 32.31496062992126 aura
713.7637795275591 1470.3307086614172 73.98425196850394 32.31496062992126 le
750.8976377952756 1470.3307086614172 135.49606299212599 32.31496062992126 plaisir
849.5433070866142 1470.3307086614172 73.98425196850394 32.31496062992126 de
886.3937007874016 1470.3307086614172 73.98425196850394 32.31496062992126 le
923.2440944881889 1470.3307086614172 98.64566929133858 32.31496062992126 voir
985.0393700787401 1470.3307086614172 73.98425196850394 32.31496062992126 le
1021.8897637795276 1470.3307086614172 172.62992125984252 32.31496062992126 lendemain,
1157.6692913385828 1470.3307086614172 110.83464566929133 32.31496062992126 ainsi
1231.6535433070867 1470.3307086614172 86.1732283464567 32.31496062992126 que
1280.976377952756 1470.3307086614172 73.98425196850394 32.31496062992126 la
1305.6377952755906 1470.3307086614172 86.1732283464567 32.31496062992126 prin-

366.8031496062992 1498.6771653543308 131.81102362204723 32.31496062992126 cesse
454.6771653543307 1498.6771653543308 102.61417322834646 32.31496062992126 son
513.3543307086615 1498.6771653543308 161.00787401574803 32.31496062992126 épouse,
630.4251968503937 1498.6771653543308 117.07086614173228 32.31496062992126 pour
703.5590551181102 1498.6771653543308 146.5511811023622 32.31496062992126 divers
806.1732283464567 1498.6771653543308 234.14173228346456 32.31496062992126 arrangements
996.3779527559055 1498.6771653543308 175.748031496063 32.31496062992126 relatifs
1128.1889763779527 1498.6771653543308 73.13385826771653 32.31496062992126 à
1157.6692913385828 1498.6771653543308 87.8740157480315 32.31496062992126 la
1201.6062992125985 1498.6771653543308 146.5511811023622 32.31496062992126 maison
1289.1968503937007 1498.6771653543308 102.61417322834646 32.31496062992126 Fras-

371.90551181102364 1528.1574803149606 102.04724409448819 22.96062992125984 cati,
428.59842519685037 1528.1574803149606 68.03149606299213 22.96062992125984 etc.

278.92913385826773 1571.244094488189 123.02362204724409 43.08661417322835 64.
349.2283464566929 1571.244094488189 334.20472440944883 43.08661417322835 CARTEAUX
630.7086614173228 1571.244094488189 351.7795275590551 43.08661417322835 (Jean-François),
929.4803149606299 1571.244094488189 193.3228346456693 43.08661417322835 général
1070.0787401574803 1571.244094488189 105.44881889763779 43.08661417322835 de
1123.0866141732283 1571.244094488189 105.44881889763779 43.08661417322835 la
1158.236220472441 1571.244094488189 228.4724409448819 43.08661417322835 République.

402.8031496062992 1615.1811023622047 79.37007874015748 33.732283464566926 L
434.5511811023622 1615.1811023622047 127.2755905511811 33.732283464566926 aut.
513.9212598425197 1615.1811023622047 143.1496062992126 33.732283464566926 sig.,
609.4488188976378 1615.1811023622047 79.37007874015748 33.732283464566926 à
641.1968503937007 1615.1811023622047 95.24409448818898 33.732283464566926 M.
688.8188976377953 1615.1811023622047 174.89763779527559 33.732283464566926 Pétion,
816.0944881889764 1615.1811023622047 143.1496062992126 33.732283464566926 maire
911.6220472440945 1615.1811023622047 95.24409448818898 33.732283464566926 de
959.2440944881889 1615.1811023622047 159.0236220472441 33.732283464566926 Paris,
1070.3622047244094 1615.1811023622047 95.24409448818898 33.732283464566926 ce
1118.267716535433 1615.1811023622047 79.37007874015748 33.732283464566926 8
1150.015748031496 1615.1811023622047 190.77165354330708 33.732283464566926 novembre
1277.007874015748 1615.1811023622047 111.4015748031496 33.732283464566926 1792,

368.503937007874 1648.9133858267717 116.78740157480316 35.1496062992126 l’an
441.3543307086614 1648.9133858267717 87.59055118110236 35.1496062992126 IV
485.00787401574803 1648.9133858267717 87.59055118110236 35.1496062992126 de
528.6614173228346 1648.9133858267717 87.59055118110236 35.1496062992126 la
572.5984251968504 1648.9133858267717 174.89763779527559 35.1496062992126 liberté.
703.8425196850394 1648.9133858267717 72.85039370078741 35.1496062992126 1
733.0393700787401 1648.9133858267717 145.70078740157481 35.1496062992126 grande
835.0866141732283 1648.9133858267717 116.78740157480316 35.1496062992126 page
907.9370078740158 1648.9133858267717 189.63779527559055 35.1496062992126 in-folio,
1053.9212598425197 1648.9133858267717 160.44094488188978 35.1496062992126 cachet;
1170.4251968503936 1648.9133858267717 116.78740157480316 35.1496062992126 avec
1228.8188976377953 1648.9133858267717 160.44094488188978 35.1496062992126 apostille

369.6377952755906 1684.0629921259842 85.88976377952756 35.1496062992126 de
412.7244094488189 1684.0629921259842 114.51968503937007 35.1496062992126 cinq
484.4409448818898 1684.0629921259842 143.1496062992126 35.1496062992126 lignes
584.503937007874 1684.0629921259842 114.51968503937007 35.1496062992126 aut.
656.2204724409448 1684.0629921259842 114.51968503937007 35.1496062992126 sig.
727.6535433070866 1684.0629921259842 85.88976377952756 35.1496062992126 de
770.7401574803149 1684.0629921259842 157.60629921259843 35.1496062992126 Pétion,
885.2598425196851 1684.0629921259842 85.88976377952756 35.1496062992126 et
928.3464566929134 1684.0629921259842 100.34645669291339 35.1496062992126 une
985.6062992125984 1684.0629921259842 85.88976377952756 35.1496062992126 de
1028.4094488188975 1684.0629921259842 143.1496062992126 35.1496062992126 quatre
1128.755905511811 1684.0629921259842 157.60629921259843 35.1496062992126 lignes,
1243.275590551181 1684.0629921259842 114.51968503937007 35.1496062992126 aut.
1300.5354330708662 1684.0629921259842 85.88976377952756 35.1496062992126 sig.

371.0551181102362 1718.6456692913387 84.4724409448819 26.362204724409448 de
399.40157480314963 1718.6456692913387 140.5984251968504 26.362204724409448 Brissot.

278.3622047244094 1767.9685039370079 135.7795275590551 41.95275590551181 65.
355.748031496063 1767.9685039370079 387.7795275590551 41.95275590551181 CASTELNAU
685.4173228346457 1767.9685039370079 135.7795275590551 41.95275590551181 (Le
763.0866141732283 1767.9685039370079 232.7244094488189 41.95275590551181 maréchal
937.7007874015748 1767.9685039370079 155.0551181102362 41.95275590551181 de).
1034.6456692913387 1767.9685039370079 116.22047244094489 41.95275590551181 N.
1092.755905511811 1767.9685039370079 174.61417322834646 41.95275590551181 1619.
1208.976377952756 1767.9685039370079 116.22047244094489 41.95275590551181 M.
1247.8110236220473 1767.9685039370079 135.7795275590551 41.95275590551181 1658.

402.8031496062992 1811.9055118110236 96.66141732283465 33.732283464566926 L.
451.2755905511811 1811.9055118110236 128.9763779527559 33.732283464566926 aut.
531.7795275590552 1811.9055118110236 145.13385826771653 33.732283464566926 sig.,
628.4409448818898 1811.9055118110236 96.66141732283465 33.732283464566926 au
676.9133858267717 1811.9055118110236 193.3228346456693 33.732283464566926 maréchal
822.0472440944882 1811.9055118110236 177.4488188976378 33.732283464566926 Fabert,
951.0236220472441 1811.9055118110236 225.63779527559055 33.732283464566926 gouverneur
1128.1889763779527 1811.9055118110236 96.66141732283465 33.732283464566926 de
1176.6614173228347 1811.9055118110236 161.29133858267716 33.732283464566926 Sédan.
1289.4803149606298 1811.9055118110236 96.66141732283465 33.732283464566926 De
1321.7952755905512 1811.9055118110236 64.34645669291339 33.732283464566926 la

367.0866141732283 1846.2047244094488 180.8503937007874 34.58267716535433 Cassine,
502.5826771653543 1846.2047244094488 90.4251968503937 34.58267716535433 15
547.9370078740158 1846.2047244094488 195.8740157480315 34.58267716535433 septembre
698.4566929133858 1846.2047244094488 135.49606299212599 34.58267716535433 1552.
788.8818897637796 1846.2047244094488 165.82677165354332 34.58267716535433 Détails
909.3543307086615 1846.2047244094488 225.92125984251967 34.58267716535433 militaires.
1090.2047244094488 1846.2047244094488 75.4015748031496 34.58267716535433 7
1120.251968503937 1846.2047244094488 135.49606299212599 34.58267716535433 pages
1195.6535433070867 1846.2047244094488 105.44881889763779 34.58267716535433 in

276.9448818897638 1892.1259842519685 141.4488188976378 51.59055118110236 66.
357.73228346456693 1892.1259842519685 323.1496062992126 51.59055118110236 CATHERINE
620.2204724409448 1892.1259842519685 121.32283464566929 51.59055118110236 DE
680.8818897637796 1892.1259842519685 303.0236220472441 51.59055118110236 MÉDICIS
923.2440944881889 1892.1259842519685 181.70078740157481 51.59055118110236 reine
1044.5669291338584 1892.1259842519685 121.32283464566929 51.59055118110236 de
1104.9448818897638 1892.1259842519685 222.23622047244095 51.59055118110236 France,
1246.3937007874015 1892.1259842519685 141.4488188976378 51.59055118110236 femme

397.7007874015748 1944.5669291338584 190.77165354330708 34.2992125984252 de
492.9448818897638 1944.5669291338584 286.01574803149606 34.2992125984252 Henri
683.7165354330708 1944.5669291338584 222.51968503937007 34.2992125984252 II.
810.7086614173228 1944.5669291338584 190.77165354330708 34.2992125984252 N.
905.9527559055118 1944.5669291338584 286.01574803149606 34.2992125984252 1519.
1096.724409448819 1944.5669291338584 190.77165354330708 34.2992125984252 M.
1160.2204724409448 1944.5669291338584 222.51968503937007 34.2992125984252 1589.

403.93700787401576 1987.6535433070867 73.41732283464567 34.2992125984252 L
433.4173228346457 1987.6535433070867 117.63779527559055 34.2992125984252 aut.
506.8346456692913 1987.6535433070867 132.09448818897638 34.2992125984252 sig.,
594.992125984252 1987.6535433070867 73.41732283464567 34.2992125984252 à
624.1889763779527 1987.6535433070867 88.15748031496064 34.2992125984252 M.
668.4094488188977 1987.6535433070867 88.15748031496064 34.2992125984252 de
712.3464566929134 1987.6535433070867 191.0551181102362 34.2992125984252 Villeroy,
859.4645669291339 1987.6535433070867 117.63779527559055 34.2992125984252 sans
932.8818897637796 1987.6535433070867 132.09448818897638 34.2992125984252 date.
1021.0393700787401 1987.6535433070867 102.89763779527559 34.2992125984252 Une
1079.716535433071 1987.6535433070867 146.83464566929135 34.2992125984252 grande
1182.6141732283465 1987.6535433070867 117.63779527559055 34.2992125984252 page
1241.291338582677 1987.6535433070867 146.83464566929135 34.2992125984252 in

367.37007874015745 2022.236220472441 130.6771653543307 34.01574803149607 d'une
454.3937007874016 2022.236220472441 174.33070866141733 34.01574803149607 parfaite
585.0708661417323 2022.236220472441 246.89763779527559 34.01574803149607 conservation.
788.3149606299213 2022.236220472441 87.02362204724409 34.01574803149607 On
831.9685039370079 2022.236220472441 72.56692913385827 34.01574803149607 y
860.8818897637796 2022.236220472441 72.56692913385827 34.01574803149607 a
889.7952755905512 2022.236220472441 130.6771653543307 34.01574803149607 joint
977.1023622047244 2022.236220472441 87.02362204724409 34.01574803149607 la
1020.4724409448819 2022.236220472441 130.6771653543307 34.01574803149607 copie
1093.0393700787401 2022.236220472441 174.33070866141733 34.01574803149607 littérale.

396.56692913385825 2055.685039370079 149.38582677165354 30.89763779527559 Détails
505.13385826771656 2055.685039370079 190.20472440944883 30.89763779527559 importants
654.5196850393701 2055.685039370079 81.35433070866142 30.89763779527559 et
695.3385826771654 2055.685039370079 108.56692913385827 30.89763779527559 fort
763.3700787401575 2055.685039370079 149.38582677165354 30.89763779527559 curieux
871.9370078740158 2055.685039370079 94.96062992125984 30.89763779527559 sur
926.0787401574803 2055.685039370079 94.96062992125984 30.89763779527559 les
980.503937007874 2055.685039370079 190.20472440944883 30.89763779527559 événements
1129.8897637795276 2055.685039370079 81.35433070866142 30.89763779527559 du
1157.1023622047244 2055.685039370079 108.56692913385827 30.89763779527559 temps.
