5866 8962
2333 714 963 122 —5—

1024 911 455 166 27.
1284 911 1171 166 <b>BÉRULLE</b>
2260 911 780 166 (Pierre,
2845 911 780 166 cardinal
3430 911 520 166 de).
3755 911 390 166 N.
3951 911 585 166 1575.
4341 911 390 166 M.
4471 911 390 166 1629

1464 1091 304 114 L.
1616 1091 405 114 aut.
1869 1091 405 114 sig.
2122 1091 253 114 à
2223 1091 304 114 M.
2375 1091 607 114 l’évêque
2831 1091 304 114 de
2982 1091 506 114 Luçon.
3336 1091 506 114 Paris,
3691 1091 304 114 12
3842 1091 455 114 avril
4146 1091 455 114 1622.
4399 1091 506 114 Relative

1328 1191 346 136 aux
1525 1191 594 136 affaires
1971 1191 297 136 de
2119 1191 544 136 l’État,
2515 1191 594 136 curieuse
2960 1191 346 136 par
3158 1191 346 136 les
3356 1191 594 136 détails.
3801 1191 247 136 1
3900 1191 396 136 page
4098 1191 445 136 in

1020 1375 427 158 28.
1264 1375 1221 158 <b>BERZÉLIUS</b>
2302 1375 854 158 (Jacques),
2973 1375 671 158 physic.
3461 1375 366 158 et
3644 1375 732 158 chimiste
4133 1375 610 158 suédois.

1452 1537 318 116 L.
1611 1537 424 116 aut.
1876 1537 424 116 sig.
2141 1537 265 116 à
2247 1537 318 116 M.
2407 1537 583 116 Durotay
2831 1537 318 116 de
2990 1537 795 116 Blainville.
3626 1537 742 116 Stockholm,
4210 1537 318 116 31
4369 1537 371 116 mai
4528 1537 371 116 1833.

1343 1659 259 114 1
1447 1659 467 114 belle
1758 1659 415 114 page
1966 1659 363 114 in

1440 1773 282 100 Il
1581 1773 329 100 lui
1769 1773 658 100 recommande
2286 1773 376 100 avec
2521 1773 517 100 intérêt
2897 1773 282 100 M.
3038 1773 470 100 Friès,
3368 1773 611 100 intendant
3838 1773 282 100 du
3979 1773 517 100 cabinet
4355 1773 282 100 de
4449 1773 470 100 zoologie

1332 1873 294 102 de
1479 1873 687 102 l’Académie
2019 1873 294 102 de
2166 1873 687 102 Stockholm,
2706 1873 343 102 que
2902 1873 687 102 l’Académie
3441 1873 245 102 a
3539 1873 491 102 envoyé
3883 1873 392 102 dans
4128 1873 687 102 l’étranger
4619 1873 294 102 pour

1332 1971 536 104 prendre
1722 1971 780 104 connaissance
2356 1971 341 104 des
2551 1971 487 104 musées
2892 1971 780 104 zoologiques,
3477 1971 292 104 etc.

1023 2105 432 174 29.
1270 2105 1111 174 <b>BÉTHUNE</b>
2196 2105 803 174 (Philippe
2814 2105 494 174 de),
3122 2105 556 174 frère
3493 2105 556 174 puîné
3863 2105 370 174 de
4049 2105 617 174 Sully,
4419 2105 494 174 ambas

1470 2289 685 126 sadeur
1950 2289 343 126 à
2087 2289 617 126 Rome,
2498 2289 548 126 sous
2841 2289 617 126 Louis
3252 2289 617 126 XIII.
3663 2289 411 126 N.
3869 2289 617 126 1561.
4280 2289 411 126 M.
4417 2289 480 126 1649.

1452 2415 330 138 L.
1617 2415 441 138 aut.
1892 2415 441 138 sig.
2168 2415 275 138 à
2278 2415 385 138 Son
2498 2415 716 138 Éminence.
3049 2415 716 138 Deselles,
3599 2415 330 138 21
3765 2415 606 138 juillet
4205 2415 496 138 1648.
4536 2415 275 138 1
4591 2415 330 138 page

1339 2561 531 104 in-fol.
1725 2561 241 104 ;
1821 2561 386 104 avec
2015 2561 434 104 cachet.

1424 2653 304 124 La
1576 2653 456 124 grâce
1880 2653 354 124 que
2082 2653 354 124 Son
2285 2653 607 124 Éminence
2740 2653 405 124 veut
2994 2653 405 124 bien
3247 2653 607 124 accorder
3702 2653 253 124 à
3803 2653 354 124 son
4006 2653 456 124 fils,
4310 2653 304 124 le
4461 2653 456 124 comte
4715 2653 202 124 de

1337 2771 580 114 Béthune,
1772 2771 290 114 de
1917 2771 338 114 lui
2110 2771 484 114 donner
2449 2771 338 114 une
2642 2771 484 114 charge
2981 2771 387 114 dans
3223 2771 290 114 la
3368 2771 484 114 maison
3706 2771 290 114 du
3851 2771 338 114 duc
4045 2771 580 114 d’Anjou,
4480 2771 338 114 est
4625 2771 290 114 pour

1336 2867 317 108 lui
1517 2867 317 108 une
1698 2867 453 108 grande
2016 2867 680 108 consolation
2560 2867 363 108 dans
2786 2867 317 108 ses
2968 2867 408 108 vieux
3240 2867 453 108 jours,
3557 2867 272 108 et
3693 2867 499 108 servira
4056 2867 227 108 à
4146 2867 317 108 lui
4328 2867 408 108 faire
4554 2867 363 108 passer

1333 2965 273 108 le
1470 2965 410 108 reste
1743 2965 273 108 de
1880 2965 319 108 son
2062 2965 592 108 existence
2518 2965 364 108 avec
2745 2965 364 108 plus
2973 2965 273 108 de
3110 2965 501 108 douceur
3474 2965 273 108 et
3611 2965 273 108 de
3748 2965 774 108 tranquillité,
4340 2965 273 108 etc.

1028 3121 430 158 30.
1273 3121 1107 158 <b>BITAUBÉ</b>
2196 3121 1168 158 (Paul-Jérémie),
3179 3121 799 158 littérat.
3794 3121 369 158 N.
3979 3121 553 158 1732.
4348 3121 369 158 M.
4471 3121 430 158 1808.

1457 3289 314 118 L.
1614 3289 418 118 aut.
1875 3289 418 118 sig.
2137 3289 314 118 au
2294 3289 575 118 citoyen
2712 3289 889 118 Président....
3444 3289 523 118 Paris,
3811 3289 314 118 17
3967 3289 785 118 vendémiaire
4595 3289 314 118 an
4700 3289 209 118 VI

1332 3415 329 114 de
1497 3415 329 114 la
1661 3415 822 114 République.
2319 3415 274 114 1
2428 3415 438 114 page
2647 3415 384 114 in

1443 3527 289 104 Il
1587 3527 337 104 lui
1780 3527 530 104 adresse
2165 3527 337 104 ses
2358 3527 770 104 remerciments
2983 3527 385 104 pour
3224 3527 337 104 les
3417 3527 481 104 divers
3754 3527 578 104 ouvrages
4187 3527 385 104 dont
4428 3527 289 104 il
4572 3527 241 104 a
4620 3527 289 104 bien

1336 3625 440 110 voulu
1629 3625 293 110 le
1776 3625 684 110 gratifier,
2313 3625 293 110 et
2460 3625 293 110 le
2607 3625 391 110 prie
2851 3625 635 110 d’agréer,
3339 3625 342 110 non
3535 3625 440 110 comme
3828 3625 537 110 retour,
4219 3625 391 110 mais
4463 3625 440 110 comme
4708 3625 195 110 un

1345 3723 356 106 léger
1583 3723 554 106 témoignage
2018 3723 237 106 de
2137 3723 237 106 sa
2256 3723 752 106 reconnaissance,
2889 3723 277 106 ses
3047 3723 712 106 <i>Bataves</i>
3641 3723 237 106 et
3759 3723 277 106 son
3918 3723 712 106 <i>Joseph</i>,
4472 3723 237 106 etc.

1005 3867 571 154 31.
1332 3867 2366 154 <b>BOILEAU-DESPRÉAUX</b>.
3453 3867 489 154 N.
3697 3867 734 154 1636.
4187 3867 489 154 M.
4350 3867 571 154 1711.

1458 4051 308 116 L.
1612 4051 411 116 aut.
1869 4051 411 116 sig.
2126 4051 257 116 à
2229 4051 411 116 Jean
2434 4051 463 116 Racine.

1430 4163 407 112 Cette
1701 4163 498 112 lettre,
2063 4163 271 112 de
2199 4163 362 112 cinq
2425 4163 452 112 pages,
2742 4163 271 112 en
2877 4163 407 112 prose
3149 4163 271 112 et
3284 4163 271 112 en
3420 4163 407 112 vers,
3692 4163 317 112 est
3873 4163 362 112 sans
4099 4163 588 112 contredit
4551 4163 317 112 une
4687 4163 226 112 des

1329 4259 382 118 plus
1568 4259 716 118 importantes
2141 4259 334 118 qui
2332 4259 430 118 aient
2618 4259 334 118 été
2809 4259 525 118 écrites
3191 4259 334 118 par
3382 4259 286 118 le
3525 4259 430 118 grand
3811 4259 668 118 satirique.
4336 4259 382 118 Elle
4527 4259 382 118 traite

1334 4355 408 112 d'une
1606 4355 544 112 entrevue
2013 4355 408 112 qu’il
2285 4355 408 112 vient
2557 4355 498 112 d’avoir
2919 4355 362 112 avec
3146 4355 272 112 le
3282 4355 544 112 révérend
3690 4355 362 112 père
3916 4355 498 112 jésuite
4279 4355 272 112 de
4415 4355 272 112 La
4505 4355 408 112 Chaise,

1332 4457 466 108 auquel
1658 4457 279 108 il
1798 4457 233 108 a
1891 4457 279 108 lu
2031 4457 279 108 sa
2170 4457 512 108 célèbre
2543 4457 466 108 épître
2869 4457 326 108 sur
3055 4457 512 108 l’Amour
3427 4457 279 108 de
3567 4457 419 108 Dieu.
3846 4457 419 108 Cette
4126 4457 512 108 épître,
4498 4457 326 108 qui
4638 4457 279 108 cou-

1336 4555 376 116 rait
1571 4555 282 116 en
1712 4555 657 116 manuscrit,
2228 4555 423 116 avait
2510 4555 517 116 soulevé
2886 4555 282 116 la
3027 4555 517 116 société
3402 4555 329 116 des
3590 4555 610 116 jésuites,
4060 4555 329 116 qui
4248 4555 282 116 la
4341 4555 564 116 proclamait

1335 4655 503 106 écrite
1687 4655 503 106 contre
2039 4655 453 106 elle.
2342 4655 302 106 On
2493 4655 302 106 se
2644 4655 654 106 disputait
3147 4655 403 106 avec
3399 4655 805 106 acharnement,
4053 4655 252 106 à
4154 4655 302 106 ce
4305 4655 554 106 propos,
4657 4655 252 106 sur

1342 4751 496 100 l’Amour
1702 4751 541 100 affectif
2108 4751 270 100 et
2243 4751 496 100 l’Amour
2603 4751 586 100 effectif,
3054 4751 315 100 sur
3234 4751 676 100 l’Attrition
3775 4751 270 100 et
3910 4751 270 100 la
4045 4751 676 100 Contrition;
4586 4751 270 100 le
4676 4751 225 100 feu

1334 4851 424 100 était
1616 4851 471 100 allumé
1946 4851 424 100 entre
2228 4851 282 100 la
2369 4851 518 100 société
2746 4851 282 100 et
2887 4851 612 100 Messieurs
3358 4851 282 100 de
3499 4851 706 100 Port-Royal.
4064 4851 518 100 Boileau
4440 4851 235 100 a
4534 4851 282 100 lu
4629 4851 282 100 avec

1333 4949 504 110 adresse
1700 4949 275 110 au
1837 4949 504 110 jésuite
2203 4949 550 110 l'épître
2615 4949 595 110 coupable;
3073 4949 275 110 il
3211 4949 412 110 s’est
3485 4949 550 110 concilié
3898 4949 275 110 le
4035 4949 366 110 père
4264 4949 275 110 de
4401 4949 275 110 La
4493 4949 412 110 Chaise:

1344 5057 521 98 I'épître
1734 5057 304 98 est
1864 5057 391 98 sauvée.

1026 5203 425 164 32.
1269 5203 1759 164 <b>BOILEAU-DESPRÉAUX</b>,
2786 5203 849 164 <i>idem</i>.

1469 5373 483 124 Pièce
1791 5373 322 124 de
1952 5373 483 124 vers,
2275 5373 483 124 (aut.
2597 5373 483 124 sig.)
2919 5373 268 124 à
3026 5373 537 124 mettre
3402 5373 322 124 au
3563 5373 376 124 bas
3778 5373 322 124 du
3939 5373 644 124 portrait
4422 5373 322 124 de
4529 5373 376 124 made-

1340 5493 657 122 moiselle
1833 5493 329 122 de
1997 5493 767 122 Lamoignon,
2600 5493 438 122 huit
2874 5493 493 122 vers,
3148 5493 383 122 in

1692 5625 340 100 Aux
1887 5625 583 100 sublimes
2324 5625 486 100 vertus
2665 5625 535 100 nourrie
3054 5625 292 100 en
3200 5625 292 100 sa
3297 5625 486 100 famille,

1889 5727 400 84 Cette
2155 5727 578 84 admirable
2600 5727 267 84 et
2733 5727 445 84 sainte
3000 5727 311 84 fille

1676 5827 279 104 En
1816 5827 373 104 tous
2049 5827 419 104 lieux
2328 5827 512 104 signala
2701 5827 326 104 son
2887 5827 466 104 humble
3167 5827 512 104 piété....

1013 6003 532 142 33.
1317 6003 1521 142 <b>BONAPARTE</b>
2610 6003 1141 142 (Napoléon).
3522 6003 456 142 N.
3750 6003 684 142 1769.
4207 6003 456 142 M.
4359 6003 532 142 1821.

1463 6155 313 116 1°
1619 6155 313 116 Sa
1775 6155 417 116 sig.
2036 6155 781 116 BUONAPARTE,
2661 6155 469 116 comme
2974 6155 573 116 général
3390 6155 313 116 en
3547 6155 417 116 chef
3807 6155 313 116 de
3963 6155 573 116 l’armée
4328 6155 573 116 d’Italie,

1343 6275 348 112 sur
1542 6275 348 112 une
1741 6275 497 112 lettre
2089 6275 447 112 datée
2387 6275 696 112 d’Oneille,
2934 6275 298 112 le
3083 6275 298 112 25
3232 6275 597 112 pluviôse
3680 6275 298 112 an
3829 6275 348 112 III
3978 6275 149 112 ;

1459 6397 333 118 2°
1626 6397 333 118 Sa
1793 6397 444 118 sig.
2070 6397 777 118 BONAPARTE,
2681 6397 500 118 comme
3014 6397 611 118 Premier
3458 6397 611 118 Consul,
3902 6397 389 118 sur
4124 6397 389 118 une
4346 6397 555 118 lettre
4679 6397 222 118 au

1344 6519 609 114 ministre
1801 6519 305 114 de
1954 6519 305 114 la
2106 6519 508 114 guerre
2461 6519 457 114 datée
2766 6519 305 114 de
2918 6519 508 114 Paris,
3274 6519 305 114 le
3426 6519 355 114 1er
3629 6519 609 114 pluviôse
4086 6519 305 114 an
4188 6519 355 114 VIII;

1467 6639 312 120 3°
1623 6639 312 120 Sa
1779 6639 416 120 sig.
2040 6639 416 120 NAP.
2300 6639 364 120 sur
2508 6639 364 120 une
2716 6639 521 120 lettre
3081 6639 312 120 au
3237 6639 573 120 général
3654 6639 521 120 Pajol,
4018 6639 469 120 datée
4330 6639 312 120 de
4434 6639 469 120 Troyes,

1347 6757 287 110 le
1491 6757 239 110 3
1586 6757 525 110 février
1968 6757 430 110 1814.
2255 6757 478 110 Lettre
2589 6757 860 110 très-curieuse.
3305 6757 573 110 <i>Ordre
3735 6757 287 110 de
3831 6757 716 110 bataille</i>;

1456 6881 339 114 4°
1626 6881 735 114 Apostille
2192 6881 339 114 de
2362 6881 453 114 deux
2644 6881 566 114 lignes
3040 6881 566 114 autog.
3436 6881 339 114 et
3606 6881 453 114 sig.
3889 6881 396 114 sur
4115 6881 339 114 un
4285 6881 622 114 rapport
4681 6881 226 114 du

1331 7001 669 108 ministre
1833 7001 725 108 Berthier,
2391 7001 446 108 daté
2670 7001 335 108 de
2837 7001 725 108 Smolensk,
3395 7001 335 108 11
3562 7001 669 108 novembre
4009 7001 390 108 1812;

1468 7121 318 116 5°
1627 7121 689 116 Apostille
2157 7121 318 116 de
2316 7121 424 116 deux
2580 7121 530 116 lignes
2951 7121 424 116 aut.
3216 7121 371 116 sur
3428 7121 318 116 un
3587 7121 583 116 rapport
4011 7121 530 116 autog.
4381 7121 318 116 du
4540 7121 371 116 duc
4699 7121 212 116 de

1350 7241 579 110 Feltre,
1772 7241 474 110 datée
2088 7241 316 110 de
2246 7241 474 110 Saint
2562 7241 527 110 Cloud,
2931 7241 316 110 le
3089 7241 316 110 10
3247 7241 474 110 avril
3510 7241 369 110 1813.
