<?xml-stylesheet type="text/xsl" href="remove_tags.xsl"?>
<alto xmlns:xsi="http://www.w3.org/2001/XMLSchema-instance" xmlns="http://www.loc.gov/standards/alto/ns-v2#" xmlns:page="http://schema.primaresearch.org/PAGE/gts/pagecontent/2013-07-15" xsi:schemaLocation="http://www.loc.gov/standards/alto/ns-v2# http://www.loc.gov/standards/alto/alto.xsd">
  <Description>
    <MeasurementUnit>pixel</MeasurementUnit>
    <sourceImageInformation>
         <fileName>1845_05_14_CHA-0023.xml</fileName>
      </sourceImageInformation>
    <OCRProcessing ID="IdOcr">
      <ocrProcessingStep>
        <processingDateTime>2020-05-13T10:41:48.72+02:00</processingDateTime>
        <processingSoftware>
               <softwareCreator>CONTRIBUTORS</softwareCreator>
               <softwareName>pdfalto</softwareName>
               <softwareVersion>0.1</softwareVersion>
            </processingSoftware>
      </ocrProcessingStep>
    </OCRProcessing>
  </Description>
  <Styles>
     <TextStyle ID="FONT0" FONTFAMILY="unknown" FONTSIZE="unknown" FONTTYPE="unknown" FONTWIDTH="unknown" FONTCOLOR="unknown" FONTSTYLE=""/>
     <TextStyle ID="FONT1" FONTFAMILY="unknown" FONTSIZE="unknown" FONTTYPE="unknown" FONTWIDTH="unknown" FONTCOLOR="unknown" FONTSTYLE="bold"/>
     <TextStyle ID="FONT2" FONTFAMILY="unknown" FONTSIZE="unknown" FONTTYPE="unknown" FONTWIDTH="unknown" FONTCOLOR="unknown" FONTSTYLE="italics"/>
</Styles>
  <Tags/>
  <Layout>
    <Page ID="Page1" PHYSICAL_IMG_NR="1" HEIGHT="2587.748031496063" WIDTH="1662.8031496062993">
      <PrintSpace HEIGHT="2235.968503937008" WIDTH="1401.732283464567" VPOS="244.91338582677164" HPOS="261.07086614173227">
        <TextBlock ID="region_1579258109910_637" HEIGHT="36.56692913385827" WIDTH="188.2204724409449" VPOS="187.93700787401573" HPOS="733.6062992125984">
          <TextLine ID="line_1579258110287_640" BASELINE="787" HEIGHT="35.71653543307087" WIDTH="188.78740157480314" VPOS="187.37007874015748" HPOS="732.7559055118111">
            <String HEIGHT="35.71653543307087" WIDTH="283.18110236220474" VPOS="187.37007874015748" HPOS="638.3622047244095" CONTENT="—12—" ID="line_1579258110287_640_1" STYLEREFS="FONT0"/>
          </TextLine>
        </TextBlock>
        <TextBlock ID="r_1_1" HEIGHT="43.93700787401575" WIDTH="1100.4094488188975" VPOS="251.1496062992126" HPOS="270.70866141732284">
          <TextLine ID="tl_1" BASELINE="1040" HEIGHT="43.37007874015748" WIDTH="1099.8425196850394" VPOS="251.43307086614172" HPOS="270.99212598425197">
            <String HEIGHT="43.37007874015748" WIDTH="130.39370078740157" VPOS="251.43307086614172" HPOS="252.28346456692913" CONTENT="74." ID="tl_1_1" STYLEREFS="FONT0"/>
            <SP HEIGHT="43.37007874015748" WIDTH="18.708661417322833" VPOS="251.43307086614172" HPOS="382.96062992125985"/>
            <String HEIGHT="43.37007874015748" WIDTH="261.07086614173227" VPOS="251.43307086614172" HPOS="326.8346456692913" CONTENT="CHARLES" ID="tl_1_2" STYLEREFS="FONT1"/>
            <SP HEIGHT="43.37007874015748" WIDTH="18.708661417322833" VPOS="251.43307086614172" HPOS="587.9055118110236"/>
            <String HEIGHT="43.37007874015748" WIDTH="223.6535433070866" VPOS="251.43307086614172" HPOS="532.0629921259842" CONTENT="Ier," ID="tl_1_3" STYLEREFS="FONT1"/>
            <SP HEIGHT="43.37007874015748" WIDTH="18.708661417322833" VPOS="251.43307086614172" HPOS="755.7165354330708"/>
            <String HEIGHT="43.37007874015748" WIDTH="130.39370078740157" VPOS="251.43307086614172" HPOS="699.8740157480315" CONTENT="roi" ID="tl_1_4" STYLEREFS="FONT0"/>
            <SP HEIGHT="43.37007874015748" WIDTH="18.708661417322833" VPOS="251.43307086614172" HPOS="830.2677165354331"/>
            <String HEIGHT="43.37007874015748" WIDTH="316.9133858267717" VPOS="251.43307086614172" HPOS="774.4251968503937" CONTENT="d’Angleterre." ID="tl_1_5" STYLEREFS="FONT0"/>
            <SP HEIGHT="43.37007874015748" WIDTH="18.708661417322833" VPOS="251.43307086614172" HPOS="1091.3385826771653"/>
            <String HEIGHT="43.37007874015748" WIDTH="111.96850393700787" VPOS="251.43307086614172" HPOS="1035.2125984251968" CONTENT="N." ID="tl_1_6" STYLEREFS="FONT0"/>
            <SP HEIGHT="43.37007874015748" WIDTH="18.708661417322833" VPOS="251.43307086614172" HPOS="1147.1811023622047"/>
            <String HEIGHT="43.37007874015748" WIDTH="167.81102362204723" VPOS="251.43307086614172" HPOS="1091.3385826771653" CONTENT="1600." ID="tl_1_7" STYLEREFS="FONT0"/>
            <SP HEIGHT="43.37007874015748" WIDTH="18.708661417322833" VPOS="251.43307086614172" HPOS="1258.8661417322835"/>
            <String HEIGHT="43.37007874015748" WIDTH="111.96850393700787" VPOS="251.43307086614172" HPOS="1203.023622047244" CONTENT="M." ID="tl_1_8" STYLEREFS="FONT0"/>
            <SP HEIGHT="43.37007874015748" WIDTH="18.708661417322833" VPOS="251.43307086614172" HPOS="1314.992125984252"/>
            <String HEIGHT="43.37007874015748" WIDTH="130.39370078740157" VPOS="251.43307086614172" HPOS="1240.4409448818897" CONTENT="1649." ID="tl_1_9" STYLEREFS="FONT0"/>
          </TextLine>
        </TextBlock>
        <TextBlock ID="r_1_2" HEIGHT="67.74803149606299" WIDTH="1017.6377952755905" VPOS="294.8031496062992" HPOS="356.31496062992125">
          <TextLine ID="tl_2" BASELINE="1168" HEIGHT="36.0" WIDTH="977.9527559055118" VPOS="295.0866141732283" HPOS="395.7165354330709">
            <String HEIGHT="36.0" WIDTH="87.59055118110236" VPOS="295.0866141732283" HPOS="381.25984251968504" CONTENT="L." ID="tl_2_1" STYLEREFS="FONT0"/>
            <SP HEIGHT="36.0" WIDTH="14.456692913385826" VPOS="295.0866141732283" HPOS="468.56692913385825"/>
            <String HEIGHT="36.0" WIDTH="116.78740157480316" VPOS="295.0866141732283" HPOS="424.9133858267717" CONTENT="sig." ID="tl_2_2" STYLEREFS="FONT0"/>
            <SP HEIGHT="36.0" WIDTH="14.456692913385826" VPOS="295.0866141732283" HPOS="541.7007874015748"/>
            <String HEIGHT="36.0" WIDTH="116.78740157480316" VPOS="295.0866141732283" HPOS="497.76377952755905" CONTENT="avec" ID="tl_2_3" STYLEREFS="FONT0"/>
            <SP HEIGHT="36.0" WIDTH="14.456692913385826" VPOS="295.0866141732283" HPOS="614.5511811023622"/>
            <String HEIGHT="36.0" WIDTH="87.59055118110236" VPOS="295.0866141732283" HPOS="570.8976377952756" CONTENT="le" ID="tl_2_4" STYLEREFS="FONT0"/>
            <SP HEIGHT="36.0" WIDTH="14.456692913385826" VPOS="295.0866141732283" HPOS="658.488188976378"/>
            <String HEIGHT="36.0" WIDTH="204.3779527559055" VPOS="295.0866141732283" HPOS="614.5511811023622" CONTENT="compliment" ID="tl_2_5" STYLEREFS="FONT0"/>
            <SP HEIGHT="36.0" WIDTH="14.456692913385826" VPOS="295.0866141732283" HPOS="818.9291338582677"/>
            <String HEIGHT="36.0" WIDTH="116.78740157480316" VPOS="295.0866141732283" HPOS="775.2755905511812" CONTENT="aut." ID="tl_2_6" STYLEREFS="FONT0"/>
            <SP HEIGHT="36.0" WIDTH="14.456692913385826" VPOS="295.0866141732283" HPOS="892.0629921259842"/>
            <String HEIGHT="36.0" WIDTH="72.85039370078741" VPOS="295.0866141732283" HPOS="848.1259842519685" CONTENT="«" ID="tl_2_7" STYLEREFS="FONT0"/>
            <SP HEIGHT="36.0" WIDTH="14.456692913385826" VPOS="295.0866141732283" HPOS="921.2598425196851"/>
            <String HEIGHT="36.0" WIDTH="145.98425196850394" VPOS="295.0866141732283" HPOS="877.3228346456693" CONTENT="vostre" ID="tl_2_8" STYLEREFS="FONT0"/>
            <SP HEIGHT="36.0" WIDTH="14.456692913385826" VPOS="295.0866141732283" HPOS="1023.3070866141733"/>
            <String HEIGHT="36.0" WIDTH="291.9685039370079" VPOS="295.0866141732283" HPOS="979.6535433070866" CONTENT="tres-affectionné" ID="tl_2_9" STYLEREFS="FONT0"/>
            <SP HEIGHT="36.0" WIDTH="14.456692913385826" VPOS="295.0866141732283" HPOS="1271.6220472440946"/>
            <String HEIGHT="36.0" WIDTH="160.44094488188978" VPOS="295.0866141732283" HPOS="1227.6850393700788" CONTENT="cousin," ID="tl_2_10" STYLEREFS="FONT0"/>
            <SP HEIGHT="36.0" WIDTH="14.456692913385826" VPOS="295.0866141732283" HPOS="1388.1259842519685"/>
            <String HEIGHT="36.0" WIDTH="43.653543307086615" VPOS="295.0866141732283" HPOS="1330.015748031496" CONTENT="»" ID="tl_2_11" STYLEREFS="FONT0"/>
          </TextLine>
          <TextLine ID="tl_3" BASELINE="1278" HEIGHT="32.031496062992126" WIDTH="857.1968503937007" VPOS="330.23622047244095" HPOS="356.59842519685037">
            <String HEIGHT="32.031496062992126" WIDTH="95.24409448818898" VPOS="330.23622047244095" HPOS="340.7244094488189" CONTENT="au" ID="tl_3_1" STYLEREFS="FONT0"/>
            <SP HEIGHT="32.031496062992126" WIDTH="15.874015748031496" VPOS="330.23622047244095" HPOS="435.9685039370079"/>
            <String HEIGHT="32.031496062992126" WIDTH="190.48818897637796" VPOS="330.23622047244095" HPOS="388.34645669291336" CONTENT="cardinal" ID="tl_3_2" STYLEREFS="FONT0"/>
            <SP HEIGHT="32.031496062992126" WIDTH="15.874015748031496" VPOS="330.23622047244095" HPOS="578.8346456692914"/>
            <String HEIGHT="32.031496062992126" WIDTH="95.24409448818898" VPOS="330.23622047244095" HPOS="531.2125984251968" CONTENT="de" ID="tl_3_3" STYLEREFS="FONT0"/>
            <SP HEIGHT="32.031496062992126" WIDTH="15.874015748031496" VPOS="330.23622047244095" HPOS="626.4566929133858"/>
            <String HEIGHT="32.031496062992126" WIDTH="222.23622047244095" VPOS="330.23622047244095" HPOS="578.8346456692914" CONTENT="Richelieu." ID="tl_3_4" STYLEREFS="FONT0"/>
            <SP HEIGHT="32.031496062992126" WIDTH="15.874015748031496" VPOS="330.23622047244095" HPOS="801.0708661417323"/>
            <String HEIGHT="32.031496062992126" WIDTH="95.24409448818898" VPOS="330.23622047244095" HPOS="753.4488188976378" CONTENT="De" ID="tl_3_5" STYLEREFS="FONT0"/>
            <SP HEIGHT="32.031496062992126" WIDTH="15.874015748031496" VPOS="330.23622047244095" HPOS="848.6929133858267"/>
            <String HEIGHT="32.031496062992126" WIDTH="253.98425196850394" VPOS="330.23622047244095" HPOS="801.0708661417323" CONTENT="Saint-James," ID="tl_3_6" STYLEREFS="FONT0"/>
            <SP HEIGHT="32.031496062992126" WIDTH="15.874015748031496" VPOS="330.23622047244095" HPOS="1055.0551181102362"/>
            <String HEIGHT="32.031496062992126" WIDTH="95.24409448818898" VPOS="330.23622047244095" HPOS="1007.4330708661417" CONTENT="29" ID="tl_3_7" STYLEREFS="FONT0"/>
            <SP HEIGHT="32.031496062992126" WIDTH="15.874015748031496" VPOS="330.23622047244095" HPOS="1102.6771653543308"/>
            <String HEIGHT="32.031496062992126" WIDTH="111.11811023622047" VPOS="330.23622047244095" HPOS="1055.0551181102362" CONTENT="mai" ID="tl_3_8" STYLEREFS="FONT0"/>
            <SP HEIGHT="32.031496062992126" WIDTH="15.874015748031496" VPOS="330.23622047244095" HPOS="1166.1732283464567"/>
            <String HEIGHT="32.031496062992126" WIDTH="111.11811023622047" VPOS="330.23622047244095" HPOS="1102.6771653543308" CONTENT="1630." ID="tl_3_9" STYLEREFS="FONT0"/>
          </TextLine>
        </TextBlock>
        <TextBlock ID="r_1_3" HEIGHT="61.511811023622045" WIDTH="1018.7716535433071" VPOS="362.8346456692913" HPOS="357.4488188976378">
          <TextLine ID="tl_4" BASELINE="1396" HEIGHT="32.59842519685039" WIDTH="988.1574803149606" VPOS="363.11811023622045" HPOS="387.7795275590551">
            <String HEIGHT="32.59842519685039" WIDTH="80.22047244094489" VPOS="363.11811023622045" HPOS="374.45669291338584" CONTENT="Il" ID="tl_4_1" STYLEREFS="FONT0"/>
            <SP HEIGHT="32.59842519685039" WIDTH="13.32283464566929" VPOS="363.11811023622045" HPOS="454.6771653543307"/>
            <String HEIGHT="32.59842519685039" WIDTH="146.83464566929135" VPOS="363.11811023622045" HPOS="414.4251968503937" CONTENT="dépêche" ID="tl_4_2" STYLEREFS="FONT0"/>
            <SP HEIGHT="32.59842519685039" WIDTH="13.32283464566929" VPOS="363.11811023622045" HPOS="561.2598425196851"/>
            <String HEIGHT="32.59842519685039" WIDTH="80.22047244094489" VPOS="363.11811023622045" HPOS="521.2913385826772" CONTENT="le" ID="tl_4_3" STYLEREFS="FONT0"/>
            <SP HEIGHT="32.59842519685039" WIDTH="13.32283464566929" VPOS="363.11811023622045" HPOS="601.511811023622"/>
            <String HEIGHT="32.59842519685039" WIDTH="120.18897637795276" VPOS="363.11811023622045" HPOS="561.2598425196851" CONTENT="sieur" ID="tl_4_4" STYLEREFS="FONT0"/>
            <SP HEIGHT="32.59842519685039" WIDTH="13.32283464566929" VPOS="363.11811023622045" HPOS="681.4488188976378"/>
            <String HEIGHT="32.59842519685039" WIDTH="80.22047244094489" VPOS="363.11811023622045" HPOS="641.4803149606299" CONTENT="de" ID="tl_4_5" STYLEREFS="FONT0"/>
            <SP HEIGHT="32.59842519685039" WIDTH="13.32283464566929" VPOS="363.11811023622045" HPOS="721.7007874015748"/>
            <String HEIGHT="32.59842519685039" WIDTH="146.83464566929135" VPOS="363.11811023622045" HPOS="681.4488188976378" CONTENT="Montagu" ID="tl_4_6" STYLEREFS="FONT0"/>
            <SP HEIGHT="32.59842519685039" WIDTH="13.32283464566929" VPOS="363.11811023622045" HPOS="828.5669291338583"/>
            <String HEIGHT="32.59842519685039" WIDTH="106.86614173228347" VPOS="363.11811023622045" HPOS="788.3149606299213" CONTENT="vers" ID="tl_4_7" STYLEREFS="FONT0"/>
            <SP HEIGHT="32.59842519685039" WIDTH="13.32283464566929" VPOS="363.11811023622045" HPOS="895.1811023622047"/>
            <String HEIGHT="32.59842519685039" WIDTH="80.22047244094489" VPOS="363.11811023622045" HPOS="855.2125984251968" CONTENT="le" ID="tl_4_8" STYLEREFS="FONT0"/>
            <SP HEIGHT="32.59842519685039" WIDTH="13.32283464566929" VPOS="363.11811023622045" HPOS="935.1496062992126"/>
            <String HEIGHT="32.59842519685039" WIDTH="106.86614173228347" VPOS="363.11811023622045" HPOS="895.1811023622047" CONTENT="roi," ID="tl_4_9" STYLEREFS="FONT0"/>
            <SP HEIGHT="32.59842519685039" WIDTH="13.32283464566929" VPOS="363.11811023622045" HPOS="1002.0472440944882"/>
            <String HEIGHT="32.59842519685039" WIDTH="93.54330708661418" VPOS="363.11811023622045" HPOS="962.0787401574803" CONTENT="son" ID="tl_4_10" STYLEREFS="FONT0"/>
            <SP HEIGHT="32.59842519685039" WIDTH="13.32283464566929" VPOS="363.11811023622045" HPOS="1055.3385826771653"/>
            <String HEIGHT="32.59842519685039" WIDTH="93.54330708661418" VPOS="363.11811023622045" HPOS="1015.3700787401575" CONTENT="bon" ID="tl_4_11" STYLEREFS="FONT0"/>
            <SP HEIGHT="32.59842519685039" WIDTH="13.32283464566929" VPOS="363.11811023622045" HPOS="1108.9133858267717"/>
            <String HEIGHT="32.59842519685039" WIDTH="133.51181102362204" VPOS="363.11811023622045" HPOS="1068.9448818897638" CONTENT="frère," ID="tl_4_12" STYLEREFS="FONT0"/>
            <SP HEIGHT="32.59842519685039" WIDTH="13.32283464566929" VPOS="363.11811023622045" HPOS="1202.4566929133857"/>
            <String HEIGHT="32.59842519685039" WIDTH="106.86614173228347" VPOS="363.11811023622045" HPOS="1162.2047244094488" CONTENT="pour" ID="tl_4_13" STYLEREFS="FONT0"/>
            <SP HEIGHT="32.59842519685039" WIDTH="13.32283464566929" VPOS="363.11811023622045" HPOS="1269.0708661417323"/>
            <String HEIGHT="32.59842519685039" WIDTH="93.54330708661418" VPOS="363.11811023622045" HPOS="1229.1023622047244" CONTENT="lui" ID="tl_4_14" STYLEREFS="FONT0"/>
            <SP HEIGHT="32.59842519685039" WIDTH="13.32283464566929" VPOS="363.11811023622045" HPOS="1322.6456692913387"/>
            <String HEIGHT="32.59842519685039" WIDTH="106.86614173228347" VPOS="363.11811023622045" HPOS="1269.0708661417323" CONTENT="donner" ID="tl_4_15" STYLEREFS="FONT0"/>
          </TextLine>
          <TextLine ID="tl_5" BASELINE="1496" HEIGHT="32.59842519685039" WIDTH="915.0236220472441" VPOS="391.46456692913387" HPOS="357.73228346456693">
            <String HEIGHT="32.59842519685039" WIDTH="104.5984251968504" VPOS="391.46456692913387" HPOS="344.6929133858268" CONTENT="avis" ID="tl_5_1" STYLEREFS="FONT0"/>
            <SP HEIGHT="32.59842519685039" WIDTH="13.039370078740157" VPOS="391.46456692913387" HPOS="449.29133858267716"/>
            <String HEIGHT="32.59842519685039" WIDTH="78.51968503937007" VPOS="391.46456692913387" HPOS="409.8897637795276" CONTENT="de" ID="tl_5_2" STYLEREFS="FONT0"/>
            <SP HEIGHT="32.59842519685039" WIDTH="13.039370078740157" VPOS="391.46456692913387" HPOS="488.40944881889766"/>
            <String HEIGHT="32.59842519685039" WIDTH="78.51968503937007" VPOS="391.46456692913387" HPOS="449.29133858267716" CONTENT="la" ID="tl_5_3" STYLEREFS="FONT0"/>
            <SP HEIGHT="32.59842519685039" WIDTH="13.039370078740157" VPOS="391.46456692913387" HPOS="527.5275590551181"/>
            <String HEIGHT="32.59842519685039" WIDTH="169.79527559055117" VPOS="391.46456692913387" HPOS="488.40944881889766" CONTENT="naissance" ID="tl_5_4" STYLEREFS="FONT0"/>
            <SP HEIGHT="32.59842519685039" WIDTH="13.039370078740157" VPOS="391.46456692913387" HPOS="658.488188976378"/>
            <String HEIGHT="32.59842519685039" WIDTH="104.5984251968504" VPOS="391.46456692913387" HPOS="619.0866141732283" CONTENT="d’un" ID="tl_5_5" STYLEREFS="FONT0"/>
            <SP HEIGHT="32.59842519685039" WIDTH="13.039370078740157" VPOS="391.46456692913387" HPOS="723.6850393700787"/>
            <String HEIGHT="32.59842519685039" WIDTH="104.5984251968504" VPOS="391.46456692913387" HPOS="684.5669291338583" CONTENT="beau" ID="tl_5_6" STYLEREFS="FONT0"/>
            <SP HEIGHT="32.59842519685039" WIDTH="13.039370078740157" VPOS="391.46456692913387" HPOS="789.1653543307086"/>
            <String HEIGHT="32.59842519685039" WIDTH="104.5984251968504" VPOS="391.46456692913387" HPOS="749.7637795275591" CONTENT="fils" ID="tl_5_7" STYLEREFS="FONT0"/>
            <SP HEIGHT="32.59842519685039" WIDTH="13.039370078740157" VPOS="391.46456692913387" HPOS="854.3622047244095"/>
            <String HEIGHT="32.59842519685039" WIDTH="91.55905511811024" VPOS="391.46456692913387" HPOS="815.2440944881889" CONTENT="que" ID="tl_5_8" STYLEREFS="FONT0"/>
            <SP HEIGHT="32.59842519685039" WIDTH="13.039370078740157" VPOS="391.46456692913387" HPOS="906.8031496062993"/>
            <String HEIGHT="32.59842519685039" WIDTH="104.5984251968504" VPOS="391.46456692913387" HPOS="867.4015748031496" CONTENT="Dieu" ID="tl_5_9" STYLEREFS="FONT0"/>
            <SP HEIGHT="32.59842519685039" WIDTH="13.039370078740157" VPOS="391.46456692913387" HPOS="972.0"/>
            <String HEIGHT="32.59842519685039" WIDTH="117.63779527559055" VPOS="391.46456692913387" HPOS="932.8818897637796" CONTENT="vient" ID="tl_5_10" STYLEREFS="FONT0"/>
            <SP HEIGHT="32.59842519685039" WIDTH="13.039370078740157" VPOS="391.46456692913387" HPOS="1050.5196850393702"/>
            <String HEIGHT="32.59842519685039" WIDTH="78.51968503937007" VPOS="391.46456692913387" HPOS="1011.4015748031496" CONTENT="de" ID="tl_5_11" STYLEREFS="FONT0"/>
            <SP HEIGHT="32.59842519685039" WIDTH="13.039370078740157" VPOS="391.46456692913387" HPOS="1089.6377952755906"/>
            <String HEIGHT="32.59842519685039" WIDTH="91.55905511811024" VPOS="391.46456692913387" HPOS="1050.5196850393702" CONTENT="lui" ID="tl_5_12" STYLEREFS="FONT0"/>
            <SP HEIGHT="32.59842519685039" WIDTH="13.039370078740157" VPOS="391.46456692913387" HPOS="1142.0787401574803"/>
            <String HEIGHT="32.59842519685039" WIDTH="143.71653543307087" VPOS="391.46456692913387" HPOS="1102.9606299212599" CONTENT="donner," ID="tl_5_13" STYLEREFS="FONT0"/>
            <SP HEIGHT="32.59842519685039" WIDTH="13.039370078740157" VPOS="391.46456692913387" HPOS="1246.6771653543308"/>
            <String HEIGHT="32.59842519685039" WIDTH="78.51968503937007" VPOS="391.46456692913387" HPOS="1194.236220472441" CONTENT="etc." ID="tl_5_14" STYLEREFS="FONT0"/>
          </TextLine>
        </TextBlock>
        <TextBlock ID="r_1_4" HEIGHT="41.669291338582674" WIDTH="1101.5433070866143" VPOS="438.23622047244095" HPOS="271.84251968503935">
          <TextLine ID="tl_6" BASELINE="1692" HEIGHT="41.10236220472441" WIDTH="1100.976377952756" VPOS="438.5196850393701" HPOS="272.12598425196853">
            <String HEIGHT="41.10236220472441" WIDTH="142.58267716535434" VPOS="438.5196850393701" HPOS="251.71653543307087" CONTENT="75." ID="tl_6_1" STYLEREFS="FONT0"/>
            <SP HEIGHT="41.10236220472441" WIDTH="20.409448818897637" VPOS="438.5196850393701" HPOS="394.5826771653543"/>
            <String HEIGHT="41.10236220472441" WIDTH="285.4488188976378" VPOS="438.5196850393701" HPOS="333.3543307086614" CONTENT="CHARLES" ID="tl_6_2" STYLEREFS="FONT1"/>
            <SP HEIGHT="41.10236220472441" WIDTH="20.409448818897637" VPOS="438.5196850393701" HPOS="618.8031496062993"/>
            <String HEIGHT="41.10236220472441" WIDTH="203.81102362204723" VPOS="438.5196850393701" HPOS="557.5748031496063" CONTENT="X," ID="tl_6_3" STYLEREFS="FONT1"/>
            <SP HEIGHT="41.10236220472441" WIDTH="20.409448818897637" VPOS="438.5196850393701" HPOS="761.3858267716536"/>
            <String HEIGHT="41.10236220472441" WIDTH="142.58267716535434" VPOS="438.5196850393701" HPOS="700.1574803149606" CONTENT="roi" ID="tl_6_4" STYLEREFS="FONT0"/>
            <SP HEIGHT="41.10236220472441" WIDTH="20.409448818897637" VPOS="438.5196850393701" HPOS="843.0236220472441"/>
            <String HEIGHT="41.10236220472441" WIDTH="122.45669291338582" VPOS="438.5196850393701" HPOS="781.7952755905512" CONTENT="de" ID="tl_6_5" STYLEREFS="FONT0"/>
            <SP HEIGHT="41.10236220472441" WIDTH="20.409448818897637" VPOS="438.5196850393701" HPOS="904.2519685039371"/>
            <String HEIGHT="41.10236220472441" WIDTH="224.2204724409449" VPOS="438.5196850393701" HPOS="843.0236220472441" CONTENT="France." ID="tl_6_6" STYLEREFS="FONT0"/>
            <SP HEIGHT="41.10236220472441" WIDTH="20.409448818897637" VPOS="438.5196850393701" HPOS="1067.244094488189"/>
            <String HEIGHT="41.10236220472441" WIDTH="122.45669291338582" VPOS="438.5196850393701" HPOS="1006.0157480314961" CONTENT="N." ID="tl_6_7" STYLEREFS="FONT0"/>
            <SP HEIGHT="41.10236220472441" WIDTH="20.409448818897637" VPOS="438.5196850393701" HPOS="1128.4724409448818"/>
            <String HEIGHT="41.10236220472441" WIDTH="183.4015748031496" VPOS="438.5196850393701" HPOS="1067.244094488189" CONTENT="1757." ID="tl_6_8" STYLEREFS="FONT0"/>
            <SP HEIGHT="41.10236220472441" WIDTH="20.409448818897637" VPOS="438.5196850393701" HPOS="1250.6456692913387"/>
            <String HEIGHT="41.10236220472441" WIDTH="122.45669291338582" VPOS="438.5196850393701" HPOS="1189.7007874015749" CONTENT="M." ID="tl_6_9" STYLEREFS="FONT0"/>
            <SP HEIGHT="41.10236220472441" WIDTH="20.409448818897637" VPOS="438.5196850393701" HPOS="1311.8740157480315"/>
            <String HEIGHT="41.10236220472441" WIDTH="142.58267716535434" VPOS="438.5196850393701" HPOS="1230.5196850393702" CONTENT="1836." ID="tl_6_10" STYLEREFS="FONT0"/>
          </TextLine>
        </TextBlock>
        <TextBlock ID="r_1_5" HEIGHT="44.22047244094488" WIDTH="978.2362204724409" VPOS="473.6692913385827" HPOS="394.5826771653543">
          <TextLine ID="tl_7" BASELINE="1826" HEIGHT="44.503937007874015" WIDTH="978.2362204724409" VPOS="473.1023622047244" HPOS="394.2992125984252">
            <String HEIGHT="44.503937007874015" WIDTH="94.67716535433071" VPOS="473.1023622047244" HPOS="378.4251968503937" CONTENT="L." ID="tl_7_1" STYLEREFS="FONT0"/>
            <SP HEIGHT="44.503937007874015" WIDTH="15.874015748031496" VPOS="473.1023622047244" HPOS="473.1023622047244"/>
            <String HEIGHT="44.503937007874015" WIDTH="142.01574803149606" VPOS="473.1023622047244" HPOS="425.76377952755905" CONTENT="aut.," ID="tl_7_2" STYLEREFS="FONT0"/>
            <SP HEIGHT="44.503937007874015" WIDTH="15.874015748031496" VPOS="473.1023622047244" HPOS="567.7795275590552"/>
            <String HEIGHT="44.503937007874015" WIDTH="78.80314960629921" VPOS="473.1023622047244" HPOS="520.4409448818898" CONTENT="à" ID="tl_7_3" STYLEREFS="FONT0"/>
            <SP HEIGHT="44.503937007874015" WIDTH="15.874015748031496" VPOS="473.1023622047244" HPOS="599.5275590551181"/>
            <String HEIGHT="44.503937007874015" WIDTH="94.67716535433071" VPOS="473.1023622047244" HPOS="552.1889763779527" CONTENT="M." ID="tl_7_4" STYLEREFS="FONT0"/>
            <SP HEIGHT="44.503937007874015" WIDTH="15.874015748031496" VPOS="473.1023622047244" HPOS="646.8661417322835"/>
            <String HEIGHT="44.503937007874015" WIDTH="94.67716535433071" VPOS="473.1023622047244" HPOS="599.5275590551181" CONTENT="de" ID="tl_7_5" STYLEREFS="FONT0"/>
            <SP HEIGHT="44.503937007874015" WIDTH="15.874015748031496" VPOS="473.1023622047244" HPOS="694.2047244094488"/>
            <String HEIGHT="44.503937007874015" WIDTH="173.48031496062993" VPOS="473.1023622047244" HPOS="646.8661417322835" CONTENT="Sérent." ID="tl_7_6" STYLEREFS="FONT0"/>
            <SP HEIGHT="44.503937007874015" WIDTH="15.874015748031496" VPOS="473.1023622047244" HPOS="820.3464566929134"/>
            <String HEIGHT="44.503937007874015" WIDTH="220.8188976377953" VPOS="473.1023622047244" HPOS="773.007874015748" CONTENT="Édimbourg," ID="tl_7_7" STYLEREFS="FONT0"/>
            <SP HEIGHT="44.503937007874015" WIDTH="15.874015748031496" VPOS="473.1023622047244" HPOS="993.8267716535433"/>
            <String HEIGHT="44.503937007874015" WIDTH="78.80314960629921" VPOS="473.1023622047244" HPOS="946.488188976378" CONTENT="6" ID="tl_7_8" STYLEREFS="FONT0"/>
            <SP HEIGHT="44.503937007874015" WIDTH="15.874015748031496" VPOS="473.1023622047244" HPOS="1025.291338582677"/>
            <String HEIGHT="44.503937007874015" WIDTH="126.14173228346456" VPOS="473.1023622047244" HPOS="977.9527559055118" CONTENT="mars" ID="tl_7_9" STYLEREFS="FONT0"/>
            <SP HEIGHT="44.503937007874015" WIDTH="15.874015748031496" VPOS="473.1023622047244" HPOS="1104.3779527559054"/>
            <String HEIGHT="44.503937007874015" WIDTH="142.01574803149606" VPOS="473.1023622047244" HPOS="1057.0393700787401" CONTENT="1802." ID="tl_7_10" STYLEREFS="FONT0"/>
            <SP HEIGHT="44.503937007874015" WIDTH="15.874015748031496" VPOS="473.1023622047244" HPOS="1199.0551181102362"/>
            <String HEIGHT="44.503937007874015" WIDTH="78.80314960629921" VPOS="473.1023622047244" HPOS="1151.716535433071" CONTENT="2" ID="tl_7_11" STYLEREFS="FONT0"/>
            <SP HEIGHT="44.503937007874015" WIDTH="15.874015748031496" VPOS="473.1023622047244" HPOS="1230.5196850393702"/>
            <String HEIGHT="44.503937007874015" WIDTH="142.01574803149606" VPOS="473.1023622047244" HPOS="1183.1811023622047" CONTENT="pages" ID="tl_7_12" STYLEREFS="FONT0"/>
            <SP HEIGHT="44.503937007874015" WIDTH="15.874015748031496" VPOS="473.1023622047244" HPOS="1325.1968503937007"/>
            <String HEIGHT="44.503937007874015" WIDTH="110.55118110236221" VPOS="473.1023622047244" HPOS="1261.984251968504" CONTENT="in" ID="tl_7_13" STYLEREFS="FONT0"/>
          </TextLine>
        </TextBlock>
        <TextBlock ID="r_1_6" HEIGHT="173.1968503937008" WIDTH="1019.9055118110236" VPOS="515.3385826771654" HPOS="357.73228346456693">
          <TextLine ID="tl_8" BASELINE="1944" HEIGHT="35.43307086614173" WIDTH="990.7086614173228" VPOS="515.6220472440945" HPOS="386.6456692913386">
            <String HEIGHT="35.43307086614173" WIDTH="128.69291338582678" VPOS="515.6220472440945" HPOS="373.8897637795276" CONTENT="Lettre" ID="tl_8_1" STYLEREFS="FONT0"/>
            <SP HEIGHT="35.43307086614173" WIDTH="12.755905511811024" VPOS="515.6220472440945" HPOS="502.5826771653543"/>
            <String HEIGHT="35.43307086614173" WIDTH="115.93700787401575" VPOS="515.6220472440945" HPOS="463.748031496063" CONTENT="toute" ID="tl_8_2" STYLEREFS="FONT0"/>
            <SP HEIGHT="35.43307086614173" WIDTH="12.755905511811024" VPOS="515.6220472440945" HPOS="579.6850393700787"/>
            <String HEIGHT="35.43307086614173" WIDTH="205.79527559055117" VPOS="515.6220472440945" HPOS="541.1338582677165" CONTENT="mystérieuse;" ID="tl_8_3" STYLEREFS="FONT0"/>
            <SP HEIGHT="35.43307086614173" WIDTH="12.755905511811024" VPOS="515.6220472440945" HPOS="746.9291338582677"/>
            <String HEIGHT="35.43307086614173" WIDTH="77.10236220472441" VPOS="515.6220472440945" HPOS="708.3779527559055" CONTENT="on" ID="tl_8_4" STYLEREFS="FONT0"/>
            <SP HEIGHT="35.43307086614173" WIDTH="12.755905511811024" VPOS="515.6220472440945" HPOS="785.4803149606299"/>
            <String HEIGHT="35.43307086614173" WIDTH="64.34645669291339" VPOS="515.6220472440945" HPOS="746.9291338582677" CONTENT="y" ID="tl_8_5" STYLEREFS="FONT0"/>
            <SP HEIGHT="35.43307086614173" WIDTH="12.755905511811024" VPOS="515.6220472440945" HPOS="811.2755905511812"/>
            <String HEIGHT="35.43307086614173" WIDTH="90.14173228346456" VPOS="515.6220472440945" HPOS="772.7244094488188" CONTENT="lit" ID="tl_8_6" STYLEREFS="FONT0"/>
            <SP HEIGHT="35.43307086614173" WIDTH="12.755905511811024" VPOS="515.6220472440945" HPOS="862.5826771653543"/>
            <String HEIGHT="35.43307086614173" WIDTH="64.34645669291339" VPOS="515.6220472440945" HPOS="824.0314960629921" CONTENT=":" ID="tl_8_7" STYLEREFS="FONT0"/>
            <SP HEIGHT="35.43307086614173" WIDTH="12.755905511811024" VPOS="515.6220472440945" HPOS="888.3779527559055"/>
            <String HEIGHT="35.43307086614173" WIDTH="64.34645669291339" VPOS="515.6220472440945" HPOS="849.8267716535433" CONTENT="«" ID="tl_8_8" STYLEREFS="FONT0"/>
            <SP HEIGHT="35.43307086614173" WIDTH="12.755905511811024" VPOS="515.6220472440945" HPOS="914.1732283464567"/>
            <String HEIGHT="35.43307086614173" WIDTH="77.10236220472441" VPOS="515.6220472440945" HPOS="875.6220472440945" CONTENT="Il" ID="tl_8_9" STYLEREFS="FONT0"/>
            <SP HEIGHT="35.43307086614173" WIDTH="12.755905511811024" VPOS="515.6220472440945" HPOS="952.7244094488188"/>
            <String HEIGHT="35.43307086614173" WIDTH="90.14173228346456" VPOS="515.6220472440945" HPOS="914.1732283464567" CONTENT="est" ID="tl_8_10" STYLEREFS="FONT0"/>
            <SP HEIGHT="35.43307086614173" WIDTH="12.755905511811024" VPOS="515.6220472440945" HPOS="1004.3149606299213"/>
            <String HEIGHT="35.43307086614173" WIDTH="167.24409448818898" VPOS="515.6220472440945" HPOS="965.7637795275591" CONTENT="très-vrai" ID="tl_8_11" STYLEREFS="FONT0"/>
            <SP HEIGHT="35.43307086614173" WIDTH="12.755905511811024" VPOS="515.6220472440945" HPOS="1133.007874015748"/>
            <String HEIGHT="35.43307086614173" WIDTH="90.14173228346456" VPOS="515.6220472440945" HPOS="1094.1732283464567" CONTENT="que" ID="tl_8_12" STYLEREFS="FONT0"/>
            <SP HEIGHT="35.43307086614173" WIDTH="12.755905511811024" VPOS="515.6220472440945" HPOS="1184.3149606299212"/>
            <String HEIGHT="35.43307086614173" WIDTH="77.10236220472441" VPOS="515.6220472440945" HPOS="1145.763779527559" CONTENT="D." ID="tl_8_13" STYLEREFS="FONT0"/>
            <SP HEIGHT="35.43307086614173" WIDTH="12.755905511811024" VPOS="515.6220472440945" HPOS="1222.8661417322835"/>
            <String HEIGHT="35.43307086614173" WIDTH="77.10236220472441" VPOS="515.6220472440945" HPOS="1184.3149606299212" CONTENT="24" ID="tl_8_14" STYLEREFS="FONT0"/>
            <SP HEIGHT="35.43307086614173" WIDTH="12.755905511811024" VPOS="515.6220472440945" HPOS="1261.4173228346456"/>
            <String HEIGHT="35.43307086614173" WIDTH="64.34645669291339" VPOS="515.6220472440945" HPOS="1222.8661417322835" CONTENT="a" ID="tl_8_15" STYLEREFS="FONT0"/>
            <SP HEIGHT="35.43307086614173" WIDTH="12.755905511811024" VPOS="515.6220472440945" HPOS="1287.2125984251968"/>
            <String HEIGHT="35.43307086614173" WIDTH="77.10236220472441" VPOS="515.6220472440945" HPOS="1248.6614173228347" CONTENT="le" ID="tl_8_16" STYLEREFS="FONT0"/>
            <SP HEIGHT="35.43307086614173" WIDTH="12.755905511811024" VPOS="515.6220472440945" HPOS="1325.763779527559"/>
            <String HEIGHT="35.43307086614173" WIDTH="102.89763779527559" VPOS="515.6220472440945" HPOS="1274.4566929133857" CONTENT="projet" ID="tl_8_17" STYLEREFS="FONT0"/>
          </TextLine>
          <TextLine ID="tl_9" BASELINE="2014" HEIGHT="30.330708661417322" WIDTH="1017.6377952755905" VPOS="540.5669291338583" HPOS="358.01574803149606">
            <String HEIGHT="30.330708661417322" WIDTH="70.58267716535433" VPOS="540.5669291338583" HPOS="343.84251968503935" CONTENT="«" ID="tl_9_1" STYLEREFS="FONT0"/>
            <SP HEIGHT="30.330708661417322" WIDTH="14.173228346456693" VPOS="540.5669291338583" HPOS="414.4251968503937"/>
            <String HEIGHT="30.330708661417322" WIDTH="84.75590551181102" VPOS="540.5669291338583" HPOS="372.18897637795277" CONTENT="de" ID="tl_9_2" STYLEREFS="FONT0"/>
            <SP HEIGHT="30.330708661417322" WIDTH="14.173228346456693" VPOS="540.5669291338583" HPOS="456.9448818897638"/>
            <String HEIGHT="30.330708661417322" WIDTH="127.2755905511811" VPOS="540.5669291338583" HPOS="414.4251968503937" CONTENT="venir" ID="tl_9_3" STYLEREFS="FONT0"/>
            <SP HEIGHT="30.330708661417322" WIDTH="14.173228346456693" VPOS="540.5669291338583" HPOS="541.7007874015748"/>
            <String HEIGHT="30.330708661417322" WIDTH="113.10236220472441" VPOS="540.5669291338583" HPOS="499.46456692913387" CONTENT="ici," ID="tl_9_4" STYLEREFS="FONT0"/>
            <SP HEIGHT="30.330708661417322" WIDTH="14.173228346456693" VPOS="540.5669291338583" HPOS="612.2834645669292"/>
            <String HEIGHT="30.330708661417322" WIDTH="84.75590551181102" VPOS="540.5669291338583" HPOS="570.0472440944882" CONTENT="et" ID="tl_9_5" STYLEREFS="FONT0"/>
            <SP HEIGHT="30.330708661417322" WIDTH="14.173228346456693" VPOS="540.5669291338583" HPOS="654.8031496062993"/>
            <String HEIGHT="30.330708661417322" WIDTH="169.51181102362204" VPOS="540.5669291338583" HPOS="612.5669291338583" CONTENT="d'amener" ID="tl_9_6" STYLEREFS="FONT0"/>
            <SP HEIGHT="30.330708661417322" WIDTH="14.173228346456693" VPOS="540.5669291338583" HPOS="782.0787401574803"/>
            <String HEIGHT="30.330708661417322" WIDTH="98.92913385826772" VPOS="540.5669291338583" HPOS="739.5590551181102" CONTENT="MM." ID="tl_9_7" STYLEREFS="FONT0"/>
            <SP HEIGHT="30.330708661417322" WIDTH="14.173228346456693" VPOS="540.5669291338583" HPOS="838.488188976378"/>
            <String HEIGHT="30.330708661417322" WIDTH="197.85826771653544" VPOS="540.5669291338583" HPOS="796.2519685039371" CONTENT="d’Haucourt" ID="tl_9_8" STYLEREFS="FONT0"/>
            <SP HEIGHT="30.330708661417322" WIDTH="14.173228346456693" VPOS="540.5669291338583" HPOS="994.1102362204724"/>
            <String HEIGHT="30.330708661417322" WIDTH="84.75590551181102" VPOS="540.5669291338583" HPOS="951.5905511811023" CONTENT="et" ID="tl_9_9" STYLEREFS="FONT0"/>
            <SP HEIGHT="30.330708661417322" WIDTH="14.173228346456693" VPOS="540.5669291338583" HPOS="1036.3464566929133"/>
            <String HEIGHT="30.330708661417322" WIDTH="84.75590551181102" VPOS="540.5669291338583" HPOS="994.1102362204724" CONTENT="de" ID="tl_9_10" STYLEREFS="FONT0"/>
            <SP HEIGHT="30.330708661417322" WIDTH="14.173228346456693" VPOS="540.5669291338583" HPOS="1078.8661417322835"/>
            <String HEIGHT="30.330708661417322" WIDTH="226.20472440944883" VPOS="540.5669291338583" HPOS="1036.3464566929133" CONTENT="Nantouillet." ID="tl_9_11" STYLEREFS="FONT0"/>
            <SP HEIGHT="30.330708661417322" WIDTH="14.173228346456693" VPOS="540.5669291338583" HPOS="1262.5511811023623"/>
            <String HEIGHT="30.330708661417322" WIDTH="84.75590551181102" VPOS="540.5669291338583" HPOS="1220.3149606299212" CONTENT="Je" ID="tl_9_12" STYLEREFS="FONT0"/>
            <SP HEIGHT="30.330708661417322" WIDTH="14.173228346456693" VPOS="540.5669291338583" HPOS="1305.0708661417323"/>
            <String HEIGHT="30.330708661417322" WIDTH="84.75590551181102" VPOS="540.5669291338583" HPOS="1262.5511811023623" CONTENT="ne" ID="tl_9_13" STYLEREFS="FONT0"/>
            <SP HEIGHT="30.330708661417322" WIDTH="14.173228346456693" VPOS="540.5669291338583" HPOS="1347.3070866141732"/>
            <String HEIGHT="30.330708661417322" WIDTH="84.75590551181102" VPOS="540.5669291338583" HPOS="1290.8976377952756" CONTENT="t’en" ID="tl_9_14" STYLEREFS="FONT0"/>
          </TextLine>
          <TextLine ID="tl_10" BASELINE="2148" HEIGHT="36.56692913385827" WIDTH="1015.9370078740158" VPOS="572.3149606299213" HPOS="359.1496062992126">
            <String HEIGHT="36.56692913385827" WIDTH="71.43307086614173" VPOS="572.3149606299213" HPOS="344.9763779527559" CONTENT="«" ID="tl_10_1" STYLEREFS="FONT0"/>
            <SP HEIGHT="36.56692913385827" WIDTH="14.173228346456693" VPOS="572.3149606299213" HPOS="416.40944881889766"/>
            <String HEIGHT="36.56692913385827" WIDTH="128.69291338582678" VPOS="572.3149606299213" HPOS="373.3228346456693" CONTENT="avais" ID="tl_10_2" STYLEREFS="FONT0"/>
            <SP HEIGHT="36.56692913385827" WIDTH="14.173228346456693" VPOS="572.3149606299213" HPOS="502.2992125984252"/>
            <String HEIGHT="36.56692913385827" WIDTH="100.06299212598425" VPOS="572.3149606299213" HPOS="459.21259842519686" CONTENT="pas" ID="tl_10_3" STYLEREFS="FONT0"/>
            <SP HEIGHT="36.56692913385827" WIDTH="14.173228346456693" VPOS="572.3149606299213" HPOS="559.5590551181102"/>
            <String HEIGHT="36.56692913385827" WIDTH="128.69291338582678" VPOS="572.3149606299213" HPOS="516.4724409448819" CONTENT="parlé" ID="tl_10_4" STYLEREFS="FONT0"/>
            <SP HEIGHT="36.56692913385827" WIDTH="14.173228346456693" VPOS="572.3149606299213" HPOS="645.4488188976378"/>
            <String HEIGHT="36.56692913385827" WIDTH="128.69291338582678" VPOS="572.3149606299213" HPOS="602.3622047244095" CONTENT="parce" ID="tl_10_5" STYLEREFS="FONT0"/>
            <SP HEIGHT="36.56692913385827" WIDTH="14.173228346456693" VPOS="572.3149606299213" HPOS="731.0551181102362"/>
            <String HEIGHT="36.56692913385827" WIDTH="100.06299212598425" VPOS="572.3149606299213" HPOS="688.2519685039371" CONTENT="que" ID="tl_10_6" STYLEREFS="FONT0"/>
            <SP HEIGHT="36.56692913385827" WIDTH="14.173228346456693" VPOS="572.3149606299213" HPOS="788.3149606299213"/>
            <String HEIGHT="36.56692913385827" WIDTH="114.51968503937007" VPOS="572.3149606299213" HPOS="745.511811023622" CONTENT="1003" ID="tl_10_7" STYLEREFS="FONT0"/>
            <SP HEIGHT="36.56692913385827" WIDTH="14.173228346456693" VPOS="572.3149606299213" HPOS="860.0314960629921"/>
            <String HEIGHT="36.56692913385827" WIDTH="128.69291338582678" VPOS="572.3149606299213" HPOS="816.9448818897638" CONTENT="ayant" ID="tl_10_8" STYLEREFS="FONT0"/>
            <SP HEIGHT="36.56692913385827" WIDTH="14.173228346456693" VPOS="572.3149606299213" HPOS="945.9212598425197"/>
            <String HEIGHT="36.56692913385827" WIDTH="128.69291338582678" VPOS="572.3149606299213" HPOS="902.8346456692914" CONTENT="mandé" ID="tl_10_9" STYLEREFS="FONT0"/>
            <SP HEIGHT="36.56692913385827" WIDTH="14.173228346456693" VPOS="572.3149606299213" HPOS="1031.8110236220473"/>
            <String HEIGHT="36.56692913385827" WIDTH="229.03937007874015" VPOS="572.3149606299213" HPOS="988.7244094488188" CONTENT="précédemment" ID="tl_10_10" STYLEREFS="FONT0"/>
            <SP HEIGHT="36.56692913385827" WIDTH="14.173228346456693" VPOS="572.3149606299213" HPOS="1217.763779527559"/>
            <String HEIGHT="36.56692913385827" WIDTH="71.43307086614173" VPOS="572.3149606299213" HPOS="1174.6771653543308" CONTENT="à" ID="tl_10_11" STYLEREFS="FONT0"/>
            <SP HEIGHT="36.56692913385827" WIDTH="14.173228346456693" VPOS="572.3149606299213" HPOS="1246.3937007874015"/>
            <String HEIGHT="36.56692913385827" WIDTH="85.88976377952756" VPOS="572.3149606299213" HPOS="1203.3070866141732" CONTENT="D." ID="tl_10_12" STYLEREFS="FONT0"/>
            <SP HEIGHT="36.56692913385827" WIDTH="14.173228346456693" VPOS="572.3149606299213" HPOS="1289.1968503937007"/>
            <String HEIGHT="36.56692913385827" WIDTH="85.88976377952756" VPOS="572.3149606299213" HPOS="1246.3937007874015" CONTENT="24" ID="tl_10_13" STYLEREFS="FONT0"/>
            <SP HEIGHT="36.56692913385827" WIDTH="14.173228346456693" VPOS="572.3149606299213" HPOS="1332.283464566929"/>
            <String HEIGHT="36.56692913385827" WIDTH="100.06299212598425" VPOS="572.3149606299213" HPOS="1275.023622047244" CONTENT="qu’il" ID="tl_10_14" STYLEREFS="FONT0"/>
          </TextLine>
          <TextLine ID="tl_11" BASELINE="2240" HEIGHT="38.267716535433074" WIDTH="1017.0708661417323" VPOS="596.6929133858267" HPOS="359.1496062992126">
            <String HEIGHT="38.267716535433074" WIDTH="62.645669291338585" VPOS="596.6929133858267" HPOS="346.6771653543307" CONTENT="«" ID="tl_11_1" STYLEREFS="FONT0"/>
            <SP HEIGHT="38.267716535433074" WIDTH="12.472440944881889" VPOS="596.6929133858267" HPOS="409.3228346456693"/>
            <String HEIGHT="38.267716535433074" WIDTH="87.8740157480315" VPOS="596.6929133858267" HPOS="371.62204724409446" CONTENT="lui" ID="tl_11_2" STYLEREFS="FONT0"/>
            <SP HEIGHT="38.267716535433074" WIDTH="12.472440944881889" VPOS="596.6929133858267" HPOS="459.496062992126"/>
            <String HEIGHT="38.267716535433074" WIDTH="188.2204724409449" VPOS="596.6929133858267" HPOS="421.79527559055117" CONTENT="conseillait" ID="tl_11_3" STYLEREFS="FONT0"/>
            <SP HEIGHT="38.267716535433074" WIDTH="12.472440944881889" VPOS="596.6929133858267" HPOS="610.2992125984252"/>
            <String HEIGHT="38.267716535433074" WIDTH="175.748031496063" VPOS="596.6929133858267" HPOS="572.5984251968504" CONTENT="d’attendre" ID="tl_11_4" STYLEREFS="FONT0"/>
            <SP HEIGHT="38.267716535433074" WIDTH="12.472440944881889" VPOS="596.6929133858267" HPOS="748.3464566929134"/>
            <String HEIGHT="38.267716535433074" WIDTH="87.8740157480315" VPOS="596.6929133858267" HPOS="710.6456692913385" CONTENT="que" ID="tl_11_5" STYLEREFS="FONT0"/>
            <SP HEIGHT="38.267716535433074" WIDTH="12.472440944881889" VPOS="596.6929133858267" HPOS="798.5196850393701"/>
            <String HEIGHT="38.267716535433074" WIDTH="75.4015748031496" VPOS="596.6929133858267" HPOS="760.8188976377953" CONTENT="la" ID="tl_11_6" STYLEREFS="FONT0"/>
            <SP HEIGHT="38.267716535433074" WIDTH="12.472440944881889" VPOS="596.6929133858267" HPOS="836.2204724409448"/>
            <String HEIGHT="38.267716535433074" WIDTH="113.10236220472441" VPOS="596.6929133858267" HPOS="798.5196850393701" CONTENT="crise" ID="tl_11_7" STYLEREFS="FONT0"/>
            <SP HEIGHT="38.267716535433074" WIDTH="12.472440944881889" VPOS="596.6929133858267" HPOS="911.6220472440945"/>
            <String HEIGHT="38.267716535433074" WIDTH="87.8740157480315" VPOS="596.6929133858267" HPOS="873.9212598425197" CONTENT="fût" ID="tl_11_8" STYLEREFS="FONT0"/>
            <SP HEIGHT="38.267716535433074" WIDTH="12.472440944881889" VPOS="596.6929133858267" HPOS="961.7952755905512"/>
            <String HEIGHT="38.267716535433074" WIDTH="75.4015748031496" VPOS="596.6929133858267" HPOS="924.0944881889764" CONTENT="un" ID="tl_11_9" STYLEREFS="FONT0"/>
            <SP HEIGHT="38.267716535433074" WIDTH="12.472440944881889" VPOS="596.6929133858267" HPOS="999.496062992126"/>
            <String HEIGHT="38.267716535433074" WIDTH="87.8740157480315" VPOS="596.6929133858267" HPOS="961.7952755905512" CONTENT="peu" ID="tl_11_10" STYLEREFS="FONT0"/>
            <SP HEIGHT="38.267716535433074" WIDTH="12.472440944881889" VPOS="596.6929133858267" HPOS="1049.6692913385828"/>
            <String HEIGHT="38.267716535433074" WIDTH="100.34645669291339" VPOS="596.6929133858267" HPOS="1011.9685039370079" CONTENT="plus" ID="tl_11_11" STYLEREFS="FONT0"/>
            <SP HEIGHT="38.267716535433074" WIDTH="12.472440944881889" VPOS="596.6929133858267" HPOS="1112.5984251968505"/>
            <String HEIGHT="38.267716535433074" WIDTH="238.6771653543307" VPOS="596.6929133858267" HPOS="1074.8976377952756" CONTENT="débrouillée...." ID="tl_11_12" STYLEREFS="FONT0"/>
            <SP HEIGHT="38.267716535433074" WIDTH="12.472440944881889" VPOS="596.6929133858267" HPOS="1313.5748031496064"/>
            <String HEIGHT="38.267716535433074" WIDTH="75.4015748031496" VPOS="596.6929133858267" HPOS="1275.8740157480315" CONTENT="Je" ID="tl_11_13" STYLEREFS="FONT0"/>
            <SP HEIGHT="38.267716535433074" WIDTH="12.472440944881889" VPOS="596.6929133858267" HPOS="1350.992125984252"/>
            <String HEIGHT="38.267716535433074" WIDTH="75.4015748031496" VPOS="596.6929133858267" HPOS="1300.8188976377953" CONTENT="n’ai" ID="tl_11_14" STYLEREFS="FONT0"/>
          </TextLine>
          <TextLine ID="tl_12" BASELINE="2336" HEIGHT="32.59842519685039" WIDTH="1015.3700787401575" VPOS="629.5748031496063" HPOS="358.5826771653543">
            <String HEIGHT="32.59842519685039" WIDTH="64.34645669291339" VPOS="629.5748031496063" HPOS="345.8267716535433" CONTENT="«" ID="tl_12_1" STYLEREFS="FONT0"/>
            <SP HEIGHT="32.59842519685039" WIDTH="12.755905511811024" VPOS="629.5748031496063" HPOS="409.8897637795276"/>
            <String HEIGHT="32.59842519685039" WIDTH="89.85826771653544" VPOS="629.5748031496063" HPOS="371.33858267716533" CONTENT="pas" ID="tl_12_2" STYLEREFS="FONT0"/>
            <SP HEIGHT="32.59842519685039" WIDTH="12.755905511811024" VPOS="629.5748031496063" HPOS="461.4803149606299"/>
            <String HEIGHT="32.59842519685039" WIDTH="77.10236220472441" VPOS="629.5748031496063" HPOS="422.92913385826773" CONTENT="de" ID="tl_12_3" STYLEREFS="FONT0"/>
            <SP HEIGHT="32.59842519685039" WIDTH="12.755905511811024" VPOS="629.5748031496063" HPOS="500.0314960629921"/>
            <String HEIGHT="32.59842519685039" WIDTH="180.0" VPOS="629.5748031496063" HPOS="461.4803149606299" CONTENT="réflexions" ID="tl_12_4" STYLEREFS="FONT0"/>
            <SP HEIGHT="32.59842519685039" WIDTH="12.755905511811024" VPOS="629.5748031496063" HPOS="641.4803149606299"/>
            <String HEIGHT="32.59842519685039" WIDTH="64.34645669291339" VPOS="629.5748031496063" HPOS="602.6456692913385" CONTENT="à" ID="tl_12_5" STYLEREFS="FONT0"/>
            <SP HEIGHT="32.59842519685039" WIDTH="12.755905511811024" VPOS="629.5748031496063" HPOS="666.992125984252"/>
            <String HEIGHT="32.59842519685039" WIDTH="115.65354330708661" VPOS="629.5748031496063" HPOS="628.4409448818898" CONTENT="faire" ID="tl_12_6" STYLEREFS="FONT0"/>
            <SP HEIGHT="32.59842519685039" WIDTH="12.755905511811024" VPOS="629.5748031496063" HPOS="744.0944881889764"/>
            <String HEIGHT="32.59842519685039" WIDTH="89.85826771653544" VPOS="629.5748031496063" HPOS="705.5433070866142" CONTENT="sur" ID="tl_12_7" STYLEREFS="FONT0"/>
            <SP HEIGHT="32.59842519685039" WIDTH="12.755905511811024" VPOS="629.5748031496063" HPOS="795.6850393700787"/>
            <String HEIGHT="32.59842519685039" WIDTH="77.10236220472441" VPOS="629.5748031496063" HPOS="757.1338582677165" CONTENT="ce" ID="tl_12_8" STYLEREFS="FONT0"/>
            <SP HEIGHT="32.59842519685039" WIDTH="12.755905511811024" VPOS="629.5748031496063" HPOS="834.2362204724409"/>
            <String HEIGHT="32.59842519685039" WIDTH="89.85826771653544" VPOS="629.5748031496063" HPOS="795.6850393700787" CONTENT="que" ID="tl_12_9" STYLEREFS="FONT0"/>
            <SP HEIGHT="32.59842519685039" WIDTH="12.755905511811024" VPOS="629.5748031496063" HPOS="885.5433070866142"/>
            <String HEIGHT="32.59842519685039" WIDTH="77.10236220472441" VPOS="629.5748031496063" HPOS="846.992125984252" CONTENT="P." ID="tl_12_10" STYLEREFS="FONT0"/>
            <SP HEIGHT="32.59842519685039" WIDTH="12.755905511811024" VPOS="629.5748031496063" HPOS="924.0944881889764"/>
            <String HEIGHT="32.59842519685039" WIDTH="77.10236220472441" VPOS="629.5748031496063" HPOS="885.5433070866142" CONTENT="92" ID="tl_12_11" STYLEREFS="FONT0"/>
            <SP HEIGHT="32.59842519685039" WIDTH="12.755905511811024" VPOS="629.5748031496063" HPOS="962.6456692913385"/>
            <String HEIGHT="32.59842519685039" WIDTH="64.34645669291339" VPOS="629.5748031496063" HPOS="924.0944881889764" CONTENT="a" ID="tl_12_12" STYLEREFS="FONT0"/>
            <SP HEIGHT="32.59842519685039" WIDTH="12.755905511811024" VPOS="629.5748031496063" HPOS="988.4409448818898"/>
            <String HEIGHT="32.59842519685039" WIDTH="89.85826771653544" VPOS="629.5748031496063" HPOS="949.8897637795276" CONTENT="dit" ID="tl_12_13" STYLEREFS="FONT0"/>
            <SP HEIGHT="32.59842519685039" WIDTH="12.755905511811024" VPOS="629.5748031496063" HPOS="1039.748031496063"/>
            <String HEIGHT="32.59842519685039" WIDTH="64.34645669291339" VPOS="629.5748031496063" HPOS="1001.1968503937007" CONTENT="à" ID="tl_12_14" STYLEREFS="FONT0"/>
            <SP HEIGHT="32.59842519685039" WIDTH="12.755905511811024" VPOS="629.5748031496063" HPOS="1065.5433070866143"/>
            <String HEIGHT="32.59842519685039" WIDTH="77.10236220472441" VPOS="629.5748031496063" HPOS="1026.992125984252" CONTENT="P." ID="tl_12_15" STYLEREFS="FONT0"/>
            <SP HEIGHT="32.59842519685039" WIDTH="12.755905511811024" VPOS="629.5748031496063" HPOS="1104.0944881889764"/>
            <String HEIGHT="32.59842519685039" WIDTH="89.85826771653544" VPOS="629.5748031496063" HPOS="1065.5433070866143" CONTENT="79." ID="tl_12_16" STYLEREFS="FONT0"/>
            <SP HEIGHT="32.59842519685039" WIDTH="12.755905511811024" VPOS="629.5748031496063" HPOS="1155.4015748031495"/>
            <String HEIGHT="32.59842519685039" WIDTH="128.40944881889763" VPOS="629.5748031496063" HPOS="1116.8503937007874" CONTENT="Quelle" ID="tl_12_17" STYLEREFS="FONT0"/>
            <SP HEIGHT="32.59842519685039" WIDTH="12.755905511811024" VPOS="629.5748031496063" HPOS="1245.5433070866143"/>
            <String HEIGHT="32.59842519685039" WIDTH="166.96062992125985" VPOS="629.5748031496063" HPOS="1206.992125984252" CONTENT="faiblesse" ID="tl_12_18" STYLEREFS="FONT0"/>
            <SP HEIGHT="32.59842519685039" WIDTH="12.755905511811024" VPOS="629.5748031496063" HPOS="1373.9527559055118"/>
            <String HEIGHT="32.59842519685039" WIDTH="51.30708661417323" VPOS="629.5748031496063" HPOS="1322.6456692913387" CONTENT="et" ID="tl_12_19" STYLEREFS="FONT0"/>
          </TextLine>
          <TextLine ID="tl_13" BASELINE="2428" HEIGHT="30.330708661417322" WIDTH="827.1496062992126" VPOS="657.9212598425197" HPOS="359.1496062992126">
            <String HEIGHT="30.330708661417322" WIDTH="63.496062992125985" VPOS="657.9212598425197" HPOS="346.3937007874016" CONTENT="«" ID="tl_13_1" STYLEREFS="FONT0"/>
            <SP HEIGHT="30.330708661417322" WIDTH="12.755905511811024" VPOS="657.9212598425197" HPOS="410.1732283464567"/>
            <String HEIGHT="30.330708661417322" WIDTH="127.2755905511811" VPOS="657.9212598425197" HPOS="371.90551181102364" CONTENT="quelle" ID="tl_13_2" STYLEREFS="FONT0"/>
            <SP HEIGHT="30.330708661417322" WIDTH="12.755905511811024" VPOS="657.9212598425197" HPOS="499.18110236220474"/>
            <String HEIGHT="30.330708661417322" WIDTH="203.5275590551181" VPOS="657.9212598425197" HPOS="460.9133858267717" CONTENT="personnalité" ID="tl_13_3" STYLEREFS="FONT0"/>
            <SP HEIGHT="30.330708661417322" WIDTH="12.755905511811024" VPOS="657.9212598425197" HPOS="664.4409448818898"/>
            <String HEIGHT="30.330708661417322" WIDTH="76.25196850393701" VPOS="657.9212598425197" HPOS="626.4566929133858" CONTENT="de" ID="tl_13_4" STYLEREFS="FONT0"/>
            <SP HEIGHT="30.330708661417322" WIDTH="12.755905511811024" VPOS="657.9212598425197" HPOS="702.7086614173228"/>
            <String HEIGHT="30.330708661417322" WIDTH="101.76377952755905" VPOS="657.9212598425197" HPOS="664.4409448818898" CONTENT="tous" ID="tl_13_5" STYLEREFS="FONT0"/>
            <SP HEIGHT="30.330708661417322" WIDTH="12.755905511811024" VPOS="657.9212598425197" HPOS="766.488188976378"/>
            <String HEIGHT="30.330708661417322" WIDTH="127.2755905511811" VPOS="657.9212598425197" HPOS="728.2204724409448" CONTENT="côtés," ID="tl_13_6" STYLEREFS="FONT0"/>
            <SP HEIGHT="30.330708661417322" WIDTH="12.755905511811024" VPOS="657.9212598425197" HPOS="855.496062992126"/>
            <String HEIGHT="30.330708661417322" WIDTH="101.76377952755905" VPOS="657.9212598425197" HPOS="817.2283464566929" CONTENT="cela" ID="tl_13_7" STYLEREFS="FONT0"/>
            <SP HEIGHT="30.330708661417322" WIDTH="12.755905511811024" VPOS="657.9212598425197" HPOS="918.992125984252"/>
            <String HEIGHT="30.330708661417322" WIDTH="101.76377952755905" VPOS="657.9212598425197" HPOS="881.007874015748" CONTENT="fait" ID="tl_13_8" STYLEREFS="FONT0"/>
            <SP HEIGHT="30.330708661417322" WIDTH="12.755905511811024" VPOS="657.9212598425197" HPOS="982.7716535433071"/>
            <String HEIGHT="30.330708661417322" WIDTH="152.78740157480314" VPOS="657.9212598425197" HPOS="944.503937007874" CONTENT="horreur," ID="tl_13_9" STYLEREFS="FONT0"/>
            <SP HEIGHT="30.330708661417322" WIDTH="12.755905511811024" VPOS="657.9212598425197" HPOS="1097.291338582677"/>
            <String HEIGHT="30.330708661417322" WIDTH="89.00787401574803" VPOS="657.9212598425197" HPOS="1059.023622047244" CONTENT="etc" ID="tl_13_10" STYLEREFS="FONT0"/>
            <SP HEIGHT="30.330708661417322" WIDTH="12.755905511811024" VPOS="657.9212598425197" HPOS="1148.0314960629921"/>
            <String HEIGHT="30.330708661417322" WIDTH="89.00787401574803" VPOS="657.9212598425197" HPOS="1110.0472440944882" CONTENT="..." ID="tl_13_11" STYLEREFS="FONT0"/>
            <SP HEIGHT="30.330708661417322" WIDTH="12.755905511811024" VPOS="657.9212598425197" HPOS="1199.0551181102362"/>
            <String HEIGHT="30.330708661417322" WIDTH="38.267716535433074" VPOS="657.9212598425197" HPOS="1148.0314960629921" CONTENT="»" ID="tl_13_12" STYLEREFS="FONT0"/>
          </TextLine>
        </TextBlock>
        <TextBlock ID="r_1_7" HEIGHT="43.37007874015748" WIDTH="1104.3779527559054" VPOS="705.8267716535433" HPOS="272.6929133858268">
          <TextLine ID="tl_14" BASELINE="2642" HEIGHT="42.803149606299215" WIDTH="1103.8110236220473" VPOS="706.1102362204724" HPOS="272.9763779527559">
            <String HEIGHT="42.803149606299215" WIDTH="143.1496062992126" VPOS="706.1102362204724" HPOS="252.56692913385828" CONTENT="76." ID="tl_14_1" STYLEREFS="FONT0"/>
            <SP HEIGHT="42.803149606299215" WIDTH="20.409448818897637" VPOS="706.1102362204724" HPOS="395.7165354330709"/>
            <String HEIGHT="42.803149606299215" WIDTH="490.6771653543307" VPOS="706.1102362204724" HPOS="334.20472440944883" CONTENT="CHATEAUBRIAND" ID="tl_14_2" STYLEREFS="FONT1"/>
            <SP HEIGHT="42.803149606299215" WIDTH="20.409448818897637" VPOS="706.1102362204724" HPOS="824.8818897637796"/>
            <String HEIGHT="42.803149606299215" WIDTH="408.755905511811" VPOS="706.1102362204724" HPOS="763.6535433070866" CONTENT="(Franç.-Auguste," ID="tl_14_3" STYLEREFS="FONT0"/>
            <SP HEIGHT="42.803149606299215" WIDTH="20.409448818897637" VPOS="706.1102362204724" HPOS="1172.4094488188975"/>
            <String HEIGHT="42.803149606299215" WIDTH="224.78740157480314" VPOS="706.1102362204724" HPOS="1111.1811023622047" CONTENT="vicomte" ID="tl_14_4" STYLEREFS="FONT0"/>
            <SP HEIGHT="42.803149606299215" WIDTH="20.409448818897637" VPOS="706.1102362204724" HPOS="1335.9685039370079"/>
            <String HEIGHT="42.803149606299215" WIDTH="122.74015748031496" VPOS="706.1102362204724" HPOS="1254.0472440944882" CONTENT="de)," ID="tl_14_5" STYLEREFS="FONT0"/>
          </TextLine>
        </TextBlock>
        <TextBlock ID="r_1_8" HEIGHT="39.40157480314961" WIDTH="972.2834645669292" VPOS="752.3149606299213" HPOS="404.2204724409449">
          <TextLine ID="tl_15" BASELINE="2792" HEIGHT="38.83464566929134" WIDTH="971.7165354330708" VPOS="752.5984251968504" HPOS="404.503937007874">
            <String HEIGHT="38.83464566929134" WIDTH="242.9291338582677" VPOS="752.5984251968504" HPOS="380.12598425196853" CONTENT="membre" ID="tl_15_1" STYLEREFS="FONT0"/>
            <SP HEIGHT="38.83464566929134" WIDTH="24.37795275590551" VPOS="752.5984251968504" HPOS="623.0551181102362"/>
            <String HEIGHT="38.83464566929134" WIDTH="145.70078740157481" VPOS="752.5984251968504" HPOS="550.2047244094488" CONTENT="de" ID="tl_15_2" STYLEREFS="FONT0"/>
            <SP HEIGHT="38.83464566929134" WIDTH="24.37795275590551" VPOS="752.5984251968504" HPOS="695.9055118110236"/>
            <String HEIGHT="38.83464566929134" WIDTH="340.15748031496065" VPOS="752.5984251968504" HPOS="623.0551181102362" CONTENT="l’Académie" ID="tl_15_3" STYLEREFS="FONT0"/>
            <SP HEIGHT="38.83464566929134" WIDTH="24.37795275590551" VPOS="752.5984251968504" HPOS="963.2125984251968"/>
            <String HEIGHT="38.83464566929134" WIDTH="340.15748031496065" VPOS="752.5984251968504" HPOS="890.3622047244095" CONTENT="française." ID="tl_15_4" STYLEREFS="FONT0"/>
            <SP HEIGHT="38.83464566929134" WIDTH="24.37795275590551" VPOS="752.5984251968504" HPOS="1230.5196850393702"/>
            <String HEIGHT="38.83464566929134" WIDTH="145.70078740157481" VPOS="752.5984251968504" HPOS="1157.6692913385828" CONTENT="N." ID="tl_15_5" STYLEREFS="FONT0"/>
            <SP HEIGHT="38.83464566929134" WIDTH="24.37795275590551" VPOS="752.5984251968504" HPOS="1303.3700787401574"/>
            <String HEIGHT="38.83464566929134" WIDTH="170.07874015748033" VPOS="752.5984251968504" HPOS="1206.1417322834645" CONTENT="1769." ID="tl_15_6" STYLEREFS="FONT0"/>
          </TextLine>
        </TextBlock>
        <TextBlock ID="r_1_9" HEIGHT="68.31496062992126" WIDTH="1017.9212598425197" VPOS="794.8346456692914" HPOS="360.8503937007874">
          <TextLine ID="tl_16" BASELINE="2924" HEIGHT="33.732283464566926" WIDTH="978.8031496062993" VPOS="795.1181102362204" HPOS="399.68503937007875">
            <String HEIGHT="33.732283464566926" WIDTH="91.84251968503936" VPOS="795.1181102362204" HPOS="384.37795275590554" CONTENT="L." ID="tl_16_1" STYLEREFS="FONT0"/>
            <SP HEIGHT="33.732283464566926" WIDTH="15.307086614173228" VPOS="795.1181102362204" HPOS="476.2204724409449"/>
            <String HEIGHT="33.732283464566926" WIDTH="122.45669291338582" VPOS="795.1181102362204" HPOS="430.2992125984252" CONTENT="aut." ID="tl_16_2" STYLEREFS="FONT0"/>
            <SP HEIGHT="33.732283464566926" WIDTH="15.307086614173228" VPOS="795.1181102362204" HPOS="552.7559055118111"/>
            <String HEIGHT="33.732283464566926" WIDTH="137.76377952755905" VPOS="795.1181102362204" HPOS="506.8346456692913" CONTENT="sig.," ID="tl_16_3" STYLEREFS="FONT0"/>
            <SP HEIGHT="33.732283464566926" WIDTH="15.307086614173228" VPOS="795.1181102362204" HPOS="644.3149606299213"/>
            <String HEIGHT="33.732283464566926" WIDTH="91.84251968503936" VPOS="795.1181102362204" HPOS="598.3937007874016" CONTENT="au" ID="tl_16_4" STYLEREFS="FONT0"/>
            <SP HEIGHT="33.732283464566926" WIDTH="15.307086614173228" VPOS="795.1181102362204" HPOS="690.2362204724409"/>
            <String HEIGHT="33.732283464566926" WIDTH="168.09448818897638" VPOS="795.1181102362204" HPOS="644.3149606299213" CONTENT="citoyen" ID="tl_16_5" STYLEREFS="FONT0"/>
            <SP HEIGHT="33.732283464566926" WIDTH="15.307086614173228" VPOS="795.1181102362204" HPOS="812.6929133858267"/>
            <String HEIGHT="33.732283464566926" WIDTH="153.0708661417323" VPOS="795.1181102362204" HPOS="766.7716535433071" CONTENT="Lucien" ID="tl_16_6" STYLEREFS="FONT0"/>
            <SP HEIGHT="33.732283464566926" WIDTH="15.307086614173228" VPOS="795.1181102362204" HPOS="919.5590551181102"/>
            <String HEIGHT="33.732283464566926" WIDTH="214.01574803149606" VPOS="795.1181102362204" HPOS="873.9212598425197" CONTENT="Bonaparte." ID="tl_16_7" STYLEREFS="FONT0"/>
            <SP HEIGHT="33.732283464566926" WIDTH="15.307086614173228" VPOS="795.1181102362204" HPOS="1087.9370078740158"/>
            <String HEIGHT="33.732283464566926" WIDTH="153.0708661417323" VPOS="795.1181102362204" HPOS="1042.015748031496" CONTENT="Paris," ID="tl_16_8" STYLEREFS="FONT0"/>
            <SP HEIGHT="33.732283464566926" WIDTH="15.307086614173228" VPOS="795.1181102362204" HPOS="1195.0866141732283"/>
            <String HEIGHT="33.732283464566926" WIDTH="91.84251968503936" VPOS="795.1181102362204" HPOS="1149.1653543307086" CONTENT="20" ID="tl_16_9" STYLEREFS="FONT0"/>
            <SP HEIGHT="33.732283464566926" WIDTH="15.307086614173228" VPOS="795.1181102362204" HPOS="1240.724409448819"/>
            <String HEIGHT="33.732283464566926" WIDTH="198.70866141732284" VPOS="795.1181102362204" HPOS="1179.7795275590552" CONTENT="vendémiaire" ID="tl_16_10" STYLEREFS="FONT0"/>
          </TextLine>
          <TextLine ID="tl_17" BASELINE="3044" HEIGHT="33.732283464566926" WIDTH="418.3937007874016" VPOS="829.1338582677165" HPOS="361.13385826771656">
            <String HEIGHT="33.732283464566926" WIDTH="89.5748031496063" VPOS="829.1338582677165" HPOS="346.1102362204724" CONTENT="an" ID="tl_17_1" STYLEREFS="FONT0"/>
            <SP HEIGHT="33.732283464566926" WIDTH="15.023622047244094" VPOS="829.1338582677165" HPOS="435.9685039370079"/>
            <String HEIGHT="33.732283464566926" WIDTH="104.5984251968504" VPOS="829.1338582677165" HPOS="390.8976377952756" CONTENT="XI," ID="tl_17_2" STYLEREFS="FONT0"/>
            <SP HEIGHT="33.732283464566926" WIDTH="15.023622047244094" VPOS="829.1338582677165" HPOS="495.496062992126"/>
            <String HEIGHT="33.732283464566926" WIDTH="74.83464566929133" VPOS="829.1338582677165" HPOS="450.70866141732284" CONTENT="1" ID="tl_17_3" STYLEREFS="FONT0"/>
            <SP HEIGHT="33.732283464566926" WIDTH="15.023622047244094" VPOS="829.1338582677165" HPOS="525.5433070866142"/>
            <String HEIGHT="33.732283464566926" WIDTH="119.62204724409449" VPOS="829.1338582677165" HPOS="480.755905511811" CONTENT="page" ID="tl_17_4" STYLEREFS="FONT0"/>
            <SP HEIGHT="33.732283464566926" WIDTH="15.023622047244094" VPOS="829.1338582677165" HPOS="600.0944881889764"/>
            <String HEIGHT="33.732283464566926" WIDTH="89.5748031496063" VPOS="829.1338582677165" HPOS="555.3070866141733" CONTENT="et" ID="tl_17_5" STYLEREFS="FONT0"/>
            <SP HEIGHT="33.732283464566926" WIDTH="15.023622047244094" VPOS="829.1338582677165" HPOS="645.1653543307086"/>
            <String HEIGHT="33.732283464566926" WIDTH="134.36220472440945" VPOS="829.1338582677165" HPOS="600.0944881889764" CONTENT="demie" ID="tl_17_6" STYLEREFS="FONT0"/>
            <SP HEIGHT="33.732283464566926" WIDTH="15.023622047244094" VPOS="829.1338582677165" HPOS="734.7401574803149"/>
            <String HEIGHT="33.732283464566926" WIDTH="104.5984251968504" VPOS="829.1338582677165" HPOS="674.9291338582677" CONTENT="in" ID="tl_17_7" STYLEREFS="FONT0"/>
          </TextLine>
        </TextBlock>
        <TextBlock ID="r_1_10" HEIGHT="145.41732283464566" WIDTH="1021.6062992125984" VPOS="861.7322834645669" HPOS="359.1496062992126">
          <TextLine ID="tl_18" BASELINE="3150" HEIGHT="30.89763779527559" WIDTH="994.3937007874016" VPOS="862.0157480314961" HPOS="385.51181102362204">
            <String HEIGHT="30.89763779527559" WIDTH="74.55118110236221" VPOS="862.0157480314961" HPOS="373.03937007874015" CONTENT="On" ID="tl_18_1" STYLEREFS="FONT0"/>
            <SP HEIGHT="30.89763779527559" WIDTH="12.472440944881889" VPOS="862.0157480314961" HPOS="447.59055118110234"/>
            <String HEIGHT="30.89763779527559" WIDTH="111.96850393700787" VPOS="862.0157480314961" HPOS="410.45669291338584" CONTENT="vient" ID="tl_18_2" STYLEREFS="FONT0"/>
            <SP HEIGHT="30.89763779527559" WIDTH="12.472440944881889" VPOS="862.0157480314961" HPOS="522.1417322834645"/>
            <String HEIGHT="30.89763779527559" WIDTH="74.55118110236221" VPOS="862.0157480314961" HPOS="485.00787401574803" CONTENT="de" ID="tl_18_3" STYLEREFS="FONT0"/>
            <SP HEIGHT="30.89763779527559" WIDTH="12.472440944881889" VPOS="862.0157480314961" HPOS="559.5590551181102"/>
            <String HEIGHT="30.89763779527559" WIDTH="186.51968503937007" VPOS="862.0157480314961" HPOS="522.1417322834645" CONTENT="contrefaire" ID="tl_18_4" STYLEREFS="FONT0"/>
            <SP HEIGHT="30.89763779527559" WIDTH="12.472440944881889" VPOS="862.0157480314961" HPOS="708.6614173228346"/>
            <String HEIGHT="30.89763779527559" WIDTH="62.07874015748032" VPOS="862.0157480314961" HPOS="671.5275590551181" CONTENT="à" ID="tl_18_5" STYLEREFS="FONT0"/>
            <SP HEIGHT="30.89763779527559" WIDTH="12.472440944881889" VPOS="862.0157480314961" HPOS="733.6062992125984"/>
            <String HEIGHT="30.89763779527559" WIDTH="136.62992125984252" VPOS="862.0157480314961" HPOS="696.1889763779527" CONTENT="Avignon" ID="tl_18_6" STYLEREFS="FONT0"/>
            <SP HEIGHT="30.89763779527559" WIDTH="12.472440944881889" VPOS="862.0157480314961" HPOS="833.1023622047244"/>
            <String HEIGHT="30.89763779527559" WIDTH="74.55118110236221" VPOS="862.0157480314961" HPOS="795.6850393700787" CONTENT="le" ID="tl_18_7" STYLEREFS="FONT0"/>
            <SP HEIGHT="30.89763779527559" WIDTH="12.472440944881889" VPOS="862.0157480314961" HPOS="870.2362204724409"/>
            <String HEIGHT="30.89763779527559" WIDTH="149.10236220472441" VPOS="862.0157480314961" HPOS="833.1023622047244" CONTENT="Génie" ID="tl_18_8" STYLEREFS="FONT2"/>
            <SP HEIGHT="30.89763779527559" WIDTH="12.472440944881889" VPOS="862.0157480314961" HPOS="982.2047244094488"/>
            <String HEIGHT="30.89763779527559" WIDTH="74.55118110236221" VPOS="862.0157480314961" HPOS="944.7874015748032" CONTENT="du" ID="tl_18_9" STYLEREFS="FONT2"/>
            <SP HEIGHT="30.89763779527559" WIDTH="12.472440944881889" VPOS="862.0157480314961" HPOS="1019.3385826771654"/>
            <String HEIGHT="30.89763779527559" WIDTH="273.54330708661416" VPOS="862.0157480314961" HPOS="982.2047244094488" CONTENT="Christianisme." ID="tl_18_10" STYLEREFS="FONT2"/>
            <SP HEIGHT="30.89763779527559" WIDTH="12.472440944881889" VPOS="862.0157480314961" HPOS="1255.748031496063"/>
            <String HEIGHT="30.89763779527559" WIDTH="99.49606299212599" VPOS="862.0157480314961" HPOS="1218.3307086614172" CONTENT="S’il" ID="tl_18_11" STYLEREFS="FONT0"/>
            <SP HEIGHT="30.89763779527559" WIDTH="12.472440944881889" VPOS="862.0157480314961" HPOS="1317.8267716535433"/>
            <String HEIGHT="30.89763779527559" WIDTH="74.55118110236221" VPOS="862.0157480314961" HPOS="1280.4094488188975" CONTENT="ne" ID="tl_18_12" STYLEREFS="FONT0"/>
            <SP HEIGHT="30.89763779527559" WIDTH="12.472440944881889" VPOS="862.0157480314961" HPOS="1354.9606299212599"/>
            <String HEIGHT="30.89763779527559" WIDTH="74.55118110236221" VPOS="862.0157480314961" HPOS="1305.3543307086613" CONTENT="veut" ID="tl_18_13" STYLEREFS="FONT0"/>
          </TextLine>
          <TextLine ID="tl_19" BASELINE="3252" HEIGHT="31.46456692913386" WIDTH="1019.9055118110236" VPOS="890.3622047244095" HPOS="359.43307086614175">
            <String HEIGHT="31.46456692913386" WIDTH="106.01574803149606" VPOS="890.3622047244095" HPOS="346.1102362204724" CONTENT="être" ID="tl_19_1" STYLEREFS="FONT0"/>
            <SP HEIGHT="31.46456692913386" WIDTH="13.32283464566929" VPOS="890.3622047244095" HPOS="452.12598425196853"/>
            <String HEIGHT="31.46456692913386" WIDTH="119.33858267716535" VPOS="890.3622047244095" HPOS="412.4409448818898" CONTENT="ruiné" ID="tl_19_2" STYLEREFS="FONT0"/>
            <SP HEIGHT="31.46456692913386" WIDTH="13.32283464566929" VPOS="890.3622047244095" HPOS="531.496062992126"/>
            <String HEIGHT="31.46456692913386" WIDTH="198.70866141732284" VPOS="890.3622047244095" HPOS="491.81102362204723" CONTENT="totalement," ID="tl_19_3" STYLEREFS="FONT0"/>
            <SP HEIGHT="31.46456692913386" WIDTH="13.32283464566929" VPOS="890.3622047244095" HPOS="690.5196850393701"/>
            <String HEIGHT="31.46456692913386" WIDTH="79.37007874015748" VPOS="890.3622047244095" HPOS="650.8346456692914" CONTENT="il" ID="tl_19_4" STYLEREFS="FONT0"/>
            <SP HEIGHT="31.46456692913386" WIDTH="13.32283464566929" VPOS="890.3622047244095" HPOS="730.2047244094488"/>
            <String HEIGHT="31.46456692913386" WIDTH="106.01574803149606" VPOS="890.3622047244095" HPOS="690.5196850393701" CONTENT="faut" ID="tl_19_5" STYLEREFS="FONT0"/>
            <SP HEIGHT="31.46456692913386" WIDTH="13.32283464566929" VPOS="890.3622047244095" HPOS="796.5354330708661"/>
            <String HEIGHT="31.46456692913386" WIDTH="119.33858267716535" VPOS="890.3622047244095" HPOS="756.8503937007874" CONTENT="qu’il" ID="tl_19_6" STYLEREFS="FONT0"/>
            <SP HEIGHT="31.46456692913386" WIDTH="13.32283464566929" VPOS="890.3622047244095" HPOS="875.9055118110236"/>
            <String HEIGHT="31.46456692913386" WIDTH="119.33858267716535" VPOS="890.3622047244095" HPOS="836.2204724409448" CONTENT="parte" ID="tl_19_7" STYLEREFS="FONT0"/>
            <SP HEIGHT="31.46456692913386" WIDTH="13.32283464566929" VPOS="890.3622047244095" HPOS="955.5590551181102"/>
            <String HEIGHT="31.46456692913386" WIDTH="66.33070866141732" VPOS="890.3622047244095" HPOS="915.8740157480315" CONTENT="à" ID="tl_19_8" STYLEREFS="FONT0"/>
            <SP HEIGHT="31.46456692913386" WIDTH="13.32283464566929" VPOS="890.3622047244095" HPOS="981.9212598425197"/>
            <String HEIGHT="31.46456692913386" WIDTH="185.38582677165354" VPOS="890.3622047244095" HPOS="942.2362204724409" CONTENT="l’instant," ID="tl_19_9" STYLEREFS="FONT0"/>
            <SP HEIGHT="31.46456692913386" WIDTH="13.32283464566929" VPOS="890.3622047244095" HPOS="1127.6220472440946"/>
            <String HEIGHT="31.46456692913386" WIDTH="79.37007874015748" VPOS="890.3622047244095" HPOS="1087.9370078740158" CONTENT="et" ID="tl_19_10" STYLEREFS="FONT0"/>
            <SP HEIGHT="31.46456692913386" WIDTH="13.32283464566929" VPOS="890.3622047244095" HPOS="1167.3070866141732"/>
            <String HEIGHT="31.46456692913386" WIDTH="106.01574803149606" VPOS="890.3622047244095" HPOS="1127.6220472440946" CONTENT="dans" ID="tl_19_11" STYLEREFS="FONT0"/>
            <SP HEIGHT="31.46456692913386" WIDTH="13.32283464566929" VPOS="890.3622047244095" HPOS="1233.6377952755906"/>
            <String HEIGHT="31.46456692913386" WIDTH="79.37007874015748" VPOS="890.3622047244095" HPOS="1193.9527559055118" CONTENT="le" ID="tl_19_12" STYLEREFS="FONT0"/>
            <SP HEIGHT="31.46456692913386" WIDTH="13.32283464566929" VPOS="890.3622047244095" HPOS="1273.3228346456692"/>
            <String HEIGHT="31.46456692913386" WIDTH="106.01574803149606" VPOS="890.3622047244095" HPOS="1233.6377952755906" CONTENT="plus" ID="tl_19_13" STYLEREFS="FONT0"/>
            <SP HEIGHT="31.46456692913386" WIDTH="13.32283464566929" VPOS="890.3622047244095" HPOS="1339.6535433070867"/>
            <String HEIGHT="31.46456692913386" WIDTH="92.69291338582677" VPOS="890.3622047244095" HPOS="1286.6456692913387" CONTENT="grand" ID="tl_19_14" STYLEREFS="FONT0"/>
          </TextLine>
          <TextLine ID="tl_20" BASELINE="3348" HEIGHT="29.763779527559056" WIDTH="1020.4724409448819" VPOS="919.2755905511812" HPOS="360.0">
            <String HEIGHT="29.763779527559056" WIDTH="147.68503937007873" VPOS="919.2755905511812" HPOS="346.6771653543307" CONTENT="secret," ID="tl_20_1" STYLEREFS="FONT0"/>
            <SP HEIGHT="29.763779527559056" WIDTH="13.32283464566929" VPOS="919.2755905511812" HPOS="494.3622047244094"/>
            <String HEIGHT="29.763779527559056" WIDTH="107.43307086614173" VPOS="919.2755905511812" HPOS="454.1102362204724" CONTENT="pour" ID="tl_20_2" STYLEREFS="FONT0"/>
            <SP HEIGHT="29.763779527559056" WIDTH="13.32283464566929" VPOS="919.2755905511812" HPOS="561.5433070866142"/>
            <String HEIGHT="29.763779527559056" WIDTH="120.75590551181102" VPOS="919.2755905511812" HPOS="521.007874015748" CONTENT="faire" ID="tl_20_3" STYLEREFS="FONT0"/>
            <SP HEIGHT="29.763779527559056" WIDTH="13.32283464566929" VPOS="919.2755905511812" HPOS="642.0472440944882"/>
            <String HEIGHT="29.763779527559056" WIDTH="134.36220472440945" VPOS="919.2755905511812" HPOS="601.7952755905512" CONTENT="saisir" ID="tl_20_4" STYLEREFS="FONT0"/>
            <SP HEIGHT="29.763779527559056" WIDTH="13.32283464566929" VPOS="919.2755905511812" HPOS="735.8740157480315"/>
            <String HEIGHT="29.763779527559056" WIDTH="187.93700787401573" VPOS="919.2755905511812" HPOS="695.6220472440945" CONTENT="l’édition." ID="tl_20_5" STYLEREFS="FONT0"/>
            <SP HEIGHT="29.763779527559056" WIDTH="13.32283464566929" VPOS="919.2755905511812" HPOS="883.5590551181102"/>
            <String HEIGHT="29.763779527559056" WIDTH="80.50393700787401" VPOS="919.2755905511812" HPOS="843.3070866141733" CONTENT="Le" ID="tl_20_6" STYLEREFS="FONT0"/>
            <SP HEIGHT="29.763779527559056" WIDTH="13.32283464566929" VPOS="919.2755905511812" HPOS="923.8110236220473"/>
            <String HEIGHT="29.763779527559056" WIDTH="147.68503937007873" VPOS="919.2755905511812" HPOS="883.5590551181102" CONTENT="prince," ID="tl_20_7" STYLEREFS="FONT0"/>
            <SP HEIGHT="29.763779527559056" WIDTH="13.32283464566929" VPOS="919.2755905511812" HPOS="1031.244094488189"/>
            <String HEIGHT="29.763779527559056" WIDTH="120.75590551181102" VPOS="919.2755905511812" HPOS="990.992125984252" CONTENT="ayant" ID="tl_20_8" STYLEREFS="FONT0"/>
            <SP HEIGHT="29.763779527559056" WIDTH="13.32283464566929" VPOS="919.2755905511812" HPOS="1112.0314960629921"/>
            <String HEIGHT="29.763779527559056" WIDTH="107.43307086614173" VPOS="919.2755905511812" HPOS="1071.7795275590552" CONTENT="bien" ID="tl_20_9" STYLEREFS="FONT0"/>
            <SP HEIGHT="29.763779527559056" WIDTH="13.32283464566929" VPOS="919.2755905511812" HPOS="1178.9291338582677"/>
            <String HEIGHT="29.763779527559056" WIDTH="120.75590551181102" VPOS="919.2755905511812" HPOS="1138.6771653543308" CONTENT="voulu" ID="tl_20_10" STYLEREFS="FONT0"/>
            <SP HEIGHT="29.763779527559056" WIDTH="13.32283464566929" VPOS="919.2755905511812" HPOS="1259.716535433071"/>
            <String HEIGHT="29.763779527559056" WIDTH="80.50393700787401" VPOS="919.2755905511812" HPOS="1219.4645669291338" CONTENT="se" ID="tl_20_11" STYLEREFS="FONT0"/>
            <SP HEIGHT="29.763779527559056" WIDTH="13.32283464566929" VPOS="919.2755905511812" HPOS="1299.9685039370079"/>
            <String HEIGHT="29.763779527559056" WIDTH="134.36220472440945" VPOS="919.2755905511812" HPOS="1246.1102362204724" CONTENT="déclarer" ID="tl_20_12" STYLEREFS="FONT0"/>
          </TextLine>
          <TextLine ID="tl_21" BASELINE="3452" HEIGHT="31.46456692913386" WIDTH="1017.6377952755905" VPOS="947.0551181102362" HPOS="360.56692913385825">
            <String HEIGHT="31.46456692913386" WIDTH="89.85826771653544" VPOS="947.0551181102362" HPOS="345.54330708661416" CONTENT="le" ID="tl_21_1" STYLEREFS="FONT0"/>
            <SP HEIGHT="31.46456692913386" WIDTH="15.023622047244094" VPOS="947.0551181102362" HPOS="435.40157480314963"/>
            <String HEIGHT="31.46456692913386" WIDTH="149.66929133858267" VPOS="947.0551181102362" HPOS="390.61417322834643" CONTENT="patron" ID="tl_21_2" STYLEREFS="FONT0"/>
            <SP HEIGHT="31.46456692913386" WIDTH="15.023622047244094" VPOS="947.0551181102362" HPOS="540.2834645669292"/>
            <String HEIGHT="31.46456692913386" WIDTH="89.85826771653544" VPOS="947.0551181102362" HPOS="495.21259842519686" CONTENT="de" ID="tl_21_3" STYLEREFS="FONT0"/>
            <SP HEIGHT="31.46456692913386" WIDTH="15.023622047244094" VPOS="947.0551181102362" HPOS="585.0708661417323"/>
            <String HEIGHT="31.46456692913386" WIDTH="104.88188976377953" VPOS="947.0551181102362" HPOS="540.2834645669292" CONTENT="son" ID="tl_21_4" STYLEREFS="FONT0"/>
            <SP HEIGHT="31.46456692913386" WIDTH="15.023622047244094" VPOS="947.0551181102362" HPOS="644.8818897637796"/>
            <String HEIGHT="31.46456692913386" WIDTH="179.71653543307087" VPOS="947.0551181102362" HPOS="600.0944881889764" CONTENT="ouvrage," ID="tl_21_5" STYLEREFS="FONT0"/>
            <SP HEIGHT="31.46456692913386" WIDTH="15.023622047244094" VPOS="947.0551181102362" HPOS="779.5275590551181"/>
            <String HEIGHT="31.46456692913386" WIDTH="89.85826771653544" VPOS="947.0551181102362" HPOS="734.7401574803149" CONTENT="il" ID="tl_21_6" STYLEREFS="FONT0"/>
            <SP HEIGHT="31.46456692913386" WIDTH="15.023622047244094" VPOS="947.0551181102362" HPOS="824.5984251968504"/>
            <String HEIGHT="31.46456692913386" WIDTH="104.88188976377953" VPOS="947.0551181102362" HPOS="779.5275590551181" CONTENT="lui" ID="tl_21_7" STYLEREFS="FONT0"/>
            <SP HEIGHT="31.46456692913386" WIDTH="15.023622047244094" VPOS="947.0551181102362" HPOS="884.4094488188977"/>
            <String HEIGHT="31.46456692913386" WIDTH="164.69291338582678" VPOS="947.0551181102362" HPOS="839.3385826771654" CONTENT="demande" ID="tl_21_8" STYLEREFS="FONT0"/>
            <SP HEIGHT="31.46456692913386" WIDTH="15.023622047244094" VPOS="947.0551181102362" HPOS="1004.0314960629921"/>
            <String HEIGHT="31.46456692913386" WIDTH="119.62204724409449" VPOS="947.0551181102362" HPOS="959.2440944881889" CONTENT="deux" ID="tl_21_9" STYLEREFS="FONT0"/>
            <SP HEIGHT="31.46456692913386" WIDTH="15.023622047244094" VPOS="947.0551181102362" HPOS="1078.8661417322835"/>
            <String HEIGHT="31.46456692913386" WIDTH="119.62204724409449" VPOS="947.0551181102362" HPOS="1034.0787401574803" CONTENT="mots" ID="tl_21_10" STYLEREFS="FONT0"/>
            <SP HEIGHT="31.46456692913386" WIDTH="15.023622047244094" VPOS="947.0551181102362" HPOS="1153.7007874015749"/>
            <String HEIGHT="31.46456692913386" WIDTH="89.85826771653544" VPOS="947.0551181102362" HPOS="1108.9133858267717" CONTENT="de" ID="tl_21_11" STYLEREFS="FONT0"/>
            <SP HEIGHT="31.46456692913386" WIDTH="15.023622047244094" VPOS="947.0551181102362" HPOS="1198.4881889763778"/>
            <String HEIGHT="31.46456692913386" WIDTH="239.5275590551181" VPOS="947.0551181102362" HPOS="1138.6771653543308" CONTENT="recommandation" ID="tl_21_12" STYLEREFS="FONT0"/>
          </TextLine>
          <TextLine ID="tl_22" BASELINE="3552" HEIGHT="30.330708661417322" WIDTH="846.992125984252" VPOS="976.5354330708661" HPOS="360.0">
            <String HEIGHT="30.330708661417322" WIDTH="106.01574803149606" VPOS="976.5354330708661" HPOS="346.6771653543307" CONTENT="pour" ID="tl_22_1" STYLEREFS="FONT0"/>
            <SP HEIGHT="30.330708661417322" WIDTH="13.32283464566929" VPOS="976.5354330708661" HPOS="452.6929133858268"/>
            <String HEIGHT="30.330708661417322" WIDTH="79.37007874015748" VPOS="976.5354330708661" HPOS="413.00787401574803" CONTENT="le" ID="tl_22_2" STYLEREFS="FONT0"/>
            <SP HEIGHT="30.330708661417322" WIDTH="13.32283464566929" VPOS="976.5354330708661" HPOS="492.37795275590554"/>
            <String HEIGHT="30.330708661417322" WIDTH="132.3779527559055" VPOS="976.5354330708661" HPOS="452.6929133858268" CONTENT="préfet" ID="tl_22_3" STYLEREFS="FONT0"/>
            <SP HEIGHT="30.330708661417322" WIDTH="13.32283464566929" VPOS="976.5354330708661" HPOS="585.0708661417323"/>
            <String HEIGHT="30.330708661417322" WIDTH="79.37007874015748" VPOS="976.5354330708661" HPOS="545.3858267716536" CONTENT="de" ID="tl_22_4" STYLEREFS="FONT0"/>
            <SP HEIGHT="30.330708661417322" WIDTH="13.32283464566929" VPOS="976.5354330708661" HPOS="624.7559055118111"/>
            <String HEIGHT="30.330708661417322" WIDTH="172.06299212598427" VPOS="976.5354330708661" HPOS="585.0708661417323" CONTENT="Vaucluse," ID="tl_22_5" STYLEREFS="FONT0"/>
            <SP HEIGHT="30.330708661417322" WIDTH="13.32283464566929" VPOS="976.5354330708661" HPOS="757.1338582677165"/>
            <String HEIGHT="30.330708661417322" WIDTH="106.01574803149606" VPOS="976.5354330708661" HPOS="717.4488188976378" CONTENT="afin" ID="tl_22_6" STYLEREFS="FONT0"/>
            <SP HEIGHT="30.330708661417322" WIDTH="13.32283464566929" VPOS="976.5354330708661" HPOS="823.1811023622047"/>
            <String HEIGHT="30.330708661417322" WIDTH="172.06299212598427" VPOS="976.5354330708661" HPOS="783.496062992126" CONTENT="d’obtenir" ID="tl_22_7" STYLEREFS="FONT0"/>
            <SP HEIGHT="30.330708661417322" WIDTH="13.32283464566929" VPOS="976.5354330708661" HPOS="955.5590551181102"/>
            <String HEIGHT="30.330708661417322" WIDTH="145.70078740157481" VPOS="976.5354330708661" HPOS="915.8740157480315" CONTENT="prompte" ID="tl_22_8" STYLEREFS="FONT0"/>
            <SP HEIGHT="30.330708661417322" WIDTH="13.32283464566929" VPOS="976.5354330708661" HPOS="1061.291338582677"/>
            <String HEIGHT="30.330708661417322" WIDTH="158.74015748031496" VPOS="976.5354330708661" HPOS="1021.6062992125984" CONTENT="justice," ID="tl_22_9" STYLEREFS="FONT0"/>
            <SP HEIGHT="30.330708661417322" WIDTH="13.32283464566929" VPOS="976.5354330708661" HPOS="1180.6299212598426"/>
            <String HEIGHT="30.330708661417322" WIDTH="79.37007874015748" VPOS="976.5354330708661" HPOS="1127.6220472440946" CONTENT="etc." ID="tl_22_10" STYLEREFS="FONT0"/>
          </TextLine>
        </TextBlock>
        <TextBlock ID="r_1_11" HEIGHT="41.669291338582674" WIDTH="1103.244094488189" VPOS="1026.1417322834645" HPOS="270.70866141732284">
          <TextLine ID="tl_23" BASELINE="3766" HEIGHT="41.10236220472441" WIDTH="1102.6771653543308" VPOS="1026.4251968503936" HPOS="270.99212598425197">
            <String HEIGHT="41.10236220472441" WIDTH="126.4251968503937" VPOS="1026.4251968503936" HPOS="252.8503937007874" CONTENT="77." ID="tl_23_1" STYLEREFS="FONT0"/>
            <SP HEIGHT="41.10236220472441" WIDTH="18.141732283464567" VPOS="1026.4251968503936" HPOS="379.5590551181102"/>
            <String HEIGHT="41.10236220472441" WIDTH="325.4173228346457" VPOS="1026.4251968503936" HPOS="325.13385826771656" CONTENT="CHAUDET" ID="tl_23_2" STYLEREFS="FONT1"/>
            <SP HEIGHT="41.10236220472441" WIDTH="18.141732283464567" VPOS="1026.4251968503936" HPOS="650.5511811023622"/>
            <String HEIGHT="41.10236220472441" WIDTH="307.2755905511811" VPOS="1026.4251968503936" HPOS="596.4094488188977" CONTENT="(Ant.-Denis)," ID="tl_23_3" STYLEREFS="FONT0"/>
            <SP HEIGHT="41.10236220472441" WIDTH="18.141732283464567" VPOS="1026.4251968503936" HPOS="903.6850393700787"/>
            <String HEIGHT="41.10236220472441" WIDTH="253.13385826771653" VPOS="1026.4251968503936" HPOS="849.5433070866142" CONTENT="statuaire." ID="tl_23_4" STYLEREFS="FONT0"/>
            <SP HEIGHT="41.10236220472441" WIDTH="18.141732283464567" VPOS="1026.4251968503936" HPOS="1102.3937007874015"/>
            <String HEIGHT="41.10236220472441" WIDTH="108.56692913385827" VPOS="1026.4251968503936" HPOS="1048.251968503937" CONTENT="N." ID="tl_23_5" STYLEREFS="FONT0"/>
            <SP HEIGHT="41.10236220472441" WIDTH="18.141732283464567" VPOS="1026.4251968503936" HPOS="1156.8188976377953"/>
            <String HEIGHT="41.10236220472441" WIDTH="162.70866141732284" VPOS="1026.4251968503936" HPOS="1102.3937007874015" CONTENT="1763." ID="tl_23_6" STYLEREFS="FONT0"/>
            <SP HEIGHT="41.10236220472441" WIDTH="18.141732283464567" VPOS="1026.4251968503936" HPOS="1265.1023622047244"/>
            <String HEIGHT="41.10236220472441" WIDTH="108.56692913385827" VPOS="1026.4251968503936" HPOS="1210.9606299212599" CONTENT="M." ID="tl_23_7" STYLEREFS="FONT0"/>
            <SP HEIGHT="41.10236220472441" WIDTH="18.141732283464567" VPOS="1026.4251968503936" HPOS="1319.5275590551182"/>
            <String HEIGHT="41.10236220472441" WIDTH="126.4251968503937" VPOS="1026.4251968503936" HPOS="1247.244094488189" CONTENT="1810." ID="tl_23_8" STYLEREFS="FONT0"/>
          </TextLine>
        </TextBlock>
        <TextBlock ID="r_1_12" HEIGHT="34.86614173228347" WIDTH="983.6220472440945" VPOS="1069.2283464566929" HPOS="394.86614173228344">
          <TextLine ID="tl_24" BASELINE="3894" HEIGHT="34.2992125984252" WIDTH="983.0551181102362" VPOS="1069.5118110236222" HPOS="395.1496062992126">
            <String HEIGHT="34.2992125984252" WIDTH="88.15748031496064" VPOS="1069.5118110236222" HPOS="380.40944881889766" CONTENT="L." ID="tl_24_1" STYLEREFS="FONT0"/>
            <SP HEIGHT="34.2992125984252" WIDTH="14.740157480314961" VPOS="1069.5118110236222" HPOS="468.56692913385825"/>
            <String HEIGHT="34.2992125984252" WIDTH="117.35433070866142" VPOS="1069.5118110236222" HPOS="424.62992125984255" CONTENT="aut." ID="tl_24_2" STYLEREFS="FONT0"/>
            <SP HEIGHT="34.2992125984252" WIDTH="14.740157480314961" VPOS="1069.5118110236222" HPOS="541.9842519685039"/>
            <String HEIGHT="34.2992125984252" WIDTH="132.09448818897638" VPOS="1069.5118110236222" HPOS="497.76377952755905" CONTENT="sig.," ID="tl_24_3" STYLEREFS="FONT0"/>
            <SP HEIGHT="34.2992125984252" WIDTH="14.740157480314961" VPOS="1069.5118110236222" HPOS="629.8582677165355"/>
            <String HEIGHT="34.2992125984252" WIDTH="88.15748031496064" VPOS="1069.5118110236222" HPOS="585.9212598425197" CONTENT="au" ID="tl_24_4" STYLEREFS="FONT0"/>
            <SP HEIGHT="34.2992125984252" WIDTH="14.740157480314961" VPOS="1069.5118110236222" HPOS="673.7952755905512"/>
            <String HEIGHT="34.2992125984252" WIDTH="176.03149606299212" VPOS="1069.5118110236222" HPOS="629.8582677165355" CONTENT="ministre" ID="tl_24_5" STYLEREFS="FONT0"/>
            <SP HEIGHT="34.2992125984252" WIDTH="14.740157480314961" VPOS="1069.5118110236222" HPOS="805.8897637795276"/>
            <String HEIGHT="34.2992125984252" WIDTH="176.03149606299212" VPOS="1069.5118110236222" HPOS="761.9527559055118" CONTENT="Chaptal." ID="tl_24_6" STYLEREFS="FONT0"/>
            <SP HEIGHT="34.2992125984252" WIDTH="14.740157480314961" VPOS="1069.5118110236222" HPOS="937.9842519685039"/>
            <String HEIGHT="34.2992125984252" WIDTH="88.15748031496064" VPOS="1069.5118110236222" HPOS="894.0472440944882" CONTENT="24" ID="tl_24_7" STYLEREFS="FONT0"/>
            <SP HEIGHT="34.2992125984252" WIDTH="14.740157480314961" VPOS="1069.5118110236222" HPOS="981.9212598425197"/>
            <String HEIGHT="34.2992125984252" WIDTH="132.09448818897638" VPOS="1069.5118110236222" HPOS="937.9842519685039" CONTENT="pluv." ID="tl_24_8" STYLEREFS="FONT0"/>
            <SP HEIGHT="34.2992125984252" WIDTH="14.740157480314961" VPOS="1069.5118110236222" HPOS="1070.0787401574803"/>
            <String HEIGHT="34.2992125984252" WIDTH="88.15748031496064" VPOS="1069.5118110236222" HPOS="1026.1417322834645" CONTENT="an" ID="tl_24_9" STYLEREFS="FONT0"/>
            <SP HEIGHT="34.2992125984252" WIDTH="14.740157480314961" VPOS="1069.5118110236222" HPOS="1114.015748031496"/>
            <String HEIGHT="34.2992125984252" WIDTH="102.61417322834646" VPOS="1069.5118110236222" HPOS="1070.0787401574803" CONTENT="XI." ID="tl_24_10" STYLEREFS="FONT0"/>
            <SP HEIGHT="34.2992125984252" WIDTH="14.740157480314961" VPOS="1069.5118110236222" HPOS="1172.6929133858268"/>
            <String HEIGHT="34.2992125984252" WIDTH="73.41732283464567" VPOS="1069.5118110236222" HPOS="1128.755905511811" CONTENT="2" ID="tl_24_11" STYLEREFS="FONT0"/>
            <SP HEIGHT="34.2992125984252" WIDTH="14.740157480314961" VPOS="1069.5118110236222" HPOS="1202.1732283464567"/>
            <String HEIGHT="34.2992125984252" WIDTH="117.35433070866142" VPOS="1069.5118110236222" HPOS="1158.236220472441" CONTENT="pag." ID="tl_24_12" STYLEREFS="FONT0"/>
            <SP HEIGHT="34.2992125984252" WIDTH="14.740157480314961" VPOS="1069.5118110236222" HPOS="1275.5905511811025"/>
            <String HEIGHT="34.2992125984252" WIDTH="161.29133858267716" VPOS="1069.5118110236222" HPOS="1216.9133858267717" CONTENT="in" ID="tl_24_13" STYLEREFS="FONT0"/>
          </TextLine>
        </TextBlock>
        <TextBlock ID="r_1_13" HEIGHT="86.45669291338582" WIDTH="1021.8897637795276" VPOS="1102.1102362204724" HPOS="358.86614173228344">
          <TextLine ID="tl_25" BASELINE="3986" HEIGHT="27.496062992125985" WIDTH="993.2598425196851" VPOS="1102.3937007874015" HPOS="387.21259842519686">
            <String HEIGHT="27.496062992125985" WIDTH="143.71653543307087" VPOS="1102.3937007874015" HPOS="374.1732283464567" CONTENT="Détails" ID="tl_25_1" STYLEREFS="FONT0"/>
            <SP HEIGHT="27.496062992125985" WIDTH="13.039370078740157" VPOS="1102.3937007874015" HPOS="517.8897637795276"/>
            <String HEIGHT="27.496062992125985" WIDTH="143.71653543307087" VPOS="1102.3937007874015" HPOS="478.7716535433071" CONTENT="curieux" ID="tl_25_2" STYLEREFS="FONT0"/>
            <SP HEIGHT="27.496062992125985" WIDTH="13.039370078740157" VPOS="1102.3937007874015" HPOS="622.488188976378"/>
            <String HEIGHT="27.496062992125985" WIDTH="78.51968503937007" VPOS="1102.3937007874015" HPOS="583.3700787401575" CONTENT="et" ID="tl_25_3" STYLEREFS="FONT0"/>
            <SP HEIGHT="27.496062992125985" WIDTH="13.039370078740157" VPOS="1102.3937007874015" HPOS="661.6062992125984"/>
            <String HEIGHT="27.496062992125985" WIDTH="300.4724409448819" VPOS="1102.3937007874015" HPOS="622.488188976378" CONTENT="très-circonstanciés" ID="tl_25_4" STYLEREFS="FONT0"/>
            <SP HEIGHT="27.496062992125985" WIDTH="13.039370078740157" VPOS="1102.3937007874015" HPOS="922.9606299212599"/>
            <String HEIGHT="27.496062992125985" WIDTH="156.75590551181102" VPOS="1102.3937007874015" HPOS="883.8425196850394" CONTENT="relatifs" ID="tl_25_5" STYLEREFS="FONT0"/>
            <SP HEIGHT="27.496062992125985" WIDTH="13.039370078740157" VPOS="1102.3937007874015" HPOS="1040.5984251968505"/>
            <String HEIGHT="27.496062992125985" WIDTH="65.48031496062993" VPOS="1102.3937007874015" HPOS="1001.4803149606299" CONTENT="à" ID="tl_25_6" STYLEREFS="FONT0"/>
            <SP HEIGHT="27.496062992125985" WIDTH="13.039370078740157" VPOS="1102.3937007874015" HPOS="1066.6771653543308"/>
            <String HEIGHT="27.496062992125985" WIDTH="78.51968503937007" VPOS="1102.3937007874015" HPOS="1027.5590551181103" CONTENT="la" ID="tl_25_7" STYLEREFS="FONT0"/>
            <SP HEIGHT="27.496062992125985" WIDTH="13.039370078740157" VPOS="1102.3937007874015" HPOS="1106.0787401574803"/>
            <String HEIGHT="27.496062992125985" WIDTH="130.6771653543307" VPOS="1102.3937007874015" HPOS="1066.6771653543308" CONTENT="statue" ID="tl_25_8" STYLEREFS="FONT0"/>
            <SP HEIGHT="27.496062992125985" WIDTH="13.039370078740157" VPOS="1102.3937007874015" HPOS="1197.6377952755906"/>
            <String HEIGHT="27.496062992125985" WIDTH="78.51968503937007" VPOS="1102.3937007874015" HPOS="1158.236220472441" CONTENT="de" ID="tl_25_9" STYLEREFS="FONT0"/>
            <SP HEIGHT="27.496062992125985" WIDTH="13.039370078740157" VPOS="1102.3937007874015" HPOS="1236.755905511811"/>
            <String HEIGHT="27.496062992125985" WIDTH="78.51968503937007" VPOS="1102.3937007874015" HPOS="1197.6377952755906" CONTENT="la" ID="tl_25_10" STYLEREFS="FONT0"/>
            <SP HEIGHT="27.496062992125985" WIDTH="13.039370078740157" VPOS="1102.3937007874015" HPOS="1275.8740157480315"/>
            <String HEIGHT="27.496062992125985" WIDTH="117.63779527559055" VPOS="1102.3937007874015" HPOS="1236.755905511811" CONTENT="Paix," ID="tl_25_11" STYLEREFS="FONT0"/>
            <SP HEIGHT="27.496062992125985" WIDTH="13.039370078740157" VPOS="1102.3937007874015" HPOS="1354.3937007874015"/>
            <String HEIGHT="27.496062992125985" WIDTH="78.51968503937007" VPOS="1102.3937007874015" HPOS="1301.9527559055118" CONTENT="dont" ID="tl_25_12" STYLEREFS="FONT0"/>
          </TextLine>
          <TextLine ID="tl_26" BASELINE="4100" HEIGHT="30.89763779527559" WIDTH="1020.1889763779527" VPOS="1131.3070866141732" HPOS="359.1496062992126">
            <String HEIGHT="30.89763779527559" WIDTH="206.9291338582677" VPOS="1131.3070866141732" HPOS="345.25984251968504" CONTENT="l’exécution" ID="tl_26_1" STYLEREFS="FONT0"/>
            <SP HEIGHT="30.89763779527559" WIDTH="13.88976377952756" VPOS="1131.3070866141732" HPOS="552.1889763779527"/>
            <String HEIGHT="30.89763779527559" WIDTH="124.15748031496064" VPOS="1131.3070866141732" HPOS="510.8031496062992" CONTENT="vient" ID="tl_26_2" STYLEREFS="FONT0"/>
            <SP HEIGHT="30.89763779527559" WIDTH="13.88976377952756" VPOS="1131.3070866141732" HPOS="634.9606299212599"/>
            <String HEIGHT="30.89763779527559" WIDTH="82.77165354330708" VPOS="1131.3070866141732" HPOS="593.5748031496063" CONTENT="de" ID="tl_26_3" STYLEREFS="FONT0"/>
            <SP HEIGHT="30.89763779527559" WIDTH="13.88976377952756" VPOS="1131.3070866141732" HPOS="676.3464566929134"/>
            <String HEIGHT="30.89763779527559" WIDTH="96.37795275590551" VPOS="1131.3070866141732" HPOS="634.9606299212599" CONTENT="lui" ID="tl_26_4" STYLEREFS="FONT0"/>
            <SP HEIGHT="30.89763779527559" WIDTH="13.88976377952756" VPOS="1131.3070866141732" HPOS="731.3385826771654"/>
            <String HEIGHT="30.89763779527559" WIDTH="110.26771653543307" VPOS="1131.3070866141732" HPOS="689.9527559055118" CONTENT="être" ID="tl_26_5" STYLEREFS="FONT0"/>
            <SP HEIGHT="30.89763779527559" WIDTH="13.88976377952756" VPOS="1131.3070866141732" HPOS="800.2204724409448"/>
            <String HEIGHT="30.89763779527559" WIDTH="165.54330708661416" VPOS="1131.3070866141732" HPOS="758.8346456692914" CONTENT="confiée;" ID="tl_26_6" STYLEREFS="FONT0"/>
            <SP HEIGHT="30.89763779527559" WIDTH="13.88976377952756" VPOS="1131.3070866141732" HPOS="924.3779527559055"/>
            <String HEIGHT="30.89763779527559" WIDTH="110.26771653543307" VPOS="1131.3070866141732" HPOS="882.992125984252" CONTENT="avec" ID="tl_26_7" STYLEREFS="FONT0"/>
            <SP HEIGHT="30.89763779527559" WIDTH="13.88976377952756" VPOS="1131.3070866141732" HPOS="993.2598425196851"/>
            <String HEIGHT="30.89763779527559" WIDTH="82.77165354330708" VPOS="1131.3070866141732" HPOS="951.8740157480315" CONTENT="la" ID="tl_26_8" STYLEREFS="FONT0"/>
            <SP HEIGHT="30.89763779527559" WIDTH="13.88976377952756" VPOS="1131.3070866141732" HPOS="1034.6456692913387"/>
            <String HEIGHT="30.89763779527559" WIDTH="151.6535433070866" VPOS="1131.3070866141732" HPOS="993.2598425196851" CONTENT="réponse" ID="tl_26_9" STYLEREFS="FONT0"/>
            <SP HEIGHT="30.89763779527559" WIDTH="13.88976377952756" VPOS="1131.3070866141732" HPOS="1144.9133858267717"/>
            <String HEIGHT="30.89763779527559" WIDTH="82.77165354330708" VPOS="1131.3070866141732" HPOS="1103.5275590551182" CONTENT="du" ID="tl_26_10" STYLEREFS="FONT0"/>
            <SP HEIGHT="30.89763779527559" WIDTH="13.88976377952756" VPOS="1131.3070866141732" HPOS="1186.2992125984251"/>
            <String HEIGHT="30.89763779527559" WIDTH="165.54330708661416" VPOS="1131.3070866141732" HPOS="1144.9133858267717" CONTENT="ministre" ID="tl_26_11" STYLEREFS="FONT0"/>
            <SP HEIGHT="30.89763779527559" WIDTH="13.88976377952756" VPOS="1131.3070866141732" HPOS="1310.4566929133857"/>
            <String HEIGHT="30.89763779527559" WIDTH="124.15748031496064" VPOS="1131.3070866141732" HPOS="1255.1811023622047" CONTENT="Chaptal" ID="tl_26_12" STYLEREFS="FONT0"/>
          </TextLine>
          <TextLine ID="tl_27" BASELINE="4192" HEIGHT="28.062992125984252" WIDTH="258.5196850393701" VPOS="1160.2204724409448" HPOS="359.7165354330709">
            <String HEIGHT="28.062992125984252" WIDTH="73.98425196850394" VPOS="1160.2204724409448" HPOS="347.5275590551181" CONTENT="en" ID="tl_27_1" STYLEREFS="FONT0"/>
            <SP HEIGHT="28.062992125984252" WIDTH="12.188976377952756" VPOS="1160.2204724409448" HPOS="421.2283464566929"/>
            <String HEIGHT="28.062992125984252" WIDTH="98.36220472440945" VPOS="1160.2204724409448" HPOS="384.37795275590554" CONTENT="tête" ID="tl_27_2" STYLEREFS="FONT0"/>
            <SP HEIGHT="28.062992125984252" WIDTH="12.188976377952756" VPOS="1160.2204724409448" HPOS="482.74015748031496"/>
            <String HEIGHT="28.062992125984252" WIDTH="73.98425196850394" VPOS="1160.2204724409448" HPOS="445.8897637795276" CONTENT="de" ID="tl_27_3" STYLEREFS="FONT0"/>
            <SP HEIGHT="28.062992125984252" WIDTH="12.188976377952756" VPOS="1160.2204724409448" HPOS="519.8740157480315"/>
            <String HEIGHT="28.062992125984252" WIDTH="73.98425196850394" VPOS="1160.2204724409448" HPOS="482.74015748031496" CONTENT="la" ID="tl_27_4" STYLEREFS="FONT0"/>
            <SP HEIGHT="28.062992125984252" WIDTH="12.188976377952756" VPOS="1160.2204724409448" HPOS="556.7244094488188"/>
            <String HEIGHT="28.062992125984252" WIDTH="110.83464566929133" VPOS="1160.2204724409448" HPOS="507.40157480314963" CONTENT="lettre," ID="tl_27_5" STYLEREFS="FONT0"/>
          </TextLine>
        </TextBlock>
        <TextBlock ID="r_1_14" HEIGHT="48.47244094488189" WIDTH="1111.748031496063" VPOS="1205.291338582677" HPOS="268.7244094488189">
          <TextLine ID="tl_28" BASELINE="4422" HEIGHT="47.90551181102362" WIDTH="1111.1811023622047" VPOS="1205.5748031496064" HPOS="269.00787401574803">
            <String HEIGHT="47.90551181102362" WIDTH="134.07874015748033" VPOS="1205.5748031496064" HPOS="249.73228346456693" CONTENT="78." ID="tl_28_1" STYLEREFS="FONT0"/>
            <SP HEIGHT="47.90551181102362" WIDTH="19.275590551181104" VPOS="1205.5748031496064" HPOS="384.09448818897636"/>
            <String HEIGHT="47.90551181102362" WIDTH="344.9763779527559" VPOS="1205.5748031496064" HPOS="326.5511811023622" CONTENT="CHÉNIER" ID="tl_28_2" STYLEREFS="FONT1"/>
            <SP HEIGHT="47.90551181102362" WIDTH="19.275590551181104" VPOS="1205.5748031496064" HPOS="671.2440944881889"/>
            <String HEIGHT="47.90551181102362" WIDTH="363.9685039370079" VPOS="1205.5748031496064" HPOS="613.9842519685039" CONTENT="(Marie-Joseph)," ID="tl_28_3" STYLEREFS="FONT0"/>
            <SP HEIGHT="47.90551181102362" WIDTH="19.275590551181104" VPOS="1205.5748031496064" HPOS="977.9527559055118"/>
            <String HEIGHT="47.90551181102362" WIDTH="344.9763779527559" VPOS="1205.5748031496064" HPOS="920.4094488188977" CONTENT="conventionnel," ID="tl_28_4" STYLEREFS="FONT0"/>
            <SP HEIGHT="47.90551181102362" WIDTH="19.275590551181104" VPOS="1205.5748031496064" HPOS="1265.1023622047244"/>
            <String HEIGHT="47.90551181102362" WIDTH="172.3464566929134" VPOS="1205.5748031496064" HPOS="1207.8425196850394" CONTENT="poëte" ID="tl_28_5" STYLEREFS="FONT0"/>
            <SP HEIGHT="47.90551181102362" WIDTH="19.275590551181104" VPOS="1205.5748031496064" HPOS="1380.1889763779527"/>
            <String HEIGHT="47.90551181102362" WIDTH="76.53543307086615" VPOS="1205.5748031496064" HPOS="1303.6535433070867" CONTENT="et" ID="tl_28_6" STYLEREFS="FONT0"/>
          </TextLine>
        </TextBlock>
        <TextBlock ID="r_1_15" HEIGHT="34.86614173228347" WIDTH="973.9842519685039" VPOS="1254.6141732283465" HPOS="404.78740157480314">
          <TextLine ID="tl_29" BASELINE="4548" HEIGHT="34.2992125984252" WIDTH="973.4173228346457" VPOS="1254.8976377952756" HPOS="405.07086614173227">
            <String HEIGHT="34.2992125984252" WIDTH="519.0236220472441" VPOS="1254.8976377952756" HPOS="372.755905511811" CONTENT="littérateur." ID="tl_29_1" STYLEREFS="FONT0"/>
            <SP HEIGHT="34.2992125984252" WIDTH="32.31496062992126" VPOS="1254.8976377952756" HPOS="891.7795275590552"/>
            <String HEIGHT="34.2992125984252" WIDTH="194.74015748031496" VPOS="1254.8976377952756" HPOS="794.5511811023622" CONTENT="N." ID="tl_29_2" STYLEREFS="FONT0"/>
            <SP HEIGHT="34.2992125984252" WIDTH="32.31496062992126" VPOS="1254.8976377952756" HPOS="989.007874015748"/>
            <String HEIGHT="34.2992125984252" WIDTH="291.9685039370079" VPOS="1254.8976377952756" HPOS="891.7795275590552" CONTENT="1764." ID="tl_29_3" STYLEREFS="FONT0"/>
            <SP HEIGHT="34.2992125984252" WIDTH="32.31496062992126" VPOS="1254.8976377952756" HPOS="1183.748031496063"/>
            <String HEIGHT="34.2992125984252" WIDTH="194.74015748031496" VPOS="1254.8976377952756" HPOS="1086.5196850393702" CONTENT="M." ID="tl_29_4" STYLEREFS="FONT0"/>
            <SP HEIGHT="34.2992125984252" WIDTH="32.31496062992126" VPOS="1254.8976377952756" HPOS="1281.259842519685"/>
            <String HEIGHT="34.2992125984252" WIDTH="227.0551181102362" VPOS="1254.8976377952756" HPOS="1151.4330708661416" CONTENT="1811." ID="tl_29_5" STYLEREFS="FONT0"/>
          </TextLine>
        </TextBlock>
        <TextBlock ID="r_1_16" HEIGHT="35.43307086614173" WIDTH="881.5748031496063" VPOS="1298.267716535433" HPOS="394.5826771653543">
          <TextLine ID="tl_30" BASELINE="4704" HEIGHT="34.86614173228347" WIDTH="881.007874015748" VPOS="1298.5511811023623" HPOS="394.86614173228344">
            <String HEIGHT="34.86614173228347" WIDTH="130.11023622047244" VPOS="1298.5511811023623" HPOS="380.40944881889766" CONTENT="Pièce" ID="tl_30_1" STYLEREFS="FONT0"/>
            <SP HEIGHT="34.86614173228347" WIDTH="14.456692913385826" VPOS="1298.5511811023623" HPOS="510.5196850393701"/>
            <String HEIGHT="34.86614173228347" WIDTH="115.65354330708661" VPOS="1298.5511811023623" HPOS="467.1496062992126" CONTENT="aut." ID="tl_30_2" STYLEREFS="FONT0"/>
            <SP HEIGHT="34.86614173228347" WIDTH="14.456692913385826" VPOS="1298.5511811023623" HPOS="582.5196850393701"/>
            <String HEIGHT="34.86614173228347" WIDTH="130.11023622047244" VPOS="1298.5511811023623" HPOS="539.4330708661417" CONTENT="sig.," ID="tl_30_3" STYLEREFS="FONT0"/>
            <SP HEIGHT="34.86614173228347" WIDTH="14.456692913385826" VPOS="1298.5511811023623" HPOS="669.2598425196851"/>
            <String HEIGHT="34.86614173228347" WIDTH="86.74015748031496" VPOS="1298.5511811023623" HPOS="625.8897637795276" CONTENT="en" ID="tl_30_4" STYLEREFS="FONT0"/>
            <SP HEIGHT="34.86614173228347" WIDTH="14.456692913385826" VPOS="1298.5511811023623" HPOS="712.6299212598425"/>
            <String HEIGHT="34.86614173228347" WIDTH="115.65354330708661" VPOS="1298.5511811023623" HPOS="669.2598425196851" CONTENT="date" ID="tl_30_5" STYLEREFS="FONT0"/>
            <SP HEIGHT="34.86614173228347" WIDTH="14.456692913385826" VPOS="1298.5511811023623" HPOS="784.9133858267717"/>
            <String HEIGHT="34.86614173228347" WIDTH="86.74015748031496" VPOS="1298.5511811023623" HPOS="741.5433070866142" CONTENT="du" ID="tl_30_6" STYLEREFS="FONT0"/>
            <SP HEIGHT="34.86614173228347" WIDTH="14.456692913385826" VPOS="1298.5511811023623" HPOS="828.2834645669292"/>
            <String HEIGHT="34.86614173228347" WIDTH="101.19685039370079" VPOS="1298.5511811023623" HPOS="784.9133858267717" CONTENT="1er" ID="tl_30_7" STYLEREFS="FONT0"/>
            <SP HEIGHT="34.86614173228347" WIDTH="14.456692913385826" VPOS="1298.5511811023623" HPOS="885.8267716535433"/>
            <String HEIGHT="34.86614173228347" WIDTH="158.74015748031496" VPOS="1298.5511811023623" HPOS="842.4566929133858" CONTENT="ventôse" ID="tl_30_8" STYLEREFS="FONT0"/>
            <SP HEIGHT="34.86614173228347" WIDTH="14.456692913385826" VPOS="1298.5511811023623" HPOS="1001.4803149606299"/>
            <String HEIGHT="34.86614173228347" WIDTH="86.74015748031496" VPOS="1298.5511811023623" HPOS="958.1102362204724" CONTENT="an" ID="tl_30_9" STYLEREFS="FONT0"/>
            <SP HEIGHT="34.86614173228347" WIDTH="14.456692913385826" VPOS="1298.5511811023623" HPOS="1044.8503937007874"/>
            <String HEIGHT="34.86614173228347" WIDTH="130.11023622047244" VPOS="1298.5511811023623" HPOS="1001.4803149606299" CONTENT="VIII." ID="tl_30_10" STYLEREFS="FONT0"/>
            <SP HEIGHT="34.86614173228347" WIDTH="14.456692913385826" VPOS="1298.5511811023623" HPOS="1131.3070866141732"/>
            <String HEIGHT="34.86614173228347" WIDTH="72.28346456692914" VPOS="1298.5511811023623" HPOS="1088.2204724409448" CONTENT="1" ID="tl_30_11" STYLEREFS="FONT0"/>
            <SP HEIGHT="34.86614173228347" WIDTH="14.456692913385826" VPOS="1298.5511811023623" HPOS="1160.2204724409448"/>
            <String HEIGHT="34.86614173228347" WIDTH="115.65354330708661" VPOS="1298.5511811023623" HPOS="1117.1338582677165" CONTENT="page" ID="tl_30_12" STYLEREFS="FONT0"/>
            <SP HEIGHT="34.86614173228347" WIDTH="14.456692913385826" VPOS="1298.5511811023623" HPOS="1232.5039370078741"/>
            <String HEIGHT="34.86614173228347" WIDTH="101.19685039370079" VPOS="1298.5511811023623" HPOS="1174.6771653543308" CONTENT="in" ID="tl_30_13" STYLEREFS="FONT0"/>
          </TextLine>
        </TextBlock>
        <TextBlock ID="r_1_17" HEIGHT="87.30708661417323" WIDTH="1022.1732283464567" VPOS="1331.1496062992126" HPOS="360.56692913385825">
          <TextLine ID="tl_31" BASELINE="4824" HEIGHT="36.0" WIDTH="993.8267716535433" VPOS="1331.4330708661416" HPOS="388.62992125984255">
            <String HEIGHT="36.0" WIDTH="82.77165354330708" VPOS="1331.4330708661416" HPOS="374.74015748031496" CONTENT="II" ID="tl_31_1" STYLEREFS="FONT0"/>
            <SP HEIGHT="36.0" WIDTH="13.88976377952756" VPOS="1331.4330708661416" HPOS="457.51181102362204"/>
            <String HEIGHT="36.0" WIDTH="151.93700787401573" VPOS="1331.4330708661416" HPOS="416.12598425196853" CONTENT="propose" ID="tl_31_2" STYLEREFS="FONT0"/>
            <SP HEIGHT="36.0" WIDTH="13.88976377952756" VPOS="1331.4330708661416" HPOS="568.0629921259842"/>
            <String HEIGHT="36.0" WIDTH="68.88188976377953" VPOS="1331.4330708661416" HPOS="526.6771653543307" CONTENT="à" ID="tl_31_3" STYLEREFS="FONT0"/>
            <SP HEIGHT="36.0" WIDTH="13.88976377952756" VPOS="1331.4330708661416" HPOS="595.5590551181102"/>
            <String HEIGHT="36.0" WIDTH="276.09448818897636" VPOS="1331.4330708661416" HPOS="554.1732283464567" CONTENT="l’administration" ID="tl_31_4" STYLEREFS="FONT0"/>
            <SP HEIGHT="36.0" WIDTH="13.88976377952756" VPOS="1331.4330708661416" HPOS="830.2677165354331"/>
            <String HEIGHT="36.0" WIDTH="82.77165354330708" VPOS="1331.4330708661416" HPOS="788.8818897637796" CONTENT="du" ID="tl_31_5" STYLEREFS="FONT0"/>
            <SP HEIGHT="36.0" WIDTH="13.88976377952756" VPOS="1331.4330708661416" HPOS="871.6535433070866"/>
            <String HEIGHT="36.0" WIDTH="206.9291338582677" VPOS="1331.4330708661416" HPOS="830.2677165354331" CONTENT="département" ID="tl_31_6" STYLEREFS="FONT0"/>
            <SP HEIGHT="36.0" WIDTH="13.88976377952756" VPOS="1331.4330708661416" HPOS="1037.4803149606298"/>
            <String HEIGHT="36.0" WIDTH="82.77165354330708" VPOS="1331.4330708661416" HPOS="996.0944881889764" CONTENT="le" ID="tl_31_7" STYLEREFS="FONT0"/>
            <SP HEIGHT="36.0" WIDTH="13.88976377952756" VPOS="1331.4330708661416" HPOS="1078.8661417322835"/>
            <String HEIGHT="36.0" WIDTH="151.93700787401573" VPOS="1331.4330708661416" HPOS="1037.4803149606298" CONTENT="citoyen" ID="tl_31_8" STYLEREFS="FONT0"/>
            <SP HEIGHT="36.0" WIDTH="13.88976377952756" VPOS="1331.4330708661416" HPOS="1189.1338582677165"/>
            <String HEIGHT="36.0" WIDTH="138.04724409448818" VPOS="1331.4330708661416" HPOS="1147.748031496063" CONTENT="Milon," ID="tl_31_9" STYLEREFS="FONT0"/>
            <SP HEIGHT="36.0" WIDTH="13.88976377952756" VPOS="1331.4330708661416" HPOS="1285.7952755905512"/>
            <String HEIGHT="36.0" WIDTH="110.55118110236221" VPOS="1331.4330708661416" HPOS="1244.4094488188975" CONTENT="pour" ID="tl_31_10" STYLEREFS="FONT0"/>
            <SP HEIGHT="36.0" WIDTH="13.88976377952756" VPOS="1331.4330708661416" HPOS="1354.9606299212599"/>
            <String HEIGHT="36.0" WIDTH="82.77165354330708" VPOS="1331.4330708661416" HPOS="1299.6850393700788" CONTENT="rem" SUBS_TYPE="HypPart1" SUBS_CONTENT="remplir" ID="tl_31_11" STYLEREFS="FONT0"/>
            <HYP CONTENT="-"/>
          </TextLine>
          <TextLine ID="tl_32" BASELINE="4904" HEIGHT="30.330708661417322" WIDTH="1021.0393700787401" VPOS="1359.7795275590552" HPOS="360.8503937007874">
            <String HEIGHT="30.330708661417322" WIDTH="110.26771653543307" VPOS="1359.7795275590552" HPOS="346.96062992125985" CONTENT="plir" SUBS_TYPE="HypPart2" SUBS_CONTENT="remplir" ID="tl_32_1" STYLEREFS="FONT0"/>
            <SP HEIGHT="30.330708661417322" WIDTH="13.88976377952756" VPOS="1359.7795275590552" HPOS="457.51181102362204"/>
            <String HEIGHT="30.330708661417322" WIDTH="82.77165354330708" VPOS="1359.7795275590552" HPOS="416.12598425196853" CONTENT="la" ID="tl_32_2" STYLEREFS="FONT0"/>
            <SP HEIGHT="30.330708661417322" WIDTH="13.88976377952756" VPOS="1359.7795275590552" HPOS="498.8976377952756"/>
            <String HEIGHT="30.330708661417322" WIDTH="138.04724409448818" VPOS="1359.7795275590552" HPOS="457.51181102362204" CONTENT="chaire" ID="tl_32_3" STYLEREFS="FONT0"/>
            <SP HEIGHT="30.330708661417322" WIDTH="13.88976377952756" VPOS="1359.7795275590552" HPOS="595.2755905511812"/>
            <String HEIGHT="30.330708661417322" WIDTH="82.77165354330708" VPOS="1359.7795275590552" HPOS="553.8897637795276" CONTENT="de" ID="tl_32_4" STYLEREFS="FONT0"/>
            <SP HEIGHT="30.330708661417322" WIDTH="13.88976377952756" VPOS="1359.7795275590552" HPOS="636.9448818897638"/>
            <String HEIGHT="30.330708661417322" WIDTH="220.8188976377953" VPOS="1359.7795275590552" HPOS="595.2755905511812" CONTENT="législation," ID="tl_32_5" STYLEREFS="FONT0"/>
            <SP HEIGHT="30.330708661417322" WIDTH="13.88976377952756" VPOS="1359.7795275590552" HPOS="816.0944881889764"/>
            <String HEIGHT="30.330708661417322" WIDTH="151.6535433070866" VPOS="1359.7795275590552" HPOS="774.7086614173228" CONTENT="vacante" ID="tl_32_6" STYLEREFS="FONT0"/>
            <SP HEIGHT="30.330708661417322" WIDTH="13.88976377952756" VPOS="1359.7795275590552" HPOS="926.6456692913385"/>
            <String HEIGHT="30.330708661417322" WIDTH="96.66141732283465" VPOS="1359.7795275590552" HPOS="885.2598425196851" CONTENT="par" ID="tl_32_7" STYLEREFS="FONT0"/>
            <SP HEIGHT="30.330708661417322" WIDTH="13.88976377952756" VPOS="1359.7795275590552" HPOS="981.6377952755905"/>
            <String HEIGHT="30.330708661417322" WIDTH="82.77165354330708" VPOS="1359.7795275590552" HPOS="940.2519685039371" CONTENT="la" ID="tl_32_8" STYLEREFS="FONT0"/>
            <SP HEIGHT="30.330708661417322" WIDTH="13.88976377952756" VPOS="1359.7795275590552" HPOS="1023.0236220472441"/>
            <String HEIGHT="30.330708661417322" WIDTH="193.03937007874015" VPOS="1359.7795275590552" HPOS="981.6377952755905" CONTENT="nomination" ID="tl_32_9" STYLEREFS="FONT0"/>
            <SP HEIGHT="30.330708661417322" WIDTH="13.88976377952756" VPOS="1359.7795275590552" HPOS="1174.9606299212599"/>
            <String HEIGHT="30.330708661417322" WIDTH="82.77165354330708" VPOS="1359.7795275590552" HPOS="1133.5748031496064" CONTENT="du" ID="tl_32_10" STYLEREFS="FONT0"/>
            <SP HEIGHT="30.330708661417322" WIDTH="13.88976377952756" VPOS="1359.7795275590552" HPOS="1216.3464566929133"/>
            <String HEIGHT="30.330708661417322" WIDTH="151.6535433070866" VPOS="1359.7795275590552" HPOS="1174.9606299212599" CONTENT="citoyen" ID="tl_32_11" STYLEREFS="FONT0"/>
            <SP HEIGHT="30.330708661417322" WIDTH="13.88976377952756" VPOS="1359.7795275590552" HPOS="1326.6141732283465"/>
            <String HEIGHT="30.330708661417322" WIDTH="110.26771653543307" VPOS="1359.7795275590552" HPOS="1271.6220472440946" CONTENT="Lenoir" ID="tl_32_12" STYLEREFS="FONT0"/>
          </TextLine>
          <TextLine ID="tl_33" BASELINE="5003" HEIGHT="28.913385826771652" WIDTH="543.6850393700787" VPOS="1389.259842519685" HPOS="361.4173228346457">
            <String HEIGHT="28.913385826771652" WIDTH="162.99212598425197" VPOS="1389.259842519685" HPOS="347.81102362204723" CONTENT="Laroche," ID="tl_33_1" STYLEREFS="FONT0"/>
            <SP HEIGHT="28.913385826771652" WIDTH="13.606299212598426" VPOS="1389.259842519685" HPOS="510.8031496062992"/>
            <String HEIGHT="28.913385826771652" WIDTH="95.24409448818898" VPOS="1389.259842519685" HPOS="470.26771653543307" CONTENT="aux" ID="tl_33_2" STYLEREFS="FONT0"/>
            <SP HEIGHT="28.913385826771652" WIDTH="13.606299212598426" VPOS="1389.259842519685" HPOS="565.2283464566929"/>
            <String HEIGHT="28.913385826771652" WIDTH="176.5984251968504" VPOS="1389.259842519685" HPOS="524.4094488188977" CONTENT="fonctions" ID="tl_33_3" STYLEREFS="FONT0"/>
            <SP HEIGHT="28.913385826771652" WIDTH="13.606299212598426" VPOS="1389.259842519685" HPOS="701.2913385826772"/>
            <String HEIGHT="28.913385826771652" WIDTH="81.63779527559055" VPOS="1389.259842519685" HPOS="660.4724409448819" CONTENT="de" ID="tl_33_4" STYLEREFS="FONT0"/>
            <SP HEIGHT="28.913385826771652" WIDTH="13.606299212598426" VPOS="1389.259842519685" HPOS="742.1102362204724"/>
            <String HEIGHT="28.913385826771652" WIDTH="176.5984251968504" VPOS="1389.259842519685" HPOS="701.2913385826772" CONTENT="sénateur," ID="tl_33_5" STYLEREFS="FONT0"/>
            <SP HEIGHT="28.913385826771652" WIDTH="13.606299212598426" VPOS="1389.259842519685" HPOS="877.8897637795276"/>
            <String HEIGHT="28.913385826771652" WIDTH="81.63779527559055" VPOS="1389.259842519685" HPOS="823.4645669291339" CONTENT="etc." ID="tl_33_6" STYLEREFS="FONT0"/>
          </TextLine>
        </TextBlock>
        <TextBlock ID="r_1_18" HEIGHT="47.05511811023622" WIDTH="734.4566929133858" VPOS="1427.5275590551182" HPOS="271.2755905511811">
          <TextLine ID="tl_34" BASELINE="5201" HEIGHT="46.488188976377955" WIDTH="733.8897637795276" VPOS="1427.8110236220473" HPOS="271.5590551181102">
            <String HEIGHT="46.488188976377955" WIDTH="109.41732283464567" VPOS="1427.8110236220473" HPOS="255.96850393700788" CONTENT="79." ID="tl_34_1" STYLEREFS="FONT0"/>
            <SP HEIGHT="46.488188976377955" WIDTH="15.590551181102363" VPOS="1427.8110236220473" HPOS="365.38582677165357"/>
            <String HEIGHT="46.488188976377955" WIDTH="281.1968503937008" VPOS="1427.8110236220473" HPOS="318.3307086614173" CONTENT="CHÉNIER" ID="tl_34_2" STYLEREFS="FONT1"/>
            <SP HEIGHT="46.488188976377955" WIDTH="15.590551181102363" VPOS="1427.8110236220473" HPOS="599.5275590551181"/>
            <String HEIGHT="46.488188976377955" WIDTH="296.78740157480314" VPOS="1427.8110236220473" HPOS="552.7559055118111" CONTENT="(Marie-Joseph)," ID="tl_34_3" STYLEREFS="FONT0"/>
            <SP HEIGHT="46.488188976377955" WIDTH="15.590551181102363" VPOS="1427.8110236220473" HPOS="849.2598425196851"/>
            <String HEIGHT="46.488188976377955" WIDTH="218.5511811023622" VPOS="1427.8110236220473" HPOS="786.8976377952756" CONTENT="idem." ID="tl_34_4" STYLEREFS="FONT2"/>
          </TextLine>
        </TextBlock>
        <TextBlock ID="r_1_19" HEIGHT="105.16535433070867" WIDTH="1019.3385826771654" VPOS="1475.716535433071" HPOS="361.4173228346457">
          <TextLine ID="tl_35" BASELINE="5330" HEIGHT="34.86614173228347" WIDTH="979.0866141732283" VPOS="1476.0" HPOS="401.38582677165357">
            <String HEIGHT="34.86614173228347" WIDTH="160.7244094488189" VPOS="1476.0" HPOS="386.6456692913386" CONTENT="Morceau" ID="tl_35_1" STYLEREFS="FONT0"/>
            <SP HEIGHT="34.86614173228347" WIDTH="14.740157480314961" VPOS="1476.0" HPOS="547.6535433070866"/>
            <String HEIGHT="34.86614173228347" WIDTH="219.11811023622047" VPOS="1476.0" HPOS="503.7165354330709" CONTENT="littéraire," ID="tl_35_2" STYLEREFS="FONT0"/>
            <SP HEIGHT="34.86614173228347" WIDTH="14.740157480314961" VPOS="1476.0" HPOS="722.8346456692914"/>
            <String HEIGHT="34.86614173228347" WIDTH="116.78740157480316" VPOS="1476.0" HPOS="678.8976377952756" CONTENT="aut." ID="tl_35_3" STYLEREFS="FONT0"/>
            <SP HEIGHT="34.86614173228347" WIDTH="14.740157480314961" VPOS="1476.0" HPOS="795.9685039370079"/>
            <String HEIGHT="34.86614173228347" WIDTH="131.5275590551181" VPOS="1476.0" HPOS="752.0314960629921" CONTENT="sig.," ID="tl_35_4" STYLEREFS="FONT0"/>
            <SP HEIGHT="34.86614173228347" WIDTH="14.740157480314961" VPOS="1476.0" HPOS="883.5590551181102"/>
            <String HEIGHT="34.86614173228347" WIDTH="116.78740157480316" VPOS="1476.0" HPOS="839.9055118110236" CONTENT="fort" ID="tl_35_5" STYLEREFS="FONT0"/>
            <SP HEIGHT="34.86614173228347" WIDTH="14.740157480314961" VPOS="1476.0" HPOS="956.6929133858267"/>
            <String HEIGHT="34.86614173228347" WIDTH="233.85826771653544" VPOS="1476.0" HPOS="912.7559055118111" CONTENT="intéressant," ID="tl_35_6" STYLEREFS="FONT0"/>
            <SP HEIGHT="34.86614173228347" WIDTH="14.740157480314961" VPOS="1476.0" HPOS="1146.6141732283465"/>
            <String HEIGHT="34.86614173228347" WIDTH="102.33070866141732" VPOS="1476.0" HPOS="1102.9606299212599" CONTENT="sur" ID="tl_35_7" STYLEREFS="FONT0"/>
            <SP HEIGHT="34.86614173228347" WIDTH="14.740157480314961" VPOS="1476.0" HPOS="1205.007874015748"/>
            <String HEIGHT="34.86614173228347" WIDTH="87.59055118110236" VPOS="1476.0" HPOS="1161.3543307086613" CONTENT="la" ID="tl_35_8" STYLEREFS="FONT0"/>
            <SP HEIGHT="34.86614173228347" WIDTH="14.740157480314961" VPOS="1476.0" HPOS="1248.9448818897638"/>
            <String HEIGHT="34.86614173228347" WIDTH="116.78740157480316" VPOS="1476.0" HPOS="1205.007874015748" CONTENT="vie," ID="tl_35_9" STYLEREFS="FONT0"/>
            <SP HEIGHT="34.86614173228347" WIDTH="14.740157480314961" VPOS="1476.0" HPOS="1322.0787401574803"/>
            <String HEIGHT="34.86614173228347" WIDTH="87.59055118110236" VPOS="1476.0" HPOS="1278.1417322834645" CONTENT="le" ID="tl_35_10" STYLEREFS="FONT0"/>
            <SP HEIGHT="34.86614173228347" WIDTH="14.740157480314961" VPOS="1476.0" HPOS="1365.732283464567"/>
            <String HEIGHT="34.86614173228347" WIDTH="73.13385826771653" VPOS="1476.0" HPOS="1307.3385826771653" CONTENT="ca" SUBS_TYPE="HypPart1" SUBS_CONTENT="caractère" ID="tl_35_11" STYLEREFS="FONT0"/>
            <HYP CONTENT="-"/>
          </TextLine>
          <TextLine ID="tl_36" BASELINE="5454" HEIGHT="36.0" WIDTH="1017.0708661417323" VPOS="1510.015748031496" HPOS="361.7007874015748">
            <String HEIGHT="36.0" WIDTH="169.51181102362204" VPOS="1510.015748031496" HPOS="346.3937007874016" CONTENT="ractère" SUBS_TYPE="HypPart2" SUBS_CONTENT="caractère" ID="tl_36_1" STYLEREFS="FONT0"/>
            <SP HEIGHT="36.0" WIDTH="15.307086614173228" VPOS="1510.015748031496" HPOS="515.9055118110236"/>
            <String HEIGHT="36.0" WIDTH="92.40944881889764" VPOS="1510.015748031496" HPOS="469.7007874015748" CONTENT="et" ID="tl_36_2" STYLEREFS="FONT0"/>
            <SP HEIGHT="36.0" WIDTH="15.307086614173228" VPOS="1510.015748031496" HPOS="562.1102362204724"/>
            <String HEIGHT="36.0" WIDTH="108.0" VPOS="1510.015748031496" HPOS="515.9055118110236" CONTENT="les" ID="tl_36_3" STYLEREFS="FONT0"/>
            <SP HEIGHT="36.0" WIDTH="15.307086614173228" VPOS="1510.015748031496" HPOS="623.6220472440945"/>
            <String HEIGHT="36.0" WIDTH="184.8188976377953" VPOS="1510.015748031496" HPOS="577.4173228346457" CONTENT="ouvrages" ID="tl_36_4" STYLEREFS="FONT0"/>
            <SP HEIGHT="36.0" WIDTH="15.307086614173228" VPOS="1510.015748031496" HPOS="762.2362204724409"/>
            <String HEIGHT="36.0" WIDTH="92.40944881889764" VPOS="1510.015748031496" HPOS="716.0314960629921" CONTENT="de" ID="tl_36_5" STYLEREFS="FONT0"/>
            <SP HEIGHT="36.0" WIDTH="15.307086614173228" VPOS="1510.015748031496" HPOS="808.7244094488188"/>
            <String HEIGHT="36.0" WIDTH="138.61417322834646" VPOS="1510.015748031496" HPOS="762.2362204724409" CONTENT="J.-J." ID="tl_36_6" STYLEREFS="FONT0"/>
            <SP HEIGHT="36.0" WIDTH="15.307086614173228" VPOS="1510.015748031496" HPOS="901.1338582677165"/>
            <String HEIGHT="36.0" WIDTH="200.40944881889763" VPOS="1510.015748031496" HPOS="854.9291338582677" CONTENT="Rousseau," ID="tl_36_7" STYLEREFS="FONT0"/>
            <SP HEIGHT="36.0" WIDTH="15.307086614173228" VPOS="1510.015748031496" HPOS="1055.0551181102362"/>
            <String HEIGHT="36.0" WIDTH="77.10236220472441" VPOS="1510.015748031496" HPOS="1008.8503937007874" CONTENT="à" ID="tl_36_8" STYLEREFS="FONT0"/>
            <SP HEIGHT="36.0" WIDTH="15.307086614173228" VPOS="1510.015748031496" HPOS="1085.9527559055118"/>
            <String HEIGHT="36.0" WIDTH="154.20472440944883" VPOS="1510.015748031496" HPOS="1039.748031496063" CONTENT="propos" ID="tl_36_9" STYLEREFS="FONT0"/>
            <SP HEIGHT="36.0" WIDTH="15.307086614173228" VPOS="1510.015748031496" HPOS="1193.9527559055118"/>
            <String HEIGHT="36.0" WIDTH="138.61417322834646" VPOS="1510.015748031496" HPOS="1147.748031496063" CONTENT="d’une" ID="tl_36_10" STYLEREFS="FONT0"/>
            <SP HEIGHT="36.0" WIDTH="15.307086614173228" VPOS="1510.015748031496" HPOS="1286.3622047244094"/>
            <String HEIGHT="36.0" WIDTH="154.20472440944883" VPOS="1510.015748031496" HPOS="1224.5669291338584" CONTENT="nouvelle" ID="tl_36_11" STYLEREFS="FONT0"/>
          </TextLine>
          <TextLine ID="tl_37" BASELINE="5576" HEIGHT="34.2992125984252" WIDTH="1015.9370078740158" VPOS="1546.2992125984251" HPOS="361.7007874015748">
            <String HEIGHT="34.2992125984252" WIDTH="169.22834645669292" VPOS="1546.2992125984251" HPOS="346.3937007874016" CONTENT="édition" ID="tl_37_1" STYLEREFS="FONT0"/>
            <SP HEIGHT="34.2992125984252" WIDTH="15.307086614173228" VPOS="1546.2992125984251" HPOS="515.6220472440945"/>
            <String HEIGHT="34.2992125984252" WIDTH="92.40944881889764" VPOS="1546.2992125984251" HPOS="469.4173228346457" CONTENT="de" ID="tl_37_2" STYLEREFS="FONT0"/>
            <SP HEIGHT="34.2992125984252" WIDTH="15.307086614173228" VPOS="1546.2992125984251" HPOS="561.8267716535433"/>
            <String HEIGHT="34.2992125984252" WIDTH="107.71653543307086" VPOS="1546.2992125984251" HPOS="515.6220472440945" CONTENT="ses" ID="tl_37_3" STYLEREFS="FONT0"/>
            <SP HEIGHT="34.2992125984252" WIDTH="15.307086614173228" VPOS="1546.2992125984251" HPOS="623.3385826771654"/>
            <String HEIGHT="34.2992125984252" WIDTH="153.92125984251967" VPOS="1546.2992125984251" HPOS="577.1338582677165" CONTENT="œuvres" ID="tl_37_4" STYLEREFS="FONT0"/>
            <SP HEIGHT="34.2992125984252" WIDTH="15.307086614173228" VPOS="1546.2992125984251" HPOS="731.0551181102362"/>
            <String HEIGHT="34.2992125984252" WIDTH="184.8188976377953" VPOS="1546.2992125984251" HPOS="684.8503937007874" CONTENT="publiées" ID="tl_37_5" STYLEREFS="FONT0"/>
            <SP HEIGHT="34.2992125984252" WIDTH="15.307086614173228" VPOS="1546.2992125984251" HPOS="869.6692913385826"/>
            <String HEIGHT="34.2992125984252" WIDTH="107.71653543307086" VPOS="1546.2992125984251" HPOS="823.4645669291339" CONTENT="par" ID="tl_37_6" STYLEREFS="FONT0"/>
            <SP HEIGHT="34.2992125984252" WIDTH="15.307086614173228" VPOS="1546.2992125984251" HPOS="931.1811023622047"/>
            <String HEIGHT="34.2992125984252" WIDTH="200.1259842519685" VPOS="1546.2992125984251" HPOS="884.9763779527559" CONTENT="Bozérian." ID="tl_37_7" STYLEREFS="FONT0"/>
            <SP HEIGHT="34.2992125984252" WIDTH="15.307086614173228" VPOS="1546.2992125984251" HPOS="1085.1023622047244"/>
            <String HEIGHT="34.2992125984252" WIDTH="77.10236220472441" VPOS="1546.2992125984251" HPOS="1038.8976377952756" CONTENT="2" ID="tl_37_8" STYLEREFS="FONT0"/>
            <SP HEIGHT="34.2992125984252" WIDTH="15.307086614173228" VPOS="1546.2992125984251" HPOS="1116.0"/>
            <String HEIGHT="34.2992125984252" WIDTH="107.71653543307086" VPOS="1546.2992125984251" HPOS="1069.7952755905512" CONTENT="gr." ID="tl_37_9" STYLEREFS="FONT0"/>
            <SP HEIGHT="34.2992125984252" WIDTH="15.307086614173228" VPOS="1546.2992125984251" HPOS="1177.5118110236222"/>
            <String HEIGHT="34.2992125984252" WIDTH="138.61417322834646" VPOS="1546.2992125984251" HPOS="1131.3070866141732" CONTENT="pages" ID="tl_37_10" STYLEREFS="FONT0"/>
            <SP HEIGHT="34.2992125984252" WIDTH="15.307086614173228" VPOS="1546.2992125984251" HPOS="1269.9212598425197"/>
            <String HEIGHT="34.2992125984252" WIDTH="169.22834645669292" VPOS="1546.2992125984251" HPOS="1208.4094488188975" CONTENT="in" ID="tl_37_11" STYLEREFS="FONT0"/>
          </TextLine>
        </TextBlock>
        <TextBlock ID="r_1_20" HEIGHT="51.874015748031496" WIDTH="1103.244094488189" VPOS="1586.267716535433" HPOS="273.54330708661416">
          <TextLine ID="tl_38" BASELINE="5778" HEIGHT="51.30708661417323" WIDTH="1102.6771653543308" VPOS="1586.5511811023623" HPOS="273.8267716535433">
            <String HEIGHT="51.30708661417323" WIDTH="151.37007874015748" VPOS="1586.5511811023623" HPOS="252.28346456692913" CONTENT="80." ID="tl_38_1" STYLEREFS="FONT0"/>
            <SP HEIGHT="51.30708661417323" WIDTH="21.543307086614174" VPOS="1586.5511811023623" HPOS="403.65354330708664"/>
            <String HEIGHT="51.30708661417323" WIDTH="302.74015748031496" VPOS="1586.5511811023623" HPOS="338.74015748031496" CONTENT="CHÉRUBINI," ID="tl_38_2" STYLEREFS="FONT0"/>
            <SP HEIGHT="51.30708661417323" WIDTH="21.543307086614174" VPOS="1586.5511811023623" HPOS="641.4803149606299"/>
            <String HEIGHT="51.30708661417323" WIDTH="216.28346456692913" VPOS="1586.5511811023623" HPOS="576.5669291338583" CONTENT="music." ID="tl_38_3" STYLEREFS="FONT0"/>
            <SP HEIGHT="51.30708661417323" WIDTH="21.543307086614174" VPOS="1586.5511811023623" HPOS="792.8503937007874"/>
            <String HEIGHT="51.30708661417323" WIDTH="345.8267716535433" VPOS="1586.5511811023623" HPOS="727.9370078740158" CONTENT="compositeur." ID="tl_38_4" STYLEREFS="FONT0"/>
            <SP HEIGHT="51.30708661417323" WIDTH="21.543307086614174" VPOS="1586.5511811023623" HPOS="1073.763779527559"/>
            <String HEIGHT="51.30708661417323" WIDTH="108.0" VPOS="1586.5511811023623" HPOS="1008.8503937007874" CONTENT="N" ID="tl_38_5" STYLEREFS="FONT0"/>
            <SP HEIGHT="51.30708661417323" WIDTH="21.543307086614174" VPOS="1586.5511811023623" HPOS="1117.1338582677165"/>
            <String HEIGHT="51.30708661417323" WIDTH="194.45669291338584" VPOS="1586.5511811023623" HPOS="1052.2204724409448" CONTENT="1760." ID="tl_38_6" STYLEREFS="FONT0"/>
            <SP HEIGHT="51.30708661417323" WIDTH="21.543307086614174" VPOS="1586.5511811023623" HPOS="1246.6771653543308"/>
            <String HEIGHT="51.30708661417323" WIDTH="129.82677165354332" VPOS="1586.5511811023623" HPOS="1182.0472440944882" CONTENT="M." ID="tl_38_7" STYLEREFS="FONT0"/>
            <SP HEIGHT="51.30708661417323" WIDTH="21.543307086614174" VPOS="1586.5511811023623" HPOS="1311.5905511811025"/>
            <String HEIGHT="51.30708661417323" WIDTH="151.37007874015748" VPOS="1586.5511811023623" HPOS="1225.1338582677165" CONTENT="1842." ID="tl_38_8" STYLEREFS="FONT0"/>
          </TextLine>
        </TextBlock>
        <TextBlock ID="r_1_21" HEIGHT="35.43307086614173" WIDTH="936.0" VPOS="1637.291338582677" HPOS="396.56692913385825">
          <TextLine ID="tl_39" BASELINE="5900" HEIGHT="34.86614173228347" WIDTH="935.4330708661417" VPOS="1637.5748031496064" HPOS="396.8503937007874">
            <String HEIGHT="34.86614173228347" WIDTH="92.1259842519685" VPOS="1637.5748031496064" HPOS="381.54330708661416" CONTENT="L." ID="tl_39_1" STYLEREFS="FONT0"/>
            <SP HEIGHT="34.86614173228347" WIDTH="15.307086614173228" VPOS="1637.5748031496064" HPOS="473.38582677165357"/>
            <String HEIGHT="34.86614173228347" WIDTH="107.43307086614173" VPOS="1637.5748031496064" HPOS="427.46456692913387" CONTENT="aut" ID="tl_39_2" STYLEREFS="FONT0"/>
            <SP HEIGHT="34.86614173228347" WIDTH="15.307086614173228" VPOS="1637.5748031496064" HPOS="534.8976377952756"/>
            <String HEIGHT="34.86614173228347" WIDTH="122.74015748031496" VPOS="1637.5748031496064" HPOS="488.9763779527559" CONTENT="sig." ID="tl_39_3" STYLEREFS="FONT0"/>
            <SP HEIGHT="34.86614173228347" WIDTH="15.307086614173228" VPOS="1637.5748031496064" HPOS="611.4330708661417"/>
            <String HEIGHT="34.86614173228347" WIDTH="76.53543307086615" VPOS="1637.5748031496064" HPOS="565.511811023622" CONTENT="à" ID="tl_39_4" STYLEREFS="FONT0"/>
            <SP HEIGHT="34.86614173228347" WIDTH="15.307086614173228" VPOS="1637.5748031496064" HPOS="642.3307086614174"/>
            <String HEIGHT="34.86614173228347" WIDTH="92.1259842519685" VPOS="1637.5748031496064" HPOS="596.1259842519685" CONTENT="M." ID="tl_39_5" STYLEREFS="FONT0"/>
            <SP HEIGHT="34.86614173228347" WIDTH="15.307086614173228" VPOS="1637.5748031496064" HPOS="688.2519685039371"/>
            <String HEIGHT="34.86614173228347" WIDTH="229.88976377952756" VPOS="1637.5748031496064" HPOS="642.3307086614174" CONTENT="l’intendant" ID="tl_39_6" STYLEREFS="FONT0"/>
            <SP HEIGHT="34.86614173228347" WIDTH="15.307086614173228" VPOS="1637.5748031496064" HPOS="872.2204724409448"/>
            <String HEIGHT="34.86614173228347" WIDTH="183.96850393700788" VPOS="1637.5748031496064" HPOS="826.2992125984252" CONTENT="général." ID="tl_39_7" STYLEREFS="FONT0"/>
            <SP HEIGHT="34.86614173228347" WIDTH="15.307086614173228" VPOS="1637.5748031496064" HPOS="1010.2677165354331"/>
            <String HEIGHT="34.86614173228347" WIDTH="153.35433070866142" VPOS="1637.5748031496064" HPOS="964.3464566929134" CONTENT="Paris," ID="tl_39_8" STYLEREFS="FONT0"/>
            <SP HEIGHT="34.86614173228347" WIDTH="15.307086614173228" VPOS="1637.5748031496064" HPOS="1117.7007874015749"/>
            <String HEIGHT="34.86614173228347" WIDTH="76.53543307086615" VPOS="1637.5748031496064" HPOS="1071.4960629921259" CONTENT="2" ID="tl_39_9" STYLEREFS="FONT0"/>
            <SP HEIGHT="34.86614173228347" WIDTH="15.307086614173228" VPOS="1637.5748031496064" HPOS="1148.3149606299212"/>
            <String HEIGHT="34.86614173228347" WIDTH="183.96850393700788" VPOS="1637.5748031496064" HPOS="1102.3937007874015" CONTENT="décembre" ID="tl_39_10" STYLEREFS="FONT0"/>
            <SP HEIGHT="34.86614173228347" WIDTH="15.307086614173228" VPOS="1637.5748031496064" HPOS="1286.3622047244094"/>
            <String HEIGHT="34.86614173228347" WIDTH="107.43307086614173" VPOS="1637.5748031496064" HPOS="1224.8503937007874" CONTENT="1817." ID="tl_39_11" STYLEREFS="FONT0"/>
          </TextLine>
        </TextBlock>
        <TextBlock ID="r_1_22" HEIGHT="60.37795275590551" WIDTH="1017.0708661417323" VPOS="1670.740157480315" HPOS="360.2834645669291">
          <TextLine ID="tl_40" BASELINE="6004" HEIGHT="30.89763779527559" WIDTH="988.1574803149606" VPOS="1671.023622047244" HPOS="388.9133858267717">
            <String HEIGHT="30.89763779527559" WIDTH="219.68503937007873" VPOS="1671.023622047244" HPOS="375.3070866141732" CONTENT="Intéressante" ID="tl_40_1" STYLEREFS="FONT0"/>
            <SP HEIGHT="30.89763779527559" WIDTH="13.606299212598426" VPOS="1671.023622047244" HPOS="594.7086614173228"/>
            <String HEIGHT="30.89763779527559" WIDTH="137.1968503937008" VPOS="1671.023622047244" HPOS="553.6062992125984" CONTENT="lettre" ID="tl_40_2" STYLEREFS="FONT0"/>
            <SP HEIGHT="30.89763779527559" WIDTH="13.606299212598426" VPOS="1671.023622047244" HPOS="690.8031496062993"/>
            <String HEIGHT="30.89763779527559" WIDTH="164.69291338582678" VPOS="1671.023622047244" HPOS="649.7007874015748" CONTENT="relative" ID="tl_40_3" STYLEREFS="FONT0"/>
            <SP HEIGHT="30.89763779527559" WIDTH="13.606299212598426" VPOS="1671.023622047244" HPOS="814.3937007874016"/>
            <String HEIGHT="30.89763779527559" WIDTH="68.5984251968504" VPOS="1671.023622047244" HPOS="773.2913385826772" CONTENT="à" ID="tl_40_4" STYLEREFS="FONT0"/>
            <SP HEIGHT="30.89763779527559" WIDTH="13.606299212598426" VPOS="1671.023622047244" HPOS="841.8897637795276"/>
            <String HEIGHT="30.89763779527559" WIDTH="96.09448818897638" VPOS="1671.023622047244" HPOS="800.7874015748032" CONTENT="des" ID="tl_40_5" STYLEREFS="FONT0"/>
            <SP HEIGHT="30.89763779527559" WIDTH="13.606299212598426" VPOS="1671.023622047244" HPOS="896.5984251968504"/>
            <String HEIGHT="30.89763779527559" WIDTH="247.1811023622047" VPOS="1671.023622047244" HPOS="855.496062992126" CONTENT="gratiticalions" ID="tl_40_6" STYLEREFS="FONT0"/>
            <SP HEIGHT="30.89763779527559" WIDTH="13.606299212598426" VPOS="1671.023622047244" HPOS="1102.6771653543308"/>
            <String HEIGHT="30.89763779527559" WIDTH="68.5984251968504" VPOS="1671.023622047244" HPOS="1061.291338582677" CONTENT="à" ID="tl_40_7" STYLEREFS="FONT0"/>
            <SP HEIGHT="30.89763779527559" WIDTH="13.606299212598426" VPOS="1671.023622047244" HPOS="1130.1732283464567"/>
            <String HEIGHT="30.89763779527559" WIDTH="164.69291338582678" VPOS="1671.023622047244" HPOS="1088.7874015748032" CONTENT="accorder" ID="tl_40_8" STYLEREFS="FONT0"/>
            <SP HEIGHT="30.89763779527559" WIDTH="13.606299212598426" VPOS="1671.023622047244" HPOS="1253.4803149606298"/>
            <String HEIGHT="30.89763779527559" WIDTH="68.5984251968504" VPOS="1671.023622047244" HPOS="1212.3779527559054" CONTENT="à" ID="tl_40_9" STYLEREFS="FONT0"/>
            <SP HEIGHT="30.89763779527559" WIDTH="13.606299212598426" VPOS="1671.023622047244" HPOS="1280.976377952756"/>
            <String HEIGHT="30.89763779527559" WIDTH="96.09448818897638" VPOS="1671.023622047244" HPOS="1239.8740157480315" CONTENT="des" ID="tl_40_10" STYLEREFS="FONT0"/>
            <SP HEIGHT="30.89763779527559" WIDTH="13.606299212598426" VPOS="1671.023622047244" HPOS="1335.9685039370079"/>
            <String HEIGHT="30.89763779527559" WIDTH="96.09448818897638" VPOS="1671.023622047244" HPOS="1280.976377952756" CONTENT="musi" SUBS_TYPE="HypPart1" SUBS_CONTENT="musiciens." ID="tl_40_11" STYLEREFS="FONT0"/>
            <HYP CONTENT="-"/>
          </TextLine>
          <TextLine ID="tl_41" BASELINE="6106" HEIGHT="30.330708661417322" WIDTH="259.65354330708664" VPOS="1700.5039370078741" HPOS="360.56692913385825">
            <String HEIGHT="30.330708661417322" WIDTH="129.82677165354332" VPOS="1700.5039370078741" HPOS="347.5275590551181" CONTENT="ciens." SUBS_TYPE="HypPart2" SUBS_CONTENT="musiciens." ID="tl_41_1" STYLEREFS="FONT0"/>
            <SP HEIGHT="30.330708661417322" WIDTH="13.039370078740157" VPOS="1700.5039370078741" HPOS="477.3543307086614"/>
            <String HEIGHT="30.330708661417322" WIDTH="64.91338582677166" VPOS="1700.5039370078741" HPOS="438.5196850393701" CONTENT="2" ID="tl_41_2" STYLEREFS="FONT0"/>
            <SP HEIGHT="30.330708661417322" WIDTH="13.039370078740157" VPOS="1700.5039370078741" HPOS="503.43307086614175"/>
            <String HEIGHT="30.330708661417322" WIDTH="116.78740157480316" VPOS="1700.5039370078741" HPOS="464.31496062992125" CONTENT="pages" ID="tl_41_3" STYLEREFS="FONT0"/>
            <SP HEIGHT="30.330708661417322" WIDTH="13.039370078740157" VPOS="1700.5039370078741" HPOS="581.3858267716536"/>
            <String HEIGHT="30.330708661417322" WIDTH="90.99212598425197" VPOS="1700.5039370078741" HPOS="529.2283464566929" CONTENT="in" ID="tl_41_4" STYLEREFS="FONT0"/>
          </TextLine>
        </TextBlock>
        <TextBlock ID="r_1_23" HEIGHT="50.74015748031496" WIDTH="1104.0944881889764" VPOS="1739.3385826771653" HPOS="272.6929133858268">
          <TextLine ID="tl_42" BASELINE="6314" HEIGHT="50.173228346456696" WIDTH="1103.5275590551182" VPOS="1739.6220472440946" HPOS="272.9763779527559">
            <String HEIGHT="50.173228346456696" WIDTH="126.70866141732283" VPOS="1739.6220472440946" HPOS="254.83464566929135" CONTENT="81." ID="tl_42_1" STYLEREFS="FONT0"/>
            <SP HEIGHT="50.173228346456696" WIDTH="18.141732283464567" VPOS="1739.6220472440946" HPOS="381.54330708661416"/>
            <String HEIGHT="50.173228346456696" WIDTH="343.84251968503935" VPOS="1739.6220472440946" HPOS="327.11811023622045" CONTENT="CHOISEUL" ID="tl_42_2" STYLEREFS="FONT1"/>
            <SP HEIGHT="50.173228346456696" WIDTH="18.141732283464567" VPOS="1739.6220472440946" HPOS="670.9606299212599"/>
            <String HEIGHT="50.173228346456696" WIDTH="397.98425196850394" VPOS="1739.6220472440946" HPOS="616.8188976377953" CONTENT="(Étienne-François," ID="tl_42_3" STYLEREFS="FONT0"/>
            <SP HEIGHT="50.173228346456696" WIDTH="18.141732283464567" VPOS="1739.6220472440946" HPOS="1014.8031496062993"/>
            <String HEIGHT="50.173228346456696" WIDTH="126.70866141732283" VPOS="1739.6220472440946" HPOS="960.3779527559055" CONTENT="duc" ID="tl_42_4" STYLEREFS="FONT0"/>
            <SP HEIGHT="50.173228346456696" WIDTH="18.141732283464567" VPOS="1739.6220472440946" HPOS="1087.0866141732283"/>
            <String HEIGHT="50.173228346456696" WIDTH="144.8503937007874" VPOS="1739.6220472440946" HPOS="1032.6614173228347" CONTENT="de)," ID="tl_42_5" STYLEREFS="FONT0"/>
            <SP HEIGHT="50.173228346456696" WIDTH="18.141732283464567" VPOS="1739.6220472440946" HPOS="1177.5118110236222"/>
            <String HEIGHT="50.173228346456696" WIDTH="217.13385826771653" VPOS="1739.6220472440946" HPOS="1123.3700787401574" CONTENT="ministre" ID="tl_42_6" STYLEREFS="FONT0"/>
            <SP HEIGHT="50.173228346456696" WIDTH="18.141732283464567" VPOS="1739.6220472440946" HPOS="1340.2204724409448"/>
            <String HEIGHT="50.173228346456696" WIDTH="108.56692913385827" VPOS="1739.6220472440946" HPOS="1267.9370078740158" CONTENT="sous" ID="tl_42_7" STYLEREFS="FONT0"/>
          </TextLine>
        </TextBlock>
        <TextBlock ID="r_1_24" HEIGHT="36.56692913385827" WIDTH="965.4803149606299" VPOS="1791.4960629921259" HPOS="407.0551181102362">
          <TextLine ID="tl_43" BASELINE="6448" HEIGHT="36.0" WIDTH="964.9133858267717" VPOS="1791.7795275590552" HPOS="407.33858267716533">
            <String HEIGHT="36.0" WIDTH="321.73228346456693" VPOS="1791.7795275590552" HPOS="371.62204724409446" CONTENT="Louis" ID="tl_43_1" STYLEREFS="FONT0"/>
            <SP HEIGHT="36.0" WIDTH="35.71653543307087" VPOS="1791.7795275590552" HPOS="693.3543307086615"/>
            <String HEIGHT="36.0" WIDTH="250.29921259842519" VPOS="1791.7795275590552" HPOS="585.9212598425197" CONTENT="XV." ID="tl_43_2" STYLEREFS="FONT0"/>
            <SP HEIGHT="36.0" WIDTH="35.71653543307087" VPOS="1791.7795275590552" HPOS="836.2204724409448"/>
            <String HEIGHT="36.0" WIDTH="214.29921259842519" VPOS="1791.7795275590552" HPOS="729.0708661417323" CONTENT="N." ID="tl_43_3" STYLEREFS="FONT0"/>
            <SP HEIGHT="36.0" WIDTH="35.71653543307087" VPOS="1791.7795275590552" HPOS="943.3700787401575"/>
            <String HEIGHT="36.0" WIDTH="321.73228346456693" VPOS="1791.7795275590552" HPOS="836.2204724409448" CONTENT="1719." ID="tl_43_4" STYLEREFS="FONT0"/>
            <SP HEIGHT="36.0" WIDTH="35.71653543307087" VPOS="1791.7795275590552" HPOS="1157.9527559055118"/>
            <String HEIGHT="36.0" WIDTH="214.29921259842519" VPOS="1791.7795275590552" HPOS="1050.5196850393702" CONTENT="M." ID="tl_43_5" STYLEREFS="FONT0"/>
            <SP HEIGHT="36.0" WIDTH="35.71653543307087" VPOS="1791.7795275590552" HPOS="1265.1023622047244"/>
            <String HEIGHT="36.0" WIDTH="250.29921259842519" VPOS="1791.7795275590552" HPOS="1121.9527559055118" CONTENT="1785." ID="tl_43_6" STYLEREFS="FONT0"/>
          </TextLine>
        </TextBlock>
        <TextBlock ID="r_1_25" HEIGHT="71.14960629921259" WIDTH="1010.8346456692914" VPOS="1834.5826771653544" HPOS="363.40157480314963">
          <TextLine ID="tl_44" BASELINE="6598" HEIGHT="35.43307086614173" WIDTH="975.6850393700787" VPOS="1834.8661417322835" HPOS="398.26771653543307">
            <String HEIGHT="35.43307086614173" WIDTH="87.30708661417323" VPOS="1834.8661417322835" HPOS="383.81102362204723" CONTENT="L." ID="tl_44_1" STYLEREFS="FONT0"/>
            <SP HEIGHT="35.43307086614173" WIDTH="14.456692913385826" VPOS="1834.8661417322835" HPOS="471.11811023622045"/>
            <String HEIGHT="35.43307086614173" WIDTH="116.50393700787401" VPOS="1834.8661417322835" HPOS="427.46456692913387" CONTENT="aut." ID="tl_44_2" STYLEREFS="FONT0"/>
            <SP HEIGHT="35.43307086614173" WIDTH="14.456692913385826" VPOS="1834.8661417322835" HPOS="543.9685039370079"/>
            <String HEIGHT="35.43307086614173" WIDTH="130.96062992125985" VPOS="1834.8661417322835" HPOS="500.31496062992125" CONTENT="sig.," ID="tl_44_3" STYLEREFS="FONT0"/>
            <SP HEIGHT="35.43307086614173" WIDTH="14.456692913385826" VPOS="1834.8661417322835" HPOS="631.2755905511812"/>
            <String HEIGHT="35.43307086614173" WIDTH="87.30708661417323" VPOS="1834.8661417322835" HPOS="587.6220472440945" CONTENT="ce" ID="tl_44_4" STYLEREFS="FONT0"/>
            <SP HEIGHT="35.43307086614173" WIDTH="14.456692913385826" VPOS="1834.8661417322835" HPOS="674.9291338582677"/>
            <String HEIGHT="35.43307086614173" WIDTH="189.35433070866142" VPOS="1834.8661417322835" HPOS="631.2755905511812" CONTENT="mercredi." ID="tl_44_5" STYLEREFS="FONT0"/>
            <SP HEIGHT="35.43307086614173" WIDTH="14.456692913385826" VPOS="1834.8661417322835" HPOS="820.6299212598425"/>
            <String HEIGHT="35.43307086614173" WIDTH="72.85039370078741" VPOS="1834.8661417322835" HPOS="776.9763779527559" CONTENT="1" ID="tl_44_6" STYLEREFS="FONT0"/>
            <SP HEIGHT="35.43307086614173" WIDTH="14.456692913385826" VPOS="1834.8661417322835" HPOS="849.8267716535433"/>
            <String HEIGHT="35.43307086614173" WIDTH="116.50393700787401" VPOS="1834.8661417322835" HPOS="805.8897637795276" CONTENT="page" ID="tl_44_7" STYLEREFS="FONT0"/>
            <SP HEIGHT="35.43307086614173" WIDTH="14.456692913385826" VPOS="1834.8661417322835" HPOS="922.3937007874016"/>
            <String HEIGHT="35.43307086614173" WIDTH="130.96062992125985" VPOS="1834.8661417322835" HPOS="878.7401574803149" CONTENT="petit" ID="tl_44_8" STYLEREFS="FONT0"/>
            <SP HEIGHT="35.43307086614173" WIDTH="14.456692913385826" VPOS="1834.8661417322835" HPOS="1009.9842519685039"/>
            <String HEIGHT="35.43307086614173" WIDTH="130.96062992125985" VPOS="1834.8661417322835" HPOS="966.3307086614174" CONTENT="in-4." ID="tl_44_9" STYLEREFS="FONT0"/>
            <SP HEIGHT="35.43307086614173" WIDTH="14.456692913385826" VPOS="1834.8661417322835" HPOS="1097.291338582677"/>
            <String HEIGHT="35.43307086614173" WIDTH="130.96062992125985" VPOS="1834.8661417322835" HPOS="1053.6377952755906" CONTENT="Toute" ID="tl_44_10" STYLEREFS="FONT0"/>
            <SP HEIGHT="35.43307086614173" WIDTH="14.456692913385826" VPOS="1834.8661417322835" HPOS="1184.5984251968505"/>
            <String HEIGHT="35.43307086614173" WIDTH="247.46456692913387" VPOS="1834.8661417322835" HPOS="1126.4881889763778" CONTENT="confidentielle." ID="tl_44_11" STYLEREFS="FONT0"/>
          </TextLine>
          <TextLine ID="tl_45" BASELINE="6722" HEIGHT="33.732283464566926" WIDTH="285.73228346456693" VPOS="1871.716535433071" HPOS="363.68503937007875">
            <String HEIGHT="33.732283464566926" WIDTH="171.49606299212599" VPOS="1871.716535433071" HPOS="349.51181102362204" CONTENT="Affaires" ID="tl_45_1" STYLEREFS="FONT0"/>
            <SP HEIGHT="33.732283464566926" WIDTH="14.173228346456693" VPOS="1871.716535433071" HPOS="520.7244094488188"/>
            <String HEIGHT="33.732283464566926" WIDTH="185.66929133858267" VPOS="1871.716535433071" HPOS="463.748031496063" CONTENT="politiques." ID="tl_45_2" STYLEREFS="FONT0"/>
          </TextLine>
        </TextBlock>
        <TextBlock ID="r_1_26" HEIGHT="45.92125984251968" WIDTH="721.7007874015748" VPOS="1911.6850393700788" HPOS="272.6929133858268">
          <TextLine ID="tl_46" BASELINE="6905" HEIGHT="45.354330708661415" WIDTH="721.1338582677165" VPOS="1911.9685039370079" HPOS="272.9763779527559">
            <String HEIGHT="45.354330708661415" WIDTH="114.80314960629921" VPOS="1911.9685039370079" HPOS="256.53543307086613" CONTENT="82." ID="tl_46_1" STYLEREFS="FONT0"/>
            <SP HEIGHT="45.354330708661415" WIDTH="16.440944881889763" VPOS="1911.9685039370079" HPOS="371.33858267716533"/>
            <String HEIGHT="45.354330708661415" WIDTH="295.0866141732283" VPOS="1911.9685039370079" HPOS="322.01574803149606" CONTENT="CLERGÉ." ID="tl_46_2" STYLEREFS="FONT1"/>
            <SP HEIGHT="45.354330708661415" WIDTH="16.440944881889763" VPOS="1911.9685039370079" HPOS="617.1023622047244"/>
            <String HEIGHT="45.354330708661415" WIDTH="81.92125984251969" VPOS="1911.9685039370079" HPOS="568.0629921259842" CONTENT="4" ID="tl_46_3" STYLEREFS="FONT0"/>
            <SP HEIGHT="45.354330708661415" WIDTH="16.440944881889763" VPOS="1911.9685039370079" HPOS="649.9842519685039"/>
            <String HEIGHT="45.354330708661415" WIDTH="180.28346456692913" VPOS="1911.9685039370079" HPOS="600.6614173228346" CONTENT="lettres" ID="tl_46_4" STYLEREFS="FONT0"/>
            <SP HEIGHT="45.354330708661415" WIDTH="16.440944881889763" VPOS="1911.9685039370079" HPOS="780.9448818897638"/>
            <String HEIGHT="45.354330708661415" WIDTH="163.84251968503938" VPOS="1911.9685039370079" HPOS="731.9055118110236" CONTENT="autog." ID="tl_46_5" STYLEREFS="FONT0"/>
            <SP HEIGHT="45.354330708661415" WIDTH="16.440944881889763" VPOS="1911.9685039370079" HPOS="895.7480314960629"/>
            <String HEIGHT="45.354330708661415" WIDTH="163.84251968503938" VPOS="1911.9685039370079" HPOS="830.2677165354331" CONTENT="signées." ID="tl_46_6" STYLEREFS="FONT0"/>
          </TextLine>
        </TextBlock>
        <TextBlock ID="r_1_27" HEIGHT="36.56692913385827" WIDTH="805.6062992125984" VPOS="1962.1417322834645" HPOS="394.01574803149606">
          <TextLine ID="tl_47" BASELINE="7050" HEIGHT="36.0" WIDTH="805.0393700787401" VPOS="1962.4251968503936" HPOS="394.2992125984252">
            <String HEIGHT="36.0" WIDTH="170.36220472440945" VPOS="1962.4251968503936" HPOS="378.70866141732284" CONTENT="BAUSSET" ID="tl_47_1" STYLEREFS="FONT0"/>
            <SP HEIGHT="36.0" WIDTH="15.590551181102363" VPOS="1962.4251968503936" HPOS="549.0708661417323"/>
            <String HEIGHT="36.0" WIDTH="108.28346456692914" VPOS="1962.4251968503936" HPOS="502.5826771653543" CONTENT="(Le" ID="tl_47_2" STYLEREFS="FONT0"/>
            <SP HEIGHT="36.0" WIDTH="15.590551181102363" VPOS="1962.4251968503936" HPOS="611.1496062992126"/>
            <String HEIGHT="36.0" WIDTH="139.46456692913387" VPOS="1962.4251968503936" HPOS="564.6614173228346" CONTENT="card." ID="tl_47_3" STYLEREFS="FONT0"/>
            <SP HEIGHT="36.0" WIDTH="15.590551181102363" VPOS="1962.4251968503936" HPOS="703.8425196850394"/>
            <String HEIGHT="36.0" WIDTH="123.8740157480315" VPOS="1962.4251968503936" HPOS="657.3543307086615" CONTENT="de)." ID="tl_47_4" STYLEREFS="FONT0"/>
            <SP HEIGHT="36.0" WIDTH="15.590551181102363" VPOS="1962.4251968503936" HPOS="781.2283464566929"/>
            <String HEIGHT="36.0" WIDTH="92.97637795275591" VPOS="1962.4251968503936" HPOS="735.0236220472441" CONTENT="16" ID="tl_47_5" STYLEREFS="FONT0"/>
            <SP HEIGHT="36.0" WIDTH="15.590551181102363" VPOS="1962.4251968503936" HPOS="827.7165354330708"/>
            <String HEIGHT="36.0" WIDTH="170.36220472440945" VPOS="1962.4251968503936" HPOS="781.2283464566929" CONTENT="octobre" ID="tl_47_6" STYLEREFS="FONT0"/>
            <SP HEIGHT="36.0" WIDTH="15.590551181102363" VPOS="1962.4251968503936" HPOS="951.5905511811023"/>
            <String HEIGHT="36.0" WIDTH="139.46456692913387" VPOS="1962.4251968503936" HPOS="905.1023622047244" CONTENT="1814." ID="tl_47_7" STYLEREFS="FONT0"/>
            <SP HEIGHT="36.0" WIDTH="15.590551181102363" VPOS="1962.4251968503936" HPOS="1044.5669291338584"/>
            <String HEIGHT="36.0" WIDTH="77.38582677165354" VPOS="1962.4251968503936" HPOS="998.0787401574803" CONTENT="1" ID="tl_47_8" STYLEREFS="FONT0"/>
            <SP HEIGHT="36.0" WIDTH="15.590551181102363" VPOS="1962.4251968503936" HPOS="1075.4645669291338"/>
            <String HEIGHT="36.0" WIDTH="123.8740157480315" VPOS="1962.4251968503936" HPOS="1028.976377952756" CONTENT="page" ID="tl_47_9" STYLEREFS="FONT0"/>
            <SP HEIGHT="36.0" WIDTH="15.590551181102363" VPOS="1962.4251968503936" HPOS="1152.8503937007874"/>
            <String HEIGHT="36.0" WIDTH="108.28346456692914" VPOS="1962.4251968503936" HPOS="1091.0551181102362" CONTENT="in" ID="tl_47_10" STYLEREFS="FONT0"/>
          </TextLine>
        </TextBlock>
        <TextBlock ID="r_1_28" HEIGHT="36.0" WIDTH="960.9448818897638" VPOS="1995.5905511811025" HPOS="396.8503937007874">
          <TextLine ID="tl_48" BASELINE="7166" HEIGHT="35.43307086614173" WIDTH="960.3779527559055" VPOS="1995.8740157480315" HPOS="397.13385826771656">
            <String HEIGHT="35.43307086614173" WIDTH="94.39370078740157" VPOS="1995.8740157480315" HPOS="381.25984251968504" CONTENT="LA" ID="tl_48_1" STYLEREFS="FONT0"/>
            <SP HEIGHT="35.43307086614173" WIDTH="15.874015748031496" VPOS="1995.8740157480315" HPOS="475.93700787401576"/>
            <String HEIGHT="35.43307086614173" WIDTH="125.85826771653544" VPOS="1995.8740157480315" HPOS="428.59842519685037" CONTENT="TOUR" ID="tl_48_2" STYLEREFS="FONT0"/>
            <SP HEIGHT="35.43307086614173" WIDTH="15.874015748031496" VPOS="1995.8740157480315" HPOS="554.4566929133858"/>
            <String HEIGHT="35.43307086614173" WIDTH="220.53543307086613" VPOS="1995.8740157480315" HPOS="507.40157480314963" CONTENT="D'AUVERGNE" ID="tl_48_3" STYLEREFS="FONT0"/>
            <SP HEIGHT="35.43307086614173" WIDTH="15.874015748031496" VPOS="1995.8740157480315" HPOS="727.6535433070866"/>
            <String HEIGHT="35.43307086614173" WIDTH="110.26771653543307" VPOS="1995.8740157480315" HPOS="680.5984251968504" CONTENT="(Le" ID="tl_48_4" STYLEREFS="FONT0"/>
            <SP HEIGHT="35.43307086614173" WIDTH="15.874015748031496" VPOS="1995.8740157480315" HPOS="790.8661417322835"/>
            <String HEIGHT="35.43307086614173" WIDTH="141.73228346456693" VPOS="1995.8740157480315" HPOS="743.5275590551181" CONTENT="card." ID="tl_48_5" STYLEREFS="FONT0"/>
            <SP HEIGHT="35.43307086614173" WIDTH="15.874015748031496" VPOS="1995.8740157480315" HPOS="885.2598425196851"/>
            <String HEIGHT="35.43307086614173" WIDTH="141.73228346456693" VPOS="1995.8740157480315" HPOS="837.9212598425197" CONTENT="de).6" ID="tl_48_6" STYLEREFS="FONT0"/>
            <SP HEIGHT="35.43307086614173" WIDTH="15.874015748031496" VPOS="1995.8740157480315" HPOS="979.6535433070866"/>
            <String HEIGHT="35.43307086614173" WIDTH="173.1968503937008" VPOS="1995.8740157480315" HPOS="932.3149606299213" CONTENT="février" ID="tl_48_7" STYLEREFS="FONT0"/>
            <SP HEIGHT="35.43307086614173" WIDTH="15.874015748031496" VPOS="1995.8740157480315" HPOS="1105.5118110236222"/>
            <String HEIGHT="35.43307086614173" WIDTH="141.73228346456693" VPOS="1995.8740157480315" HPOS="1058.4566929133857" CONTENT="1807." ID="tl_48_8" STYLEREFS="FONT0"/>
            <SP HEIGHT="35.43307086614173" WIDTH="15.874015748031496" VPOS="1995.8740157480315" HPOS="1200.1889763779527"/>
            <String HEIGHT="35.43307086614173" WIDTH="78.80314960629921" VPOS="1995.8740157480315" HPOS="1152.8503937007874" CONTENT="1" ID="tl_48_9" STYLEREFS="FONT0"/>
            <SP HEIGHT="35.43307086614173" WIDTH="15.874015748031496" VPOS="1995.8740157480315" HPOS="1231.6535433070867"/>
            <String HEIGHT="35.43307086614173" WIDTH="125.85826771653544" VPOS="1995.8740157480315" HPOS="1184.3149606299212" CONTENT="page" ID="tl_48_10" STYLEREFS="FONT0"/>
            <SP HEIGHT="35.43307086614173" WIDTH="15.874015748031496" VPOS="1995.8740157480315" HPOS="1310.1732283464567"/>
            <String HEIGHT="35.43307086614173" WIDTH="110.26771653543307" VPOS="1995.8740157480315" HPOS="1247.244094488189" CONTENT="in" ID="tl_48_11" STYLEREFS="FONT0"/>
          </TextLine>
        </TextBlock>
        <TextBlock ID="r_1_29" HEIGHT="37.7007874015748" WIDTH="918.4251968503937" VPOS="2030.740157480315" HPOS="394.01574803149606">
          <TextLine ID="tl_49" BASELINE="7296" HEIGHT="37.13385826771653" WIDTH="917.8582677165355" VPOS="2031.023622047244" HPOS="394.2992125984252">
            <String HEIGHT="37.13385826771653" WIDTH="155.6220472440945" VPOS="2031.023622047244" HPOS="378.70866141732284" CONTENT="QUÉLEN" ID="tl_49_1" STYLEREFS="FONT0"/>
            <SP HEIGHT="37.13385826771653" WIDTH="15.590551181102363" VPOS="2031.023622047244" HPOS="534.3307086614174"/>
            <String HEIGHT="37.13385826771653" WIDTH="217.70078740157481" VPOS="2031.023622047244" HPOS="487.5590551181102" CONTENT="(Hyacinthe" ID="tl_49_2" STYLEREFS="FONT0"/>
            <SP HEIGHT="37.13385826771653" WIDTH="15.590551181102363" VPOS="2031.023622047244" HPOS="705.5433070866142"/>
            <String HEIGHT="37.13385826771653" WIDTH="124.44094488188976" VPOS="2031.023622047244" HPOS="658.7716535433071" CONTENT="de)," ID="tl_49_3" STYLEREFS="FONT0"/>
            <SP HEIGHT="37.13385826771653" WIDTH="15.590551181102363" VPOS="2031.023622047244" HPOS="783.2125984251968"/>
            <String HEIGHT="37.13385826771653" WIDTH="171.21259842519686" VPOS="2031.023622047244" HPOS="736.4409448818898" CONTENT="archev." ID="tl_49_4" STYLEREFS="FONT0"/>
            <SP HEIGHT="37.13385826771653" WIDTH="15.590551181102363" VPOS="2031.023622047244" HPOS="907.6535433070866"/>
            <String HEIGHT="37.13385826771653" WIDTH="93.25984251968504" VPOS="2031.023622047244" HPOS="860.8818897637796" CONTENT="de" ID="tl_49_5" STYLEREFS="FONT0"/>
            <SP HEIGHT="37.13385826771653" WIDTH="15.590551181102363" VPOS="2031.023622047244" HPOS="954.4251968503937"/>
            <String HEIGHT="37.13385826771653" WIDTH="155.6220472440945" VPOS="2031.023622047244" HPOS="907.6535433070866" CONTENT="Paris." ID="tl_49_6" STYLEREFS="FONT0"/>
            <SP HEIGHT="37.13385826771653" WIDTH="15.590551181102363" VPOS="2031.023622047244" HPOS="1063.275590551181"/>
            <String HEIGHT="37.13385826771653" WIDTH="140.03149606299212" VPOS="2031.023622047244" HPOS="1016.503937007874" CONTENT="1824." ID="tl_49_7" STYLEREFS="FONT0"/>
            <SP HEIGHT="37.13385826771653" WIDTH="15.590551181102363" VPOS="2031.023622047244" HPOS="1156.5354330708662"/>
            <String HEIGHT="37.13385826771653" WIDTH="77.66929133858268" VPOS="2031.023622047244" HPOS="1110.0472440944882" CONTENT="1" ID="tl_49_8" STYLEREFS="FONT0"/>
            <SP HEIGHT="37.13385826771653" WIDTH="15.590551181102363" VPOS="2031.023622047244" HPOS="1187.716535433071"/>
            <String HEIGHT="37.13385826771653" WIDTH="124.44094488188976" VPOS="2031.023622047244" HPOS="1140.9448818897638" CONTENT="page" ID="tl_49_9" STYLEREFS="FONT0"/>
            <SP HEIGHT="37.13385826771653" WIDTH="15.590551181102363" VPOS="2031.023622047244" HPOS="1265.3858267716535"/>
            <String HEIGHT="37.13385826771653" WIDTH="108.85039370078741" VPOS="2031.023622047244" HPOS="1203.3070866141732" CONTENT="in" ID="tl_49_10" STYLEREFS="FONT0"/>
          </TextLine>
        </TextBlock>
        <TextBlock ID="r_1_30" HEIGHT="36.0" WIDTH="882.992125984252" VPOS="2065.8897637795276" HPOS="397.13385826771656">
          <TextLine ID="tl_50" BASELINE="7414" HEIGHT="35.43307086614173" WIDTH="882.4251968503937" VPOS="2066.1732283464567" HPOS="397.4173228346457">
            <String HEIGHT="35.43307086614173" WIDTH="152.2204724409449" VPOS="2066.1732283464567" HPOS="382.1102362204724" CONTENT="MARON," ID="tl_50_1" STYLEREFS="FONT0"/>
            <SP HEIGHT="35.43307086614173" WIDTH="15.307086614173228" VPOS="2066.1732283464567" HPOS="534.3307086614174"/>
            <String HEIGHT="35.43307086614173" WIDTH="182.5511811023622" VPOS="2066.1732283464567" HPOS="488.6929133858268" CONTENT="ministre" ID="tl_50_2" STYLEREFS="FONT0"/>
            <SP HEIGHT="35.43307086614173" WIDTH="15.307086614173228" VPOS="2066.1732283464567" HPOS="671.2440944881889"/>
            <String HEIGHT="35.43307086614173" WIDTH="228.18897637795277" VPOS="2066.1732283464567" HPOS="625.6062992125984" CONTENT="protestant." ID="tl_50_3" STYLEREFS="FONT0"/>
            <SP HEIGHT="35.43307086614173" WIDTH="15.307086614173228" VPOS="2066.1732283464567" HPOS="853.7952755905512"/>
            <String HEIGHT="35.43307086614173" WIDTH="91.2755905511811" VPOS="2066.1732283464567" HPOS="808.1574803149606" CONTENT="10" ID="tl_50_4" STYLEREFS="FONT0"/>
            <SP HEIGHT="35.43307086614173" WIDTH="15.307086614173228" VPOS="2066.1732283464567" HPOS="899.4330708661417"/>
            <String HEIGHT="35.43307086614173" WIDTH="167.24409448818898" VPOS="2066.1732283464567" HPOS="853.7952755905512" CONTENT="février" ID="tl_50_5" STYLEREFS="FONT0"/>
            <SP HEIGHT="35.43307086614173" WIDTH="15.307086614173228" VPOS="2066.1732283464567" HPOS="1021.3228346456693"/>
            <String HEIGHT="35.43307086614173" WIDTH="136.91338582677164" VPOS="2066.1732283464567" HPOS="975.6850393700787" CONTENT="1826." ID="tl_50_6" STYLEREFS="FONT0"/>
            <SP HEIGHT="35.43307086614173" WIDTH="15.307086614173228" VPOS="2066.1732283464567" HPOS="1112.5984251968505"/>
            <String HEIGHT="35.43307086614173" WIDTH="75.96850393700787" VPOS="2066.1732283464567" HPOS="1066.9606299212599" CONTENT="2" ID="tl_50_7" STYLEREFS="FONT0"/>
            <SP HEIGHT="35.43307086614173" WIDTH="15.307086614173228" VPOS="2066.1732283464567" HPOS="1142.9291338582677"/>
            <String HEIGHT="35.43307086614173" WIDTH="136.91338582677164" VPOS="2066.1732283464567" HPOS="1097.291338582677" CONTENT="pages" ID="tl_50_8" STYLEREFS="FONT0"/>
            <SP HEIGHT="35.43307086614173" WIDTH="15.307086614173228" VPOS="2066.1732283464567" HPOS="1234.2047244094488"/>
            <String HEIGHT="35.43307086614173" WIDTH="106.58267716535433" VPOS="2066.1732283464567" HPOS="1173.259842519685" CONTENT="in" ID="tl_50_9" STYLEREFS="FONT0"/>
          </TextLine>
        </TextBlock>
        <GraphicalElement ID="r_2" HEIGHT="1249.5118110236222" WIDTH="6.2362204724409445" VPOS="798.2362204724409" HPOS="1656.5669291338584"/>
        <GraphicalElement ID="r_3" HEIGHT="96.37795275590551" WIDTH="5.102362204724409" VPOS="2384.503937007874" HPOS="1657.7007874015749"/>
        <GraphicalElement ID="r_4" HEIGHT="75.96850393700787" WIDTH="2.5511811023622046" VPOS="2247.3070866141734" HPOS="1660.251968503937"/>
      </PrintSpace>
    </Page>
  </Layout>
</alto>
