1662.8031496062993 2555.716535433071
654.8031496062993 163.2755905511811 275.244094488189 37.41732283464567 —13—

272.40944881889766 228.4724409448819 130.96062992125985 42.803149606299215 83.
347.244094488189 228.4724409448819 336.4724409448819 42.803149606299215 COLBERT
627.5905511811023 228.4724409448819 373.8897637795276 42.803149606299215 (Jean-Baptiste),
945.6377952755905 228.4724409448819 224.50393700787401 42.803149606299215 ministre
1113.732283464567 228.4724409448819 112.25196850393701 42.803149606299215 de
1169.8582677165355 228.4724409448819 168.3779527559055 42.803149606299215 Louis
1263.4015748031495 228.4724409448819 112.25196850393701 42.803149606299215 XIV,

401.38582677165357 272.9763779527559 194.74015748031496 40.818897637795274 membre
537.7322834645669 272.9763779527559 116.78740157480316 40.818897637795274 de
596.4094488188977 272.9763779527559 272.6929133858268 40.818897637795274 l'Académie
810.7086614173228 272.9763779527559 272.6929133858268 40.818897637795274 française.
1025.007874015748 272.9763779527559 116.78740157480316 40.818897637795274 N.
1083.4015748031495 272.9763779527559 175.46456692913387 40.818897637795274 1619.
1200.1889763779527 272.9763779527559 116.78740157480316 40.818897637795274 M.
1239.3070866141732 272.9763779527559 136.3464566929134 40.818897637795274 1683.

396.56692913385825 315.496062992126 97.22834645669292 35.1496062992126 L.
445.03937007874015 315.496062992126 129.54330708661416 35.1496062992126 aut.
526.1102362204724 315.496062992126 129.54330708661416 35.1496062992126 sig.
606.8976377952756 315.496062992126 81.07086614173228 35.1496062992126 à
639.496062992126 315.496062992126 97.22834645669292 35.1496062992126 M.
687.9685039370079 315.496062992126 97.22834645669292 35.1496062992126 Le
736.4409448818898 315.496062992126 145.70078740157481 35.1496062992126 Bret.
833.6692913385826 315.496062992126 97.22834645669292 35.1496062992126 De
882.1417322834645 315.496062992126 178.01574803149606 35.1496062992126 Sceaux,
1011.6850393700787 315.496062992126 97.22834645669292 35.1496062992126 12
1060.4409448818897 315.496062992126 178.01574803149606 35.1496062992126 octobre
1189.984251968504 315.496062992126 145.70078740157481 35.1496062992126 1681.
1270.7716535433071 315.496062992126 113.38582677165354 35.1496062992126 demi-

360.8503937007874 351.21259842519686 120.18897637795276 31.46456692913386 page
435.9685039370079 351.21259842519686 90.14173228346456 31.46456692913386 in
466.01574803149606 351.21259842519686 60.09448818897638 31.46456692913386 4.

392.88188976377955 382.3937007874016 81.35433070866142 31.748031496062993 Il
433.7007874015748 382.3937007874016 94.96062992125984 31.748031496062993 lui
487.84251968503935 382.3937007874016 122.1732283464567 31.748031496062993 donne
569.1968503937007 382.3937007874016 122.1732283464567 31.748031496062993 ordre
650.5511811023622 382.3937007874016 81.35433070866142 31.748031496062993 de
691.3700787401575 382.3937007874016 162.70866141732284 31.748031496062993 vérifier
813.2598425196851 382.3937007874016 94.96062992125984 31.748031496062993 les
867.4015748031496 382.3937007874016 108.56692913385827 31.748031496062993 bois
935.1496062992126 382.3937007874016 94.96062992125984 31.748031496062993 qui
989.5748031496063 382.3937007874016 230.45669291338584 31.748031496062993 appartiennent
1179.4960629921259 382.3937007874016 81.35433070866142 31.748031496062993 au
1220.0314960629921 382.3937007874016 94.96062992125984 31.748031496062993 duc
1274.1732283464567 382.3937007874016 81.35433070866142 31.748031496062993 de
1301.3858267716535 382.3937007874016 81.35433070866142 31.748031496062993 Mor-

361.7007874015748 410.74015748031496 148.8188976377953 31.748031496062993 temart,
469.98425196850394 410.74015748031496 81.07086614173228 31.748031496062993 en
510.5196850393701 410.74015748031496 162.14173228346456 31.748031496062993 Limousin
632.1259842519685 410.74015748031496 81.07086614173228 31.748031496062993 et
672.6614173228346 410.74015748031496 81.07086614173228 31.748031496062993 en
713.1968503937007 410.74015748031496 148.8188976377953 31.748031496062993 Poitou,
807.8740157480315 410.74015748031496 81.07086614173228 31.748031496062993 etc.

275.81102362204723 453.54330708661416 118.48818897637796 42.803149606299215 84.
343.5590551181102 453.54330708661416 304.7244094488189 42.803149606299215 COLIGNY
597.5433070866142 453.54330708661416 203.24409448818898 42.803149606299215 (Gaspard
749.7637795275591 453.54330708661416 135.49606299212599 42.803149606299215 de),
834.5196850393701 453.54330708661416 169.22834645669292 42.803149606299215 seign.
953.007874015748 453.54330708661416 101.48031496062993 42.803149606299215 de
1003.7480314960629 453.54330708661416 253.98425196850394 42.803149606299215 Chastillon,
1189.984251968504 453.54330708661416 186.23622047244095 42.803149606299215 l’amiral.

796.2519685039371 497.1968503937008 112.81889763779527 34.86614173228347 N.
852.6614173228346 497.1968503937008 169.22834645669292 34.86614173228347 1517.
965.4803149606299 497.1968503937008 112.81889763779527 34.86614173228347 M.
1021.8897637795276 497.1968503937008 244.3464566929134 34.86614173228347 assassiné
1209.8267716535433 497.1968503937008 112.81889763779527 34.86614173228347 en
1247.5275590551182 497.1968503937008 131.5275590551181 34.86614173228347 1572.

400.251968503937 539.4330708661417 202.11023622047244 35.71653543307087 Précieuse
555.8740157480315 539.4330708661417 155.33858267716536 35.71653543307087 lettre
664.4409448818898 539.4330708661417 186.51968503937007 35.71653543307087 adressée
804.4724409448819 539.4330708661417 93.25984251968504 35.71653543307087 au
850.9606299212599 539.4330708661417 140.03149606299212 35.71653543307087 comte
944.503937007874 539.4330708661417 93.25984251968504 35.71653543307087 de
990.992125984252 539.4330708661417 202.11023622047244 35.71653543307087 Reingeau,
1146.3307086614172 539.4330708661417 140.03149606299212 35.71653543307087 datée
1239.5905511811025 539.4330708661417 93.25984251968504 35.71653543307087 de
1270.7716535433071 539.4330708661417 108.85039370078741 35.71653543307087 Caen,

368.2204724409449 573.4488188976378 90.14173228346456 33.732283464566926 16
413.29133858267716 573.4488188976378 120.18897637795276 33.732283464566926 mars
488.40944881889766 573.4488188976378 135.21259842519686 33.732283464566926 1562.
578.5511811023622 573.4488188976378 75.11811023622047 33.732283464566926 1
608.5984251968504 573.4488188976378 120.18897637795276 33.732283464566926 page
683.7165354330708 573.4488188976378 180.28346456692913 33.732283464566926 in-folio
818.6456692913385 573.4488188976378 120.18897637795276 33.732283464566926 avec
878.7401574803149 573.4488188976378 135.21259842519686 33.732283464566926 cachet.

391.18110236220474 606.8976377952756 81.35433070866142 36.8503937007874 On
432.0 606.8976377952756 67.74803149606299 36.8503937007874 y
459.21259842519686 606.8976377952756 162.99212598425197 36.8503937007874 remarque
581.3858267716536 606.8976377952756 81.35433070866142 36.8503937007874 le
621.9212598425197 606.8976377952756 149.38582677165354 36.8503937007874 passage
730.488188976378 606.8976377952756 162.99212598425197 36.8503937007874 suivant,
852.6614173228346 606.8976377952756 122.1732283464567 36.8503937007874 écrit
934.2992125984252 606.8976377952756 203.5275590551181 36.8503937007874 entièrement
1097.007874015748 606.8976377952756 81.35433070866142 36.8503937007874 de
1137.8267716535433 606.8976377952756 81.35433070866142 36.8503937007874 la
1178.6456692913387 606.8976377952756 108.56692913385827 36.8503937007874 main
1246.3937007874015 606.8976377952756 81.35433070866142 36.8503937007874 de
1273.6062992125985 606.8976377952756 108.56692913385827 36.8503937007874 l’ami-

365.38582677165357 634.1102362204724 107.14960629921259 32.881889763779526 ral,
432.2834645669291 634.1102362204724 80.22047244094489 32.881889763779526 et
472.53543307086613 634.1102362204724 120.4724409448819 32.881889763779526 signé
552.7559055118111 634.1102362204724 93.8267716535433 32.881889763779526 (le
606.3307086614174 634.1102362204724 214.29921259842519 32.881889763779526 commencement
780.3779527559055 634.1102362204724 80.22047244094489 32.881889763779526 de
820.3464566929134 634.1102362204724 80.22047244094489 32.881889763779526 la
860.5984251968504 634.1102362204724 133.79527559055117 32.881889763779526 lettre
954.4251968503937 634.1102362204724 120.4724409448819 32.881889763779526 étant
1034.6456692913387 634.1102362204724 107.14960629921259 32.881889763779526 d’un
1101.5433070866143 634.1102362204724 214.29921259842519 32.881889763779526 secrétaire).
1275.5905511811025 634.1102362204724 66.89763779527559 32.881889763779526 «
1302.5196850393702 634.1102362204724 80.22047244094489 32.881889763779526 Il
1329.1653543307086 634.1102362204724 53.574803149606296 32.881889763779526 me

362.5511811023622 663.0236220472441 71.71653543307086 31.748031496062993 «
391.46456692913387 663.0236220472441 143.71653543307087 31.748031496062993 samble
491.81102362204723 663.0236220472441 100.62992125984252 31.748031496062993 que
549.3543307086615 663.0236220472441 114.80314960629921 31.748031496062993 vous
621.0708661417323 663.0236220472441 86.1732283464567 31.748031496062993 ne
664.1574803149606 663.0236220472441 172.3464566929134 31.748031496062993 scauries
793.4173228346457 663.0236220472441 143.71653543307087 31.748031496062993 mieulx
894.0472440944882 663.0236220472441 129.25984251968504 31.748031496062993 faire
980.2204724409448 663.0236220472441 100.62992125984252 31.748031496062993 que
1037.4803149606298 663.0236220472441 86.1732283464567 31.748031496062993 de
1080.5669291338584 663.0236220472441 114.80314960629921 31.748031496062993 vous
1152.283464566929 663.0236220472441 186.8031496062992 31.748031496062993 acheminer
1296.0 663.0236220472441 71.71653543307086 31.748031496062993 à
1310.4566929133857 663.0236220472441 71.71653543307086 31.748031496062993 Or-

363.40157480314963 691.3700787401575 66.33070866141732 31.748031496062993 «
390.0472440944882 691.3700787401575 132.66141732283464 31.748031496062993 leans,
482.74015748031496 691.3700787401575 79.65354330708661 31.748031496062993 ou
522.7086614173228 691.3700787401575 145.98425196850394 31.748031496062993 iespere
628.7244094488188 691.3700787401575 92.69291338582677 31.748031496062993 que
681.7322834645669 691.3700787401575 119.33858267716535 31.748031496062993 iaure
761.3858267716536 691.3700787401575 79.65354330708661 31.748031496062993 le
801.0708661417323 691.3700787401575 119.33858267716535 31.748031496062993 moien
880.7244094488188 691.3700787401575 79.65354330708661 31.748031496062993 de
920.4094488188977 691.3700787401575 106.01574803149606 31.748031496062993 vous
986.7401574803149 691.3700787401575 132.66141732283464 31.748031496062993 veoir,
1079.4330708661416 691.3700787401575 79.65354330708661 31.748031496062993 et
1119.1181102362204 691.3700787401575 79.65354330708661 31.748031496062993 ce
1159.0866141732283 691.3700787401575 145.98425196850394 31.748031496062993 pendant
1251.7795275590552 691.3700787401575 132.66141732283464 31.748031496062993 asseures

363.9685039370079 719.1496062992126 69.73228346456693 31.181102362204726 «
391.748031496063 719.1496062992126 111.4015748031496 31.181102362204726 vous
461.4803149606299 719.1496062992126 111.4015748031496 31.181102362204726 quil
531.2125984251968 719.1496062992126 83.62204724409449 31.181102362204726 ne
572.8818897637796 719.1496062992126 153.35433070866142 31.181102362204726 tiendra
684.5669291338583 719.1496062992126 125.5748031496063 31.181102362204726 point
768.1889763779527 719.1496062992126 83.62204724409449 31.181102362204726 en
809.8582677165355 719.1496062992126 97.51181102362204 31.181102362204726 moy
865.7007874015748 719.1496062992126 97.51181102362204 31.181102362204726 que
921.5433070866142 719.1496062992126 111.4015748031496 31.181102362204726 nous
990.992125984252 719.1496062992126 139.46456692913387 31.181102362204726 nayons
1088.7874015748032 719.1496062992126 97.51181102362204 31.181102362204726 une
1144.3464566929133 719.1496062992126 125.5748031496063 31.181102362204726 paix,
1227.9685039370079 719.1496062992126 111.4015748031496 31.181102362204726 mais
1297.7007874015749 719.1496062992126 83.62204724409449 31.181102362204726 si
1325.4803149606298 719.1496062992126 55.84251968503937 31.181102362204726 on

364.53543307086613 746.9291338582677 66.33070866141732 36.28346456692913 «
391.18110236220474 746.9291338582677 79.37007874015748 36.28346456692913 la
430.86614173228344 746.9291338582677 119.05511811023622 36.28346456692913 peult
510.23622047244095 746.9291338582677 119.05511811023622 36.28346456692913 faire
589.6062992125984 746.9291338582677 145.70078740157481 36.28346456692913 aveques
695.6220472440945 746.9291338582677 92.69291338582677 36.28346456692913 les
748.6299212598425 746.9291338582677 159.0236220472441 36.28346456692913 articles
867.6850393700787 746.9291338582677 92.69291338582677 36.28346456692913 que
920.6929133858267 746.9291338582677 92.69291338582677 36.28346456692913 iay
973.7007874015748 746.9291338582677 119.05511811023622 36.28346456692913 veus,
1053.0708661417323 746.9291338582677 106.01574803149606 36.28346456692913 l’on
1119.4015748031495 746.9291338582677 79.37007874015748 36.28346456692913 ne
1159.0866141732283 746.9291338582677 106.01574803149606 36.28346456692913 peut
1225.1338582677165 746.9291338582677 145.70078740157481 36.28346456692913 esperer
1317.8267716535433 746.9291338582677 66.33070866141732 36.28346456692913 que

363.9685039370079 774.7086614173228 67.18110236220473 32.881889763779526 «
390.61417322834643 774.7086614173228 107.43307086614173 32.881889763779526 plus
457.79527559055117 774.7086614173228 120.75590551181102 32.881889763779526 grans
538.2992125984252 774.7086614173228 161.00787401574803 32.881889763779526 troubles
659.3385826771654 774.7086614173228 80.50393700787401 32.881889763779526 en
699.5905511811023 774.7086614173228 80.50393700787401 32.881889763779526 ce
739.8425196850394 774.7086614173228 161.00787401574803 32.881889763779526 royaulme
860.5984251968504 774.7086614173228 94.11023622047244 32.881889763779526 que
914.1732283464567 774.7086614173228 147.68503937007873 32.881889763779526 jamais;
1021.6062992125984 774.7086614173228 94.11023622047244 32.881889763779526 car
1075.4645669291338 774.7086614173228 120.75590551181102 32.881889763779526 c’est
1155.9685039370079 774.7086614173228 107.43307086614173 32.881889763779526 trop
1223.1496062992126 774.7086614173228 120.75590551181102 32.881889763779526 grand
1290.0472440944882 774.7086614173228 94.11023622047244 32.881889763779526 pitie

363.40157480314963 803.0551181102362 68.03149606299213 31.748031496062993 «
390.61417322834643 803.0551181102362 95.24409448818898 31.748031496062993 que
445.03937007874015 803.0551181102362 81.63779527559055 31.748031496062993 de
485.8582677165354 803.0551181102362 149.66929133858267 31.748031496062993 limiter
594.7086614173228 803.0551181102362 136.06299212598427 31.748031496062993 ainssy
689.9527559055118 803.0551181102362 163.2755905511811 31.748031496062993 certains
812.4094488188977 803.0551181102362 122.45669291338582 31.748031496062993 lieux
893.7637795275591 803.0551181102362 108.85039370078741 31.748031496062993 pour
961.7952755905512 803.0551181102362 136.06299212598427 31.748031496062993 servir
1057.0393700787401 803.0551181102362 68.03149606299213 31.748031496062993 a
1084.251968503937 803.0551181102362 122.45669291338582 31.748031496062993 Dieu,
1165.8897637795276 803.0551181102362 122.45669291338582 31.748031496062993 comme
1247.5275590551182 803.0551181102362 95.24409448818898 31.748031496062993 sil
1301.9527559055118 803.0551181102362 81.63779527559055 31.748031496062993 ne
1329.1653543307086 803.0551181102362 54.425196850393704 31.748031496062993 le

365.9527559055118 831.4015748031496 64.34645669291339 24.37795275590551 «
391.46456692913387 831.4015748031496 141.4488188976378 24.37795275590551 vouloit
494.3622047244094 831.4015748031496 115.65354330708661 24.37795275590551 estre
571.4645669291339 831.4015748031496 77.10236220472441 24.37795275590551 eu
610.2992125984252 831.4015748031496 102.89763779527559 24.37795275590551 tous
674.3622047244095 831.4015748031496 180.0 24.37795275590551 endroicts.
803.0551181102362 831.4015748031496 38.55118110236221 24.37795275590551 »

278.6456692913386 871.3700787401575 117.07086614173228 46.20472440944882 85.
345.54330708661416 871.3700787401575 317.76377952755905 46.20472440944882 CONCINI,
613.1338582677165 871.3700787401575 117.07086614173228 46.20472440944882 dit
680.0314960629921 871.3700787401575 100.34645669291339 46.20472440944882 le
730.2047244094488 871.3700787401575 200.69291338582678 46.20472440944882 maréchal
881.007874015748 871.3700787401575 317.76377952755905 46.20472440944882 d'Ancre,
1148.5984251968505 871.3700787401575 217.41732283464566 46.20472440944882 assassiné
1299.1181102362204 871.3700787401575 83.62204724409449 46.20472440944882 par

405.3543307086614 916.4409448818898 162.4251968503937 39.968503937007874 ordre
513.6377952755905 916.4409448818898 108.28346456692914 39.968503937007874 du
568.0629921259842 916.4409448818898 126.4251968503937 39.968503937007874 roi
640.0629921259842 916.4409448818898 162.4251968503937 39.968503937007874 Louis
748.6299212598425 916.4409448818898 162.4251968503937 39.968503937007874 XIII,
856.9133858267717 916.4409448818898 108.28346456692914 39.968503937007874 en
892.9133858267717 916.4409448818898 126.4251968503937 39.968503937007874 1617.

400.53543307086613 958.3937007874016 88.15748031496064 35.1496062992126 Sa
444.755905511811 958.3937007874016 132.09448818897638 35.1496062992126 sig.,
532.6299212598425 958.3937007874016 73.41732283464567 35.1496062992126 2
562.1102362204724 958.3937007874016 161.5748031496063 35.1496062992126 grandes
679.4645669291339 958.3937007874016 117.35433070866142 35.1496062992126 lig.
752.8818897637796 958.3937007874016 88.15748031496064 35.1496062992126 et
796.8188976377953 958.3937007874016 88.15748031496064 35.1496062992126 le
840.7559055118111 958.3937007874016 205.51181102362204 35.1496062992126 compliment
1002.3307086614174 958.3937007874016 117.35433070866142 35.1496062992126 aut.
1075.748031496063 958.3937007874016 88.15748031496064 35.1496062992126 au
1119.6850393700788 958.3937007874016 102.61417322834646 35.1496062992126 bas
1178.3622047244094 958.3937007874016 132.09448818897638 35.1496062992126 d’une
1251.7795275590552 958.3937007874016 132.09448818897638 35.1496062992126 lettre,

362.5511811023622 992.4094488188977 79.65354330708661 35.71653543307087 à
394.2992125984252 992.4094488188977 95.81102362204724 35.71653543307087 M.
442.20472440944883 992.4094488188977 191.33858267716536 35.71653543307087 l’évêque
585.9212598425197 992.4094488188977 95.81102362204724 35.71653543307087 de
633.8267716535433 992.4094488188977 159.59055118110237 35.71653543307087 Luçon.
745.511811023622 992.4094488188977 255.4015748031496 35.71653543307087 (Richelieu.)
952.7244094488188 992.4094488188977 95.81102362204724 35.71653543307087 Du
1000.6299212598425 992.4094488188977 127.55905511811024 35.71653543307087 Pont
1080.5669291338584 992.4094488188977 95.81102362204724 35.71653543307087 de
1128.1889763779527 992.4094488188977 175.46456692913387 35.71653543307087 Larche,
1256.0314960629921 992.4094488188977 95.81102362204724 35.71653543307087 13
1287.7795275590552 992.4094488188977 95.81102362204724 35.71653543307087 mars

369.6377952755906 1026.992125984252 130.11023622047244 33.44881889763779 1617.
456.37795275590554 1026.992125984252 130.11023622047244 33.44881889763779 Sujet
543.1181102362204 1026.992125984252 202.39370078740157 33.44881889763779 militaire.
702.4251968503937 1026.992125984252 72.28346456692914 33.44881889763779 1
731.3385826771654 1026.992125984252 115.65354330708661 33.44881889763779 page
789.1653543307086 1026.992125984252 159.0236220472441 33.44881889763779 in

280.62992125984255 1064.1259842519685 107.14960629921259 49.039370078740156 86.
341.8582677165354 1064.1259842519685 244.62992125984252 49.039370078740156 CONDÉ
540.5669291338583 1064.1259842519685 153.0708661417323 49.039370078740156 (Louis
647.7165354330708 1064.1259842519685 91.84251968503936 49.039370078740156 II
693.6377952755905 1064.1259842519685 91.84251968503936 49.039370078740156 do
739.5590551181102 1064.1259842519685 183.4015748031496 49.039370078740156 Bourbon,
877.0393700787401 1064.1259842519685 153.0708661417323 49.039370078740156 prince
984.1889763779527 1064.1259842519685 122.45669291338582 49.039370078740156 de),
1060.724409448819 1064.1259842519685 107.14960629921259 49.039370078740156 dil
1121.9527559055118 1064.1259842519685 91.84251968503936 49.039370078740156 le
1152.5669291338584 1064.1259842519685 229.3228346456693 49.039370078740156 Grand.

1021.3228346456693 1116.283464566929 120.18897637795276 34.2992125984252 N.
1081.4173228346456 1116.283464566929 180.0 34.2992125984252 1621.
1201.6062992125985 1116.283464566929 120.18897637795276 34.2992125984252 M.
1241.5748031496064 1116.283464566929 140.03149606299212 34.2992125984252 1686.

401.9527559055118 1151.716535433071 94.96062992125984 40.25196850393701 L.
449.5748031496063 1151.716535433071 126.70866141732283 40.25196850393701 aut.
528.6614173228346 1151.716535433071 142.58267716535434 40.25196850393701 sig..
623.6220472440945 1151.716535433071 79.08661417322834 40.25196850393701 à
655.3700787401575 1151.716535433071 94.96062992125984 40.25196850393701 M.
702.992125984252 1151.716535433071 94.96062992125984 40.25196850393701 de
750.3307086614174 1151.716535433071 189.92125984251967 40.25196850393701 Pompone.
892.9133858267717 1151.716535433071 189.92125984251967 40.25196850393701 ministre
1035.4960629921259 1151.716535433071 221.66929133858267 40.25196850393701 secrétaire
1209.5433070866143 1151.716535433071 174.33070866141733 40.25196850393701 d’État.
1320.6614173228347 1151.716535433071 63.21259842519685 40.25196850393701 De

368.2204724409449 1191.9685039370079 153.0708661417323 34.2992125984252 Nancy,
475.37007874015745 1191.9685039370079 76.53543307086615 34.2992125984252 6
505.98425196850394 1191.9685039370079 168.3779527559055 34.2992125984252 février
628.4409448818898 1191.9685039370079 137.76377952755905 34.2992125984252 1673.
720.5669291338583 1191.9685039370079 76.53543307086615 34.2992125984252 2
751.1811023622047 1191.9685039370079 168.3779527559055 34.2992125984252 grandes
873.6377952755905 1191.9685039370079 137.76377952755905 34.2992125984252 pages
950.1732283464567 1191.9685039370079 107.14960629921259 34.2992125984252 in

396.56692913385825 1224.283464566929 81.35433070866142 32.31496062992126 Il
437.38582677165357 1224.283464566929 94.96062992125984 32.31496062992126 lui
491.5275590551181 1224.283464566929 122.1732283464567 32.31496062992126 donne
572.8818897637796 1224.283464566929 108.56692913385827 32.31496062992126 avis
640.6299212598425 1224.283464566929 122.1732283464567 32.31496062992126 qu’un
721.9842519685039 1224.283464566929 189.92125984251967 32.31496062992126 secrétaire
871.0866141732283 1224.283464566929 81.35433070866142 32.31496062992126 de
911.9055118110236 1224.283464566929 230.45669291338584 32.31496062992126 l’ambassadeur
1101.8267716535433 1224.283464566929 189.92125984251967 32.31496062992126 d’Espagne,
1250.9291338582677 1224.283464566929 94.96062992125984 32.31496062992126 qui
1291.4645669291338 1224.283464566929 94.96062992125984 32.31496062992126 s’est

366.8031496062992 1252.6299212598426 123.8740157480315 31.748031496062993 sauvé
449.5748031496063 1252.6299212598426 165.25984251968504 31.748031496062993 d’auprès
573.4488188976378 1252.6299212598426 82.48818897637796 31.748031496062993 de
614.5511811023622 1252.6299212598426 96.37795275590551 31.748031496062993 son
669.8267716535433 1252.6299212598426 151.37007874015748 31.748031496062993 maître,
779.8110236220473 1252.6299212598426 123.8740157480315 31.748031496062993 vient
862.2992125984252 1252.6299212598426 82.48818897637796 31.748031496062993 en
903.6850393700787 1252.6299212598426 137.48031496062993 31.748031496062993 France
1000.0629921259842 1252.6299212598426 109.98425196850394 31.748031496062993 pour
1068.6614173228347 1252.6299212598426 109.98425196850394 31.748031496062993 dire
1137.5433070866143 1252.6299212598426 82.48818897637796 31.748031496062993 au
1178.9291338582677 1252.6299212598426 96.37795275590551 31.748031496062993 roi
1233.9212598425197 1252.6299212598426 96.37795275590551 31.748031496062993 des
1275.3070866141732 1252.6299212598426 109.98425196850394 31.748031496062993 choses

368.78740157480314 1280.976377952756 225.0708661417323 35.1496062992126 importantes;
551.6220472440945 1280.976377952756 84.4724409448819 35.1496062992126 il
593.8582677165355 1280.976377952756 70.2992125984252 35.1496062992126 a
621.9212598425197 1280.976377952756 84.4724409448819 35.1496062992126 vu
664.1574803149606 1280.976377952756 98.36220472440945 35.1496062992126 cet
720.5669291338583 1280.976377952756 126.4251968503937 35.1496062992126 homme
804.7559055118111 1280.976377952756 70.2992125984252 35.1496062992126 à
832.8188976377953 1280.976377952756 98.36220472440945 35.1496062992126 son
889.2283464566929 1280.976377952756 154.77165354330708 35.1496062992126 passage
1001.7637795275591 1280.976377952756 84.4724409448819 35.1496062992126 et
1043.716535433071 1280.976377952756 98.36220472440945 35.1496062992126 l’a
1100.1259842519685 1280.976377952756 168.66141732283464 35.1496062992126 beaucoup
1212.6614173228347 1280.976377952756 168.66141732283464 35.1496062992126 entretenu;

370.48818897637796 1308.1889763779527 108.0 32.881889763779526 mais
438.23622047244095 1308.1889763779527 81.07086614173228 32.881889763779526 il
478.7716535433071 1308.1889763779527 67.46456692913385 32.881889763779526 y
505.7007874015748 1308.1889763779527 67.46456692913385 32.881889763779526 a
532.6299212598425 1308.1889763779527 94.67716535433071 32.881889763779526 des
586.7716535433071 1308.1889763779527 162.14173228346456 32.881889763779526 articles
708.3779527559055 1308.1889763779527 108.0 32.881889763779526 dont
776.1259842519685 1308.1889763779527 94.67716535433071 32.881889763779526 cet
829.9842519685039 1308.1889763779527 121.60629921259843 32.881889763779526 homme
911.0551181102362 1308.1889763779527 94.67716535433071 32.881889763779526 n’a
965.1968503937007 1308.1889763779527 94.67716535433071 32.881889763779526 pas
1019.3385826771654 1308.1889763779527 121.60629921259843 32.881889763779526 voulu
1100.4094488188975 1308.1889763779527 148.53543307086613 32.881889763779526 parler,
1208.4094488188975 1308.1889763779527 135.21259842519686 32.881889763779526 disant
1289.4803149606298 1308.1889763779527 94.67716535433071 32.881889763779526 qu’il

371.33858267716533 1337.1023622047244 77.95275590551181 36.8503937007874 ne
410.45669291338584 1337.1023622047244 104.03149606299213 36.8503937007874 peut
475.37007874015745 1337.1023622047244 90.99212598425197 36.8503937007874 les
527.2440944881889 1337.1023622047244 104.03149606299213 36.8503937007874 dire
592.1574803149606 1337.1023622047244 116.78740157480316 36.8503937007874 qu’au
670.1102362204724 1337.1023622047244 104.03149606299213 36.8503937007874 roi.
735.0236220472441 1337.1023622047244 77.95275590551181 36.8503937007874 Il
774.1417322834645 1337.1023622047244 90.99212598425197 36.8503937007874 lui
826.0157480314961 1337.1023622047244 64.91338582677166 36.8503937007874 a
852.0944881889764 1337.1023622047244 116.78740157480316 36.8503937007874 donné
930.0472440944882 1337.1023622047244 77.95275590551181 36.8503937007874 de
968.8818897637796 1337.1023622047244 104.03149606299213 36.8503937007874 quoi
1034.0787401574803 1337.1023622047244 168.9448818897638 36.8503937007874 continuer
1163.9055118110236 1337.1023622047244 77.95275590551181 36.8503937007874 sa
1202.740157480315 1337.1023622047244 116.78740157480316 36.8503937007874 route
1267.9370078740158 1337.1023622047244 116.78740157480316 36.8503937007874 jusqu’à

369.6377952755906 1364.3149606299212 136.91338582677164 37.98425196850393 Paris,
465.4488188976378 1364.3149606299212 82.20472440944881 37.98425196850393 où
506.5511811023622 1364.3149606299212 82.20472440944881 37.98425196850393 il
547.6535433070866 1364.3149606299212 82.20472440944881 37.98425196850393 ne
588.7559055118111 1364.3149606299212 109.41732283464567 37.98425196850393 doit
657.0708661417323 1364.3149606299212 95.81102362204724 37.98425196850393 pas
711.7795275590552 1364.3149606299212 136.91338582677164 37.98425196850393 tarder
807.5905511811023 1364.3149606299212 68.5984251968504 37.98425196850393 à
835.0866141732283 1364.3149606299212 164.40944881889763 37.98425196850393 arriver.
958.3937007874016 1364.3149606299212 95.81102362204724 37.98425196850393 Cet
1013.1023622047244 1364.3149606299212 136.91338582677164 37.98425196850393 homme,
1108.9133858267717 1364.3149606299212 95.81102362204724 37.98425196850393 qui
1163.6220472440946 1364.3149606299212 95.81102362204724 37.98425196850393 est
1204.724409448819 1364.3149606299212 178.01574803149606 37.98425196850393 Napolitain,

370.48818897637796 1392.6614173228347 93.54330708661418 35.71653543307087 lui
423.7795275590551 1392.6614173228347 66.89763779527559 35.71653543307087 a
450.70866141732284 1392.6614173228347 120.18897637795276 35.71653543307087 conté
530.6456692913385 1392.6614173228347 106.86614173228347 35.71653543307087 fort
597.5433070866142 1392.6614173228347 227.0551181102362 35.71653543307087 naturellement
784.6299212598425 1392.6614173228347 93.54330708661418 35.71653543307087 les
837.9212598425197 1392.6614173228347 146.83464566929135 35.71653543307087 raisons
944.7874015748032 1392.6614173228347 93.54330708661418 35.71653543307087 qui
998.3622047244095 1392.6614173228347 120.18897637795276 35.71653543307087 l’ont
1078.2992125984251 1392.6614173228347 133.51181102362204 35.71653543307087 obligé
1171.8425196850394 1392.6614173228347 66.89763779527559 35.71653543307087 à
1198.4881889763778 1392.6614173228347 133.51181102362204 35.71653543307087 sortir
1292.0314960629921 1392.6614173228347 80.22047244094489 35.71653543307087 de
1318.6771653543308 1392.6614173228347 66.89763779527559 35.71653543307087 Na-

368.2204724409449 1420.4409448818897 114.51968503937007 32.31496062992126 ples,
444.755905511811 1420.4409448818897 114.51968503937007 32.31496062992126 entre
521.007874015748 1420.4409448818897 140.03149606299212 32.31496062992126 autres,
622.7716535433071 1420.4409448818897 114.51968503937007 32.31496062992126 qu’il
699.3070866141733 1420.4409448818897 63.77952755905512 32.31496062992126 a
724.8188976377953 1420.4409448818897 89.00787401574803 32.31496062992126 mis
775.5590551181102 1420.4409448818897 101.76377952755905 32.31496062992126 dans
839.3385826771654 1420.4409448818897 76.25196850393701 32.31496062992126 un
877.6062992125984 1420.4409448818897 101.76377952755905 32.31496062992126 four
941.1023622047244 1420.4409448818897 89.00787401574803 32.31496062992126 une
992.1259842519685 1420.4409448818897 114.51968503937007 32.31496062992126 fille
1068.3779527559054 1420.4409448818897 101.76377952755905 32.31496062992126 dont
1132.1574803149606 1420.4409448818897 76.25196850393701 32.31496062992126 il
1170.4251968503936 1420.4409448818897 140.03149606299212 32.31496062992126 n’était
1272.1889763779527 1420.4409448818897 89.00787401574803 32.31496062992126 pas
1310.4566929133857 1420.4409448818897 76.25196850393701 32.31496062992126 con-

370.7716535433071 1448.2204724409448 120.18897637795276 32.881889763779526 tent,
450.99212598425197 1448.2204724409448 80.22047244094489 32.881889763779526 et
490.96062992125985 1448.2204724409448 93.54330708661418 32.881889763779526 l’a
544.5354330708661 1448.2204724409448 106.86614173228347 32.881889763779526 fait
611.4330708661417 1448.2204724409448 133.79527559055117 32.881889763779526 brûler
704.9763779527559 1448.2204724409448 80.22047244094489 32.881889763779526 de
744.9448818897638 1448.2204724409448 106.86614173228347 32.881889763779526 peur
811.8425196850394 1448.2204724409448 120.18897637795276 32.881889763779526 qu’on
892.0629921259842 1448.2204724409448 80.22047244094489 32.881889763779526 ne
932.3149606299213 1448.2204724409448 147.11811023622047 32.881889763779526 trouvât
1039.1811023622047 1448.2204724409448 93.54330708661418 32.881889763779526 son
1092.4724409448818 1448.2204724409448 120.18897637795276 32.881889763779526 corps
1172.6929133858268 1448.2204724409448 106.86614173228347 32.881889763779526 s’il
1239.5905511811025 1448.2204724409448 120.18897637795276 32.881889763779526 l'eût
1306.4881889763778 1448.2204724409448 80.22047244094489 32.881889763779526 fait

368.503937007874 1477.1338582677165 145.41732283464566 32.31496062992126 mourir
470.26771653543307 1477.1338582677165 130.96062992125985 32.31496062992126 d’une
557.5748031496063 1477.1338582677165 130.96062992125985 32.31496062992126 autre
644.5984251968504 1477.1338582677165 174.61417322834646 32.31496062992126 mort....
775.5590551181102 1477.1338582677165 87.30708661417323 32.31496062992126 Il
819.2125984251968 1477.1338582677165 116.22047244094489 32.31496062992126 doit
892.0629921259842 1477.1338582677165 130.96062992125985 32.31496062992126 juger
979.0866141732283 1477.1338582677165 101.76377952755905 32.31496062992126 par
1037.4803149606298 1477.1338582677165 87.30708661417323 32.31496062992126 là
1081.1338582677165 1477.1338582677165 101.76377952755905 32.31496062992126 que
1139.244094488189 1477.1338582677165 130.96062992125985 32.31496062992126 c’est
1226.5511811023623 1477.1338582677165 87.30708661417323 32.31496062992126 un
1255.4645669291338 1477.1338582677165 130.96062992125985 32.31496062992126 méchant

369.07086614173227 1505.4803149606298 143.1496062992126 35.71653543307087 homme,
469.4173228346457 1505.4803149606298 128.9763779527559 35.71653543307087 qu’on
555.3070866141733 1505.4803149606298 85.88976377952756 35.71653543307087 ne
598.3937007874016 1505.4803149606298 114.51968503937007 35.71653543307087 doit
669.8267716535433 1505.4803149606298 100.34645669291339 35.71653543307087 pas
727.0866141732283 1505.4803149606298 157.60629921259843 35.71653543307087 laisser
841.6062992125984 1505.4803149606298 186.23622047244095 35.71653543307087 approcher
985.0393700787401 1505.4803149606298 85.88976377952756 35.71653543307087 du
1027.8425196850394 1505.4803149606298 114.51968503937007 35.71653543307087 roi,
1099.5590551181103 1505.4803149606298 114.51968503937007 35.71653543307087 mais
1170.992125984252 1505.4803149606298 114.51968503937007 35.71653543307087 que,
1242.708661417323 1505.4803149606298 114.51968503937007 35.71653543307087 s’il
1314.1417322834645 1505.4803149606298 71.71653543307086 35.71653543307087 a
1328.5984251968505 1505.4803149606298 57.25984251968504 35.71653543307087 de

370.48818897637796 1533.259842519685 104.03149606299213 32.31496062992126 bons
435.40157480314963 1533.259842519685 104.03149606299213 32.31496062992126 avis
500.59842519685037 1533.259842519685 64.91338582677166 32.31496062992126 a
526.3937007874016 1533.259842519685 142.86614173228347 32.31496062992126 donner,
630.4251968503937 1533.259842519685 77.95275590551181 32.31496062992126 on
669.5433070866142 1533.259842519685 104.03149606299213 32.31496062992126 peut
734.4566929133858 1533.259842519685 90.99212598425197 32.31496062992126 les
786.3307086614174 1533.259842519685 117.07086614173228 32.31496062992126 tirer
864.2834645669292 1533.259842519685 77.95275590551181 32.31496062992126 de
903.4015748031496 1533.259842519685 104.03149606299213 32.31496062992126 lui,
968.3149606299213 1533.259842519685 77.95275590551181 32.31496062992126 et
1007.4330708661417 1533.259842519685 90.99212598425197 32.31496062992126 lui
1059.3070866141732 1533.259842519685 117.07086614173228 32.31496062992126 faire
1137.259842519685 1533.259842519685 104.03149606299213 32.31496062992126 dire
1202.1732283464567 1533.259842519685 104.03149606299213 32.31496062992126 tout
1267.0866141732283 1533.259842519685 77.95275590551181 32.31496062992126 ce
1293.1653543307086 1533.259842519685 90.99212598425197 32.31496062992126 qu’il

371.33858267716533 1561.6062992125985 104.03149606299213 26.362204724409448 sait,
440.78740157480314 1561.6062992125985 104.03149606299213 26.362204724409448 etc.,
498.61417322834643 1561.6062992125985 69.44881889763779 26.362204724409448 etc.

283.18110236220474 1604.4094488188975 120.75590551181102 43.93700787401575 87.
352.06299212598424 1604.4094488188975 275.81102362204723 43.93700787401575 CONTI
576.2834645669292 1604.4094488188975 189.63779527559055 43.93700787401575 (Armand
714.0472440944882 1604.4094488188975 103.46456692913385 43.93700787401575 de
765.6377952755905 1604.4094488188975 206.9291338582677 43.93700787401575 Bourbon,
920.9763779527559 1604.4094488188975 172.3464566929134 43.93700787401575 prince
1041.4488188976377 1604.4094488188975 137.76377952755905 43.93700787401575 de),
1127.6220472440946 1604.4094488188975 155.0551181102362 43.93700787401575 frère
1231.0866141732283 1604.4094488188975 103.46456692913385 43.93700787401575 du
1265.3858267716535 1604.4094488188975 120.75590551181102 43.93700787401575 grand

411.3070866141732 1648.3464566929133 190.77165354330708 42.51968503937008 Condé,
544.8188976377953 1648.3464566929133 210.04724409448818 42.51968503937008 général
697.3228346456693 1648.3464566929133 133.51181102362204 42.51968503937008 des
773.8582677165355 1648.3464566929133 190.77165354330708 42.51968503937008 armées
907.3700787401575 1648.3464566929133 267.0236220472441 42.51968503937008 françaises
1117.4173228346456 1648.3464566929133 114.51968503937007 42.51968503937008 en
1155.4015748031495 1648.3464566929133 229.03937007874015 42.51968503937008 Catalogne,

410.1732283464567 1692.5669291338584 278.3622047244094 39.68503937007874 gouverneur
628.7244094488188 1692.5669291338584 119.33858267716535 39.68503937007874 de
688.5354330708661 1692.5669291338584 119.33858267716535 39.68503937007874 la
748.0629921259842 1692.5669291338584 238.6771653543307 39.68503937007874 Guienne,
927.2125984251968 1692.5669291338584 159.0236220472441 39.68503937007874 etc.
1026.4251968503936 1692.5669291338584 119.33858267716535 39.68503937007874 N.
1086.236220472441 1692.5669291338584 178.86614173228347 39.68503937007874 1629.
1205.5748031496064 1692.5669291338584 119.33858267716535 39.68503937007874 M.
1245.259842519685 1692.5669291338584 139.1811023622047 39.68503937007874 1666.

407.0551181102362 1733.3858267716535 89.85826771653544 36.0 L.
452.12598425196853 1733.3858267716535 119.90551181102362 36.0 aut.
526.9606299212599 1733.3858267716535 134.9291338582677 36.0 sig..
617.1023622047244 1733.3858267716535 75.11811023622047 36.0 à
647.1496062992126 1733.3858267716535 89.85826771653544 36.0 M.
691.9370078740158 1733.3858267716535 89.85826771653544 36.0 de
737.007874015748 1733.3858267716535 195.0236220472441 36.0 Chavigny.
886.9606299212599 1733.3858267716535 149.95275590551182 36.0 Paris,
992.1259842519685 1733.3858267716535 75.11811023622047 36.0 2
1021.8897637795276 1733.3858267716535 180.0 36.0 novembre
1142.0787401574803 1733.3858267716535 104.88188976377953 36.0 1648.

399.68503937007875 1766.8346456692914 80.22047244094489 32.881889763779526 Il
439.65354330708664 1766.8346456692914 80.22047244094489 32.881889763779526 le
479.90551181102364 1766.8346456692914 200.40944881889763 32.881889763779526 complimente
640.0629921259842 1766.8346456692914 93.54330708661418 32.881889763779526 sur
693.6377952755905 1766.8346456692914 80.22047244094489 32.881889763779526 sa
733.6062992125984 1766.8346456692914 133.51181102362204 32.881889763779526 sortie
827.1496062992126 1766.8346456692914 80.22047244094489 32.881889763779526 de
867.1181102362204 1766.8346456692914 146.83464566929135 32.881889763779526 prison.
973.9842519685039 1766.8346456692914 66.89763779527559 32.881889763779526 «
1000.6299212598425 1766.8346456692914 106.86614173228347 32.881889763779526 ....
1067.5275590551182 1766.8346456692914 120.18897637795276 32.881889763779526 Comme
1147.748031496063 1766.8346456692914 80.22047244094489 32.881889763779526 je
1187.716535433071 1766.8346456692914 133.51181102362204 32.881889763779526 prends
1281.259842519685 1766.8346456692914 106.86614173228347 32.881889763779526 plus
1334.8346456692914 1766.8346456692914 53.29133858267716 32.881889763779526 de

370.20472440944883 1796.3149606299212 68.88188976377953 32.881889763779526 «
397.98425196850394 1796.3149606299212 110.26771653543307 32.881889763779526 part
466.86614173228344 1796.3149606299212 96.37795275590551 32.881889763779526 que
521.8582677165355 1796.3149606299212 165.25984251968504 32.881889763779526 personne
645.7322834645669 1796.3149606299212 82.77165354330708 32.881889763779526 du
687.1181102362204 1796.3149606299212 123.8740157480315 32.881889763779526 monde
769.8897637795276 1796.3149606299212 68.88188976377953 32.881889763779526 à
797.3858267716536 1796.3149606299212 137.76377952755905 32.881889763779526 toutes
893.7637795275591 1796.3149606299212 96.37795275590551 32.881889763779526 les
949.0393700787401 1796.3149606299212 137.76377952755905 32.881889763779526 choses
1045.4173228346456 1796.3149606299212 96.37795275590551 32.881889763779526 qui
1100.4094488188975 1796.3149606299212 110.26771653543307 32.881889763779526 vous
1169.291338582677 1796.3149606299212 179.1496062992126 32.881889763779526 touchent,
1293.4488188976377 1796.3149606299212 96.37795275590551 32.881889763779526 aussy

371.0551181102362 1824.0944881889764 66.04724409448819 31.181102362204726 «
397.7007874015748 1824.0944881889764 158.74015748031496 31.181102362204726 personne
516.7559055118111 1824.0944881889764 92.69291338582677 31.181102362204726 n’a
569.4803149606299 1824.0944881889764 105.73228346456693 31.181102362204726 plus
635.8110236220473 1824.0944881889764 79.37007874015748 31.181102362204726 de
675.496062992126 1824.0944881889764 105.73228346456693 31.181102362204726 ioye
741.5433070866142 1824.0944881889764 92.69291338582677 31.181102362204726 que
794.5511811023622 1824.0944881889764 92.69291338582677 31.181102362204726 moy
847.5590551181102 1824.0944881889764 79.37007874015748 31.181102362204726 de
887.2440944881889 1824.0944881889764 132.3779527559055 31.181102362204726 vostre
979.6535433070866 1824.0944881889764 158.74015748031496 31.181102362204726 liberté,
1098.708661417323 1824.0944881889764 105.73228346456693 31.181102362204726 etc.
1151.716535433071 1824.0944881889764 39.68503937007874 31.181102362204726 »

283.46456692913387 1865.1968503937007 131.24409448818898 45.07086614173228 88.
358.5826771653543 1865.1968503937007 225.0708661417323 45.07086614173228 COURT
527.2440944881889 1865.1968503937007 112.53543307086615 45.07086614173228 DE
583.6535433070866 1865.1968503937007 281.4803149606299 45.07086614173228 GEBELIN
808.7244094488188 1865.1968503937007 262.48818897637796 45.07086614173228 (Antoine),
1015.0866141732283 1865.1968503937007 225.0708661417323 45.07086614173228 écrivain
1183.748031496063 1865.1968503937007 112.53543307086615 45.07086614173228 et
1221.1653543307086 1865.1968503937007 168.9448818897638 45.07086614173228 archéo

396.2834645669291 1910.8346456692914 396.56692913385825 39.68503937007874 logue.
674.0787401574803 1910.8346456692914 238.11023622047244 39.68503937007874 N.
792.8503937007874 1910.8346456692914 356.88188976377955 39.68503937007874 1725.
1030.9606299212599 1910.8346456692914 238.11023622047244 39.68503937007874 M.
1110.3307086614172 1910.8346456692914 277.51181102362204 39.68503937007874 1784.

409.6062992125984 1951.6535433070867 91.55905511811024 36.8503937007874 L.
455.5275590551181 1951.6535433070867 122.1732283464567 36.8503937007874 aut.
531.7795275590552 1951.6535433070867 137.48031496062993 36.8503937007874 sig.,
623.6220472440945 1951.6535433070867 76.25196850393701 36.8503937007874 à
653.9527559055118 1951.6535433070867 91.55905511811024 36.8503937007874 M.
699.8740157480315 1951.6535433070867 152.78740157480314 36.8503937007874 Maret,
806.7401574803149 1951.6535433070867 213.73228346456693 36.8503937007874 secrétaire
974.8346456692914 1951.6535433070867 198.70866141732284 36.8503937007874 perpétuel
1127.6220472440946 1951.6535433070867 91.55905511811024 36.8503937007874 de
1173.5433070866143 1951.6535433070867 213.73228346456693 36.8503937007874 l’Académie
1326.0472440944882 1951.6535433070867 61.22834645669291 36.8503937007874 de

375.87401574803147 1986.236220472441 155.0551181102362 35.71653543307087 Dijon.
484.4409448818898 1986.236220472441 92.97637795275591 35.71653543307087 Du
530.9291338582677 1986.236220472441 92.97637795275591 35.71653543307087 19
577.7007874015748 1986.236220472441 139.46456692913387 35.71653543307087 sept.
670.6771653543307 1986.236220472441 155.0551181102362 35.71653543307087 1782.2
779.2440944881889 1986.236220472441 170.64566929133858 35.71653543307087 grandes
903.1181102362204 1986.236220472441 139.46456692913387 35.71653543307087 pages
980.7874015748032 1986.236220472441 108.56692913385827 35.71653543307087 in

403.37007874015745 2019.6850393700788 144.8503937007874 27.212598425196852 Détails
508.53543307086613 2019.6850393700788 210.61417322834646 27.212598425196852 intéressants
679.7480314960629 2019.6850393700788 158.17322834645668 27.212598425196852 relatifs
798.2362204724409 2019.6850393700788 92.1259842519685 27.212598425196852 aux
850.9606299212599 2019.6850393700788 144.8503937007874 27.212598425196852 travaux
956.4094488188977 2019.6850393700788 79.08661417322834 27.212598425196852 de
982.7716535433071 2019.6850393700788 171.21259842519686 27.212598425196852 l’Académie.
