1662.8031496062993 2580.6614173228345
618.5196850393701 169.51181102362204 271.5590551181102 33.732283464566926 —8—

363.40157480314963 232.7244094488189 94.39370078740157 35.1496062992126 L.
410.45669291338584 232.7244094488189 125.5748031496063 35.1496062992126 aut.
488.9763779527559 232.7244094488189 125.5748031496063 35.1496062992126 sig.
567.496062992126 232.7244094488189 78.51968503937007 35.1496062992126 à
598.9606299212599 232.7244094488189 109.98425196850394 35.1496062992126 son
661.8897637795276 232.7244094488189 157.03937007874015 35.1496062992126 frère,
771.5905511811023 232.7244094488189 94.39370078740157 35.1496062992126 le
818.9291338582677 232.7244094488189 157.03937007874015 35.1496062992126 prince
928.9133858267717 232.7244094488189 172.91338582677164 35.1496062992126 Lucien.
1054.4881889763778 232.7244094488189 188.50393700787401 35.1496062992126 Lucques,
1195.9370078740158 232.7244094488189 109.98425196850394 35.1496062992126 1er
1242.992125984252 232.7244094488189 109.98425196850394 35.1496062992126 juil-

330.8031496062992 268.4409448818898 103.46456692913385 32.31496062992126 let
389.76377952755905 268.4409448818898 132.9448818897638 32.31496062992126 1809,
478.48818897637796 268.4409448818898 73.98425196850394 32.31496062992126 2
508.251968503937 268.4409448818898 132.9448818897638 32.31496062992126 pages
596.6929133858267 268.4409448818898 132.9448818897638 32.31496062992126 petit
670.6771653543307 268.4409448818898 103.46456692913385 32.31496062992126 in

356.59842519685037 301.3228346456693 158.74015748031496 29.480314960629922 Regrets
471.9685039370079 301.3228346456693 158.74015748031496 29.480314960629922 qu’elle
587.3385826771654 301.3228346456693 158.74015748031496 29.480314960629922 éprouve
702.7086614173228 301.3228346456693 86.45669291338582 29.480314960629922 de
746.0787401574803 301.3228346456693 86.45669291338582 29.480314960629922 ne
789.4488188976378 301.3228346456693 158.74015748031496 29.480314960629922 pouvoir
904.8188976377953 301.3228346456693 100.91338582677166 29.480314960629922 lui
962.3622047244095 301.3228346456693 129.82677165354332 29.480314960629922 céder
1048.8188976377953 301.3228346456693 86.45669291338582 29.480314960629922 le
1092.1889763779527 301.3228346456693 158.74015748031496 29.480314960629922 tableau
1207.5590551181103 301.3228346456693 86.45669291338582 29.480314960629922 de
1236.4724409448818 301.3228346456693 115.37007874015748 29.480314960629922 la....

327.9685039370079 329.6692913385827 102.33070866141732 34.86614173228347 qui
386.6456692913386 329.6692913385827 102.33070866141732 34.86614173228347 est
445.03937007874015 329.6692913385827 87.8740157480315 34.86614173228347 en
488.9763779527559 329.6692913385827 146.26771653543307 34.86614173228347 grande
591.3070866141733 329.6692913385827 204.9448818897638 34.86614173228347 vénération
752.3149606299213 329.6692913385827 117.07086614173228 34.86614173228347 dans
825.4488188976378 329.6692913385827 87.8740157480315 34.86614173228347 le
869.3858267716536 329.6692913385827 131.5275590551181 34.86614173228347 pays,
957.2598425196851 329.6692913385827 87.8740157480315 34.86614173228347 et
1000.9133858267717 329.6692913385827 87.8740157480315 34.86614173228347 la
1044.8503937007874 329.6692913385827 131.5275590551181 34.86614173228347 chose
1132.724409448819 329.6692913385827 87.8740157480315 34.86614173228347 la
1176.6614173228347 329.6692913385827 117.07086614173228 34.86614173228347 plus
1249.7952755905512 329.6692913385827 117.07086614173228 34.86614173228347 rare
1308.1889763779527 329.6692913385827 43.93700787401575 34.86614173228347 à

328.53543307086613 356.88188976377955 168.3779527559055 31.748031496062993 Lucques.
454.96062992125985 356.88188976377955 196.44094488188978 31.748031496062993 L’Empereur
609.4488188976378 356.88188976377955 70.2992125984252 31.748031496062993 a
637.511811023622 356.88188976377955 126.4251968503937 31.748031496062993 voulu
721.7007874015748 356.88188976377955 154.48818897637796 31.748031496062993 l'avoir
833.9527559055118 356.88188976377955 112.25196850393701 31.748031496062993 pour
904.2519685039371 356.88188976377955 182.5511811023622 31.748031496062993 l’envoyer
1044.5669291338584 356.88188976377955 70.2992125984252 31.748031496062993 à
1072.6299212598426 356.88188976377955 140.31496062992127 31.748031496062993 Paris;
1170.992125984252 356.88188976377955 112.25196850393701 31.748031496062993 elle
1241.291338582677 356.88188976377955 98.36220472440945 31.748031496062993 s’y
1283.244094488189 356.88188976377955 70.2992125984252 31.748031496062993 est

329.9527559055118 385.79527559055117 151.93700787401573 30.614173228346456 opposée
440.503937007874 385.79527559055117 110.55118110236221 30.614173228346456 pour
509.6692913385827 385.79527559055117 82.77165354330708 30.614173228346456 le
551.0551181102362 385.79527559055117 110.55118110236221 30.614173228346456 même
620.2204724409448 385.79527559055117 179.71653543307087 30.614173228346456 motif....
758.2677165354331 385.79527559055117 82.77165354330708 30.614173228346456 Il
799.6535433070866 385.79527559055117 69.16535433070867 30.614173228346456 y
827.4330708661417 385.79527559055117 69.16535433070867 30.614173228346456 a
854.9291338582677 385.79527559055117 96.66141732283465 30.614173228346456 des
910.2047244094488 385.79527559055117 165.82677165354332 30.614173228346456 troubles
1034.6456692913387 385.79527559055117 69.16535433070867 30.614173228346456 à
1062.1417322834645 385.79527559055117 151.93700787401573 30.614173228346456 Modène,
1172.6929133858268 385.79527559055117 69.16535433070867 30.614173228346456 à
1200.4724409448818 385.79527559055117 165.82677165354332 30.614173228346456 Ferrare.
1311.023622047244 385.79527559055117 41.38582677165354 30.614173228346456 A

331.0866141732283 414.1417322834646 119.62204724409449 30.614173228346456 Rome,
410.74015748031496 414.1417322834646 79.65354330708661 30.614173228346456 le
450.70866141732284 414.1417322834646 132.66141732283464 30.614173228346456 départ
543.6850393700787 414.1417322834646 79.65354330708661 30.614173228346456 du
583.3700787401575 414.1417322834646 106.2992125984252 30.614173228346456 pape
649.7007874015748 414.1417322834646 66.33070866141732 30.614173228346456 a
676.3464566929134 414.1417322834646 106.2992125984252 30.614173228346456 fait
742.6771653543307 414.1417322834646 79.65354330708661 30.614173228346456 un
782.6456692913385 414.1417322834646 92.97637795275591 30.614173228346456 bon
835.6535433070866 414.1417322834646 132.66141732283464 30.614173228346456 effet,
928.6299212598425 414.1417322834646 106.2992125984252 30.614173228346456 mais
994.9606299212599 414.1417322834646 79.65354330708661 30.614173228346456 la
1034.9291338582677 414.1417322834646 132.66141732283464 30.614173228346456 mesure
1127.9055118110236 414.1417322834646 66.33070866141732 30.614173228346456 a
1154.267716535433 414.1417322834646 92.97637795275591 30.614173228346456 été
1207.5590551181103 414.1417322834646 119.62204724409449 30.614173228346456 prise
1273.8897637795276 414.1417322834646 79.65354330708661 30.614173228346456 sans

328.81889763779526 442.48818897637796 158.74015748031496 29.480314960629922 l’ordre
444.4724409448819 442.48818897637796 86.74015748031496 29.480314960629922 de
487.5590551181102 442.48818897637796 86.74015748031496 29.480314960629922 Sa
530.9291338582677 442.48818897637796 158.74015748031496 29.480314960629922 Majesté
646.5826771653543 442.48818897637796 86.74015748031496 29.480314960629922 et
689.9527559055118 442.48818897637796 129.82677165354332 29.480314960629922 d’une
776.4094488188977 442.48818897637796 158.74015748031496 29.480314960629922 manière
892.0629921259842 442.48818897637796 101.19685039370079 29.480314960629922 peu
949.8897637795276 442.48818897637796 216.56692913385828 29.480314960629922 convenable.
1123.0866141732283 442.48818897637796 72.28346456692914 29.480314960629922 «
1152.0 442.48818897637796 115.65354330708661 29.480314960629922 J’ai
1224.283464566929 442.48818897637796 129.82677165354332 29.480314960629922 tâché
1296.283464566929 442.48818897637796 57.826771653543304 29.480314960629922 de

329.6692913385827 470.26771653543307 70.2992125984252 31.181102362204726 «
358.01574803149606 470.26771653543307 140.5984251968504 31.181102362204726 rendre
456.37795275590554 470.26771653543307 98.36220472440945 31.181102362204726 son
512.503937007874 470.26771653543307 140.5984251968504 31.181102362204726 voyage
610.8661417322835 470.26771653543307 84.4724409448819 31.181102362204726 le
653.1023622047244 470.26771653543307 112.53543307086615 31.181102362204726 plus
723.4015748031496 470.26771653543307 168.66141732283464 31.181102362204726 agréable
849.8267716535433 470.26771653543307 182.83464566929135 31.181102362204726 possible;
990.4251968503937 470.26771653543307 84.4724409448819 31.181102362204726 je
1032.6614173228347 470.26771653543307 112.53543307086615 31.181102362204726 n’ai
1102.9606299212599 470.26771653543307 112.53543307086615 31.181102362204726 rien
1172.976377952756 470.26771653543307 154.48818897637796 31.181102362204726 épargné
1271.6220472440946 470.26771653543307 84.4724409448819 31.181102362204726 pour

331.0866141732283 499.18110236220474 66.33070866141732 30.04724409448819 «
357.73228346456693 499.18110236220474 119.62204724409449 30.04724409448819 cela;
437.38582677165357 499.18110236220474 79.65354330708661 30.04724409448819 je
477.3543307086614 499.18110236220474 92.97637795275591 30.04724409448819 lui
530.3622047244095 499.18110236220474 79.65354330708661 30.04724409448819 ai
570.3307086614174 499.18110236220474 119.62204724409449 30.04724409448819 donné
649.9842519685039 499.18110236220474 92.97637795275591 30.04724409448819 une
702.992125984252 499.18110236220474 159.30708661417322 30.04724409448819 voiture,
822.6141732283464 499.18110236220474 79.65354330708661 30.04724409448819 de
862.5826771653543 499.18110236220474 172.62992125984252 30.04724409448819 l’argent,
995.5275590551181 499.18110236220474 119.62204724409449 30.04724409448819 etc.,
1075.1811023622047 499.18110236220474 92.97637795275591 30.04724409448819 car
1128.1889763779527 499.18110236220474 79.65354330708661 30.04724409448819 il
1168.1574803149606 499.18110236220474 92.97637795275591 30.04724409448819 est
1221.1653543307086 499.18110236220474 106.2992125984252 30.04724409448819 venu
1274.4566929133857 499.18110236220474 79.65354330708661 30.04724409448819 sans

330.8031496062992 527.5275590551181 62.07874015748032 23.244094488188978 «
355.748031496063 527.5275590551181 99.21259842519684 23.244094488188978 rien
417.8267716535433 527.5275590551181 62.07874015748032 23.244094488188978 :
442.48818897637796 527.5275590551181 74.55118110236221 23.244094488188978 il
479.90551181102364 527.5275590551181 99.21259842519684 23.244094488188978 sera
541.7007874015748 527.5275590551181 136.62992125984252 23.244094488188978 content
641.1968503937007 527.5275590551181 74.55118110236221 23.244094488188978 de
678.3307086614174 527.5275590551181 124.15748031496064 23.244094488188978 moi...
752.8818897637796 527.5275590551181 37.13385826771653 23.244094488188978 »

240.66141732283464 575.1496062992126 134.64566929133858 42.51968503937008 45.
317.76377952755905 575.1496062992126 384.66141732283467 42.51968503937008 BONAPARTE
644.5984251968504 575.1496062992126 288.56692913385825 42.51968503937008 (Caroline),
875.6220472440945 575.1496062992126 230.74015748031496 42.51968503937008 ex-reine
1048.5354330708662 575.1496062992126 115.37007874015748 42.51968503937008 de
1106.3622047244094 575.1496062992126 211.46456692913387 42.51968503937008 Naples,
1241.007874015748 575.1496062992126 115.37007874015748 42.51968503937008 sœur

370.48818897637796 619.9370078740158 121.88976377952756 39.68503937007874 de
431.43307086614175 619.9370078740158 264.18897637795277 39.68503937007874 Napoléon,
634.9606299212599 619.9370078740158 182.83464566929135 39.68503937007874 femme
756.8503937007874 619.9370078740158 121.88976377952756 39.68503937007874 de
797.3858267716536 619.9370078740158 162.70866141732284 39.68503937007874 Murat.

365.38582677165357 661.3228346456693 95.81102362204724 33.44881889763779 L.
413.29133858267716 661.3228346456693 127.84251968503936 33.44881889763779 aut.
492.9448818897638 661.3228346456693 127.84251968503936 33.44881889763779 sig.
572.8818897637796 661.3228346456693 79.93700787401575 33.44881889763779 à
604.9133858267717 661.3228346456693 111.68503937007874 33.44881889763779 son
668.6929133858267 661.3228346456693 159.59055118110237 33.44881889763779 frère,
780.3779527559055 661.3228346456693 95.81102362204724 33.44881889763779 le
828.2834645669292 661.3228346456693 159.59055118110237 33.44881889763779 prince
939.9685039370079 661.3228346456693 175.748031496063 33.44881889763779 Lucien.
1067.8110236220473 661.3228346456693 95.81102362204724 33.44881889763779 26
1115.716535433071 661.3228346456693 191.6220472440945 33.44881889763779 décembre
1243.5590551181103 661.3228346456693 111.68503937007874 33.44881889763779 1818,

337.3228346456693 697.6062992125984 74.55118110236221 32.31496062992126 1
367.37007874015745 697.6062992125984 119.33858267716535 32.31496062992126 page
441.9212598425197 697.6062992125984 134.07874015748033 32.31496062992126 in-4.
516.4724409448819 697.6062992125984 134.07874015748033 32.31496062992126 Cachet.

359.7165354330709 730.488188976378 107.71653543307086 28.346456692913385 Elle
427.18110236220474 730.488188976378 94.39370078740157 28.346456692913385 lui
481.03937007874015 730.488188976378 188.50393700787401 28.346456692913385 renouvelle
629.2913385826772 730.488188976378 94.39370078740157 28.346456692913385 les
683.1496062992126 730.488188976378 107.71653543307086 28.346456692913385 vœux
750.3307086614174 730.488188976378 148.251968503937 28.346456692913385 qu’elle
858.0472440944882 730.488188976378 107.71653543307086 28.346456692913385 fait
925.511811023622 730.488188976378 107.71653543307086 28.346456692913385 pour
992.6929133858267 730.488188976378 94.39370078740157 28.346456692913385 son
1046.5511811023623 730.488188976378 148.251968503937 28.346456692913385 bonheur
1154.267716535433 730.488188976378 80.78740157480316 28.346456692913385 et
1194.8031496062993 730.488188976378 121.32283464566929 28.346456692913385 celui
1275.5905511811025 730.488188976378 80.78740157480316 28.346456692913385 de
1302.5196850393702 730.488188976378 53.85826771653543 28.346456692913385 sa

331.93700787401576 758.2677165354331 195.0236220472441 30.04724409448819 famille....
488.12598425196853 758.2677165354331 64.91338582677166 30.04724409448819 «
513.9212598425197 758.2677165354331 208.06299212598427 30.04724409448819 puissent-ils
683.1496062992126 758.2677165354331 104.03149606299213 30.04724409448819 être
748.0629921259842 758.2677165354331 155.90551181102362 30.04724409448819 exaucés,
865.1338582677165 758.2677165354331 130.11023622047244 30.04724409448819 puisse
956.1259842519685 758.2677165354331 77.95275590551181 30.04724409448819 la
995.2440944881889 758.2677165354331 143.1496062992126 30.04724409448819 rigueur
1099.275590551181 758.2677165354331 77.95275590551181 30.04724409448819 du
1138.1102362204724 758.2677165354331 143.1496062992126 30.04724409448819 destin,
1242.1417322834645 758.2677165354331 90.99212598425197 30.04724409448819 qui
1281.259842519685 758.2677165354331 77.95275590551181 30.04724409448819 nous

332.78740157480314 787.1811023622047 66.04724409448819 29.480314960629922 «
359.43307086614175 787.1811023622047 171.49606299212599 29.480314960629922 poursuit,
491.244094488189 787.1811023622047 145.13385826771653 29.480314960629922 prendre
596.9763779527559 787.1811023622047 92.40944881889764 29.480314960629922 une
649.7007874015748 787.1811023622047 118.77165354330708 29.480314960629922 autre
729.0708661417323 787.1811023622047 184.8188976377953 29.480314960629922 direction,
860.8818897637796 787.1811023622047 132.09448818897638 29.480314960629922 etc....»

242.9291338582677 831.4015748031496 130.11023622047244 41.38582677165354 46.
317.4803149606299 831.4015748031496 371.90551181102364 41.38582677165354 BONAPARTE
633.5433070866142 831.4015748031496 260.2204724409449 41.38582677165354 (Pauline),
837.9212598425197 831.4015748031496 241.79527559055117 41.38582677165354 princesse
1023.8740157480315 831.4015748031496 241.79527559055117 41.38582677165354 Borghèse,
1209.8267716535433 831.4015748031496 148.8188976377953 41.38582677165354 sœur
1284.3779527559054 831.4015748031496 74.26771653543307 41.38582677165354 de

350.92913385826773 875.0551181102362 219.68503937007873 40.25196850393701 Napoléon.

370.48818897637796 917.007874015748 95.5275590551181 34.01574803149607 L.
418.1102362204724 917.007874015748 127.55905511811024 34.01574803149607 aut.
497.76377952755905 917.007874015748 127.55905511811024 34.01574803149607 sig.
577.4173228346457 917.007874015748 79.65354330708661 34.01574803149607 à
609.4488188976378 917.007874015748 111.4015748031496 34.01574803149607 son
673.2283464566929 917.007874015748 143.43307086614172 34.01574803149607 frère
768.7559055118111 917.007874015748 95.5275590551181 34.01574803149607 le
816.3779527559055 917.007874015748 159.30708661417322 34.01574803149607 prince
928.0629921259842 917.007874015748 175.1811023622047 34.01574803149607 Lucien.
1055.3385826771653 917.007874015748 143.43307086614172 34.01574803149607 Rome,
1150.8661417322835 917.007874015748 95.5275590551181 34.01574803149607 26
1182.8976377952756 917.007874015748 175.1811023622047 34.01574803149607 novembre.

339.3070866141732 953.2913385826772 75.96850393700787 32.881889763779526 1
369.9212598425197 953.2913385826772 151.93700787401573 32.881889763779526 grande
476.2204724409449 953.2913385826772 121.60629921259843 32.881889763779526 page
536.8818897637796 953.2913385826772 106.2992125984252 32.881889763779526 in

364.251968503937 985.0393700787401 183.68503937007873 31.181102362204726 Inquiétude
508.53543307086613 985.0393700787401 78.80314960629921 31.181102362204726 où
547.6535433070866 985.0393700787401 104.88188976377953 31.181102362204726 elle
613.4173228346457 985.0393700787401 91.84251968503936 31.181102362204726 est
665.8582677165355 985.0393700787401 78.80314960629921 31.181102362204726 de
705.2598425196851 985.0393700787401 78.80314960629921 31.181102362204726 ne
744.3779527559055 985.0393700787401 91.84251968503936 31.181102362204726 pas
797.1023622047244 985.0393700787401 78.80314960629921 31.181102362204726 le
836.2204724409448 985.0393700787401 104.88188976377953 31.181102362204726 voir
901.9842519685039 985.0393700787401 78.80314960629921 31.181102362204726 ni
941.1023622047244 985.0393700787401 157.3228346456693 31.181102362204726 recevoir
1059.3070866141732 985.0393700787401 78.80314960629921 31.181102362204726 de
1098.708661417323 985.0393700787401 91.84251968503936 31.181102362204726 ses
1151.1496062992126 985.0393700787401 183.68503937007873 31.181102362204726 nouvelles;
1282.1102362204724 985.0393700787401 78.80314960629921 31.181102362204726 mais

335.0551181102362 1013.9527559055118 110.83464566929133 32.881889763779526 elle
404.2204724409449 1013.9527559055118 96.94488188976378 32.881889763779526 est
459.7795275590551 1013.9527559055118 138.33070866141733 32.881889763779526 encore
556.7244094488188 1013.9527559055118 83.05511811023622 32.881889763779526 si
598.1102362204724 1013.9527559055118 207.7795275590551 32.881889763779526 souffrante,
764.2204724409448 1013.9527559055118 152.2204724409449 32.881889763779526 qu’elle
875.0551181102362 1013.9527559055118 83.05511811023622 32.881889763779526 ne
916.7244094488188 1013.9527559055118 110.83464566929133 32.881889763779526 peut
985.8897637795276 1013.9527559055118 124.7244094488189 32.881889763779526 avoir
1068.9448818897638 1013.9527559055118 83.05511811023622 32.881889763779526 de
1110.6141732283465 1013.9527559055118 152.2204724409449 32.881889763779526 rancune
1221.4488188976377 1013.9527559055118 138.33070866141733 32.881889763779526 contre
1304.5039370078741 1013.9527559055118 55.275590551181104 32.881889763779526 un

333.9212598425197 1042.2992125984251 130.39370078740157 34.58267716535433 frère
420.9448818897638 1042.2992125984251 159.30708661417322 34.58267716535433 qu’elle
536.5984251968504 1042.2992125984251 72.56692913385827 34.58267716535433 a
565.7952755905512 1042.2992125984251 173.76377952755905 34.58267716535433 toujours
696.1889763779527 1042.2992125984251 202.96062992125985 34.58267716535433 tendrement
855.496062992126 1042.2992125984251 130.39370078740157 34.58267716535433 aimé.
942.5196850393701 1042.2992125984251 115.93700787401575 34.58267716535433 Elle
1014.8031496062993 1042.2992125984251 72.56692913385827 34.58267716535433 a
1043.716535433071 1042.2992125984251 115.93700787401575 34.58267716535433 reçu
1116.283464566929 1042.2992125984251 101.48031496062993 34.58267716535433 des
1174.3937007874015 1042.2992125984251 188.2204724409449 34.58267716535433 nouvelles
1304.7874015748032 1042.2992125984251 57.826771653543304 34.58267716535433 de

335.90551181102364 1070.6456692913387 150.23622047244095 29.480314960629922 Joseph,
445.3228346456693 1070.6456692913387 81.92125984251969 29.480314960629922 et
486.1417322834646 1070.6456692913387 136.62992125984252 29.480314960629922 désire
581.9527559055118 1070.6456692913387 164.1259842519685 29.480314960629922 beaucoup
704.9763779527559 1070.6456692913387 81.92125984251969 29.480314960629922 le
745.7952755905512 1070.6456692913387 150.23622047244095 29.480314960629922 mariage
855.2125984251968 1070.6456692913387 81.92125984251969 29.480314960629922 de
896.3149606299213 1070.6456692913387 81.92125984251969 29.480314960629922 sa
937.1338582677165 1070.6456692913387 123.02362204724409 29.480314960629922 fille
1019.3385826771654 1070.6456692913387 164.1259842519685 29.480314960629922 (Zénaïde
1142.3622047244094 1070.6456692913387 68.31496062992126 29.480314960629922 )
1169.5748031496064 1070.6456692913387 109.41732283464567 29.480314960629922 avec
1237.8897637795276 1070.6456692913387 95.81102362204724 29.480314960629922 son
1278.992125984252 1070.6456692913387 81.92125984251969 29.480314960629922 fils

336.755905511811 1100.6929133858268 180.56692913385828 28.346456692913385 Napoléon,
461.76377952755905 1100.6929133858268 83.33858267716535 28.346456692913385 etc.

249.73228346456693 1143.7795275590552 123.59055118110236 40.25196850393701 47.
320.31496062992125 1143.7795275590552 299.90551181102364 40.25196850393701 BORGIA
567.2125984251968 1143.7795275590552 211.748031496063 40.25196850393701 (César),
725.9527559055118 1143.7795275590552 123.59055118110236 40.25196850393701 duc
796.5354330708661 1143.7795275590552 105.73228346456693 40.25196850393701 de
849.2598425196851 1143.7795275590552 282.3307086614173 40.25196850393701 Valentinois,
1078.5826771653544 1143.7795275590552 141.16535433070865 40.25196850393701 fils
1167.023622047244 1143.7795275590552 193.88976377952756 40.25196850393701 naturel
1290.3307086614172 1143.7795275590552 70.58267716535433 40.25196850393701 du

370.20472440944883 1188.0 219.68503937007873 41.95275590551181 pape
507.68503937007875 1188.0 357.1653543307087 41.95275590551181 Alexandre
782.3622047244095 1188.0 192.18897637795277 41.95275590551181 VI.
892.0629921259842 1188.0 164.69291338582678 41.95275590551181 N.
974.5511811023622 1188.0 219.68503937007873 41.95275590551181 ....
1112.0314960629921 1188.0 164.69291338582678 41.95275590551181 M.
1167.023622047244 1188.0 192.18897637795277 41.95275590551181 1507.

373.6062992125984 1229.3858267716535 86.1732283464567 35.1496062992126 Sa
416.6929133858268 1229.3858267716535 186.51968503937007 35.1496062992126 signature
560.4094488188977 1229.3858267716535 86.1732283464567 35.1496062992126 et
603.496062992126 1229.3858267716535 86.1732283464567 35.1496062992126 le
646.5826771653543 1229.3858267716535 200.9763779527559 35.1496062992126 compliment
804.4724409448819 1229.3858267716535 143.43307086614172 35.1496062992126 autog.
904.8188976377953 1229.3858267716535 186.51968503937007 35.1496062992126 Presto
1048.5354330708662 1229.3858267716535 86.1732283464567 35.1496062992126 al
1091.6220472440946 1229.3858267716535 172.3464566929134 35.1496062992126 servitio
1220.8818897637796 1229.3858267716535 86.1732283464567 35.1496062992126 de
1249.5118110236222 1229.3858267716535 114.80314960629921 35.1496062992126 la

339.3070866141732 1263.9685039370079 229.03937007874015 35.1496062992126 senyoria
522.7086614173228 1263.9685039370079 152.78740157480314 35.1496062992126 vostra
629.5748031496063 1263.9685039370079 137.48031496062993 35.1496062992126 Cesar
721.1338582677165 1263.9685039370079 91.55905511811024 35.1496062992126 de
767.0551181102362 1263.9685039370079 152.78740157480314 35.1496062992126 Borgia
873.9212598425197 1263.9685039370079 168.09448818897638 35.1496062992126 Electo.
996.0944881889764 1263.9685039370079 274.96062992125985 35.1496062992126 Valentino,
1225.1338582677165 1263.9685039370079 91.55905511811024 35.1496062992126 al
1255.748031496063 1263.9685039370079 106.86614173228347 35.1496062992126 magn.

338.45669291338584 1300.251968503937 168.09448818897638 33.44881889763779 Pietro
456.09448818897636 1300.251968503937 100.91338582677166 33.44881889763779 de
506.5511811023622 1300.251968503937 201.82677165354332 33.44881889763779 Medicis.
657.9212598425197 1300.251968503937 151.37007874015748 33.44881889763779 Rome,
758.8346456692914 1300.251968503937 84.18897637795276 33.44881889763779 8
792.5669291338583 1300.251968503937 201.82677165354332 33.44881889763779 décembre
943.9370078740158 1300.251968503937 151.37007874015748 33.44881889763779 1472.
1044.8503937007874 1300.251968503937 84.18897637795276 33.44881889763779 1
1078.2992125984251 1300.251968503937 134.64566929133858 33.44881889763779 page
1162.4881889763778 1300.251968503937 151.37007874015748 33.44881889763779 in-4,
1246.6771653543308 1300.251968503937 117.63779527559055 33.44881889763779 d’une

341.5748031496063 1334.8346456692914 176.88188976377953 32.881889763779526 parfaite
459.496062992126 1334.8346456692914 221.10236220472441 32.881889763779526 conservation.

369.6377952755906 1367.1496062992126 83.05511811023622 28.346456692913385 II
411.3070866141732 1367.1496062992126 165.82677165354332 28.346456692913385 remercie
535.4645669291339 1367.1496062992126 124.44094488188976 28.346456692913385 entre
618.5196850393701 1367.1496062992126 138.33070866141733 28.346456692913385 autres
715.1811023622047 1367.1496062992126 83.05511811023622 28.346456692913385 ce
756.8503937007874 1367.1496062992126 165.82677165354332 28.346456692913385 seigneur
881.007874015748 1367.1496062992126 151.93700787401573 28.346456692913385 d’avoir
991.5590551181102 1367.1496062992126 138.33070866141733 28.346456692913385 accédé
1088.5039370078741 1367.1496062992126 69.16535433070867 28.346456692913385 à
1116.0 1367.1496062992126 83.05511811023622 28.346456692913385 sa
1157.6692913385828 1367.1496062992126 151.93700787401573 28.346456692913385 demande
1268.2204724409448 1367.1496062992126 83.05511811023622 28.346456692913385 en
1295.716535433071 1367.1496062992126 69.16535433070867 28.346456692913385 lui

339.59055118110234 1396.0629921259842 173.1968503937008 30.04724409448819 envoyant
469.7007874015748 1396.0629921259842 86.74015748031496 30.04724409448819 un
512.7874015748032 1396.0629921259842 86.74015748031496 30.04724409448819 de
556.1574803149606 1396.0629921259842 101.19685039370079 30.04724409448819 ses
613.9842519685039 1396.0629921259842 173.1968503937008 30.04724409448819 faucons;
743.8110236220473 1396.0629921259842 129.82677165354332 30.04724409448819 mais,
830.5511811023622 1396.0629921259842 86.74015748031496 30.04724409448819 au
873.9212598425197 1396.0629921259842 115.65354330708661 30.04724409448819 dire
946.2047244094488 1396.0629921259842 86.74015748031496 30.04724409448819 de
989.2913385826772 1396.0629921259842 101.19685039370079 30.04724409448819 son
1047.1181102362204 1396.0629921259842 216.56692913385828 30.04724409448819 fauconnier,
1220.5984251968505 1396.0629921259842 86.74015748031496 30.04724409448819 ce
1249.2283464566929 1396.0629921259842 115.65354330708661 30.04724409448819 faucon

341.8582677165354 1423.8425196850394 113.66929133858268 31.748031496062993 n’est
417.8267716535433 1423.8425196850394 88.44094488188976 31.748031496062993 pas
468.2834645669291 1423.8425196850394 75.96850393700787 31.748031496062993 le
506.26771653543307 1423.8425196850394 101.19685039370079 31.748031496062993 même
569.4803149606299 1423.8425196850394 113.66929133858268 31.748031496062993 qu’il
645.4488188976378 1423.8425196850394 113.66929133858268 31.748031496062993 avait
721.1338582677165 1423.8425196850394 139.1811023622047 31.748031496062993 désiré;
822.3307086614174 1423.8425196850394 75.96850393700787 31.748031496062993 il
860.3149606299213 1423.8425196850394 75.96850393700787 31.748031496062993 le
898.2992125984252 1423.8425196850394 101.19685039370079 31.748031496062993 prie
961.511811023622 1423.8425196850394 101.19685039370079 31.748031496062993 donc
1024.724409448819 1423.8425196850394 75.96850393700787 31.748031496062993 de
1062.708661417323 1423.8425196850394 88.44094488188976 31.748031496062993 lui
1113.1653543307086 1423.8425196850394 151.6535433070866 31.748031496062993 accorder
1226.8346456692914 1423.8425196850394 75.96850393700787 31.748031496062993 le
1252.3464566929133 1423.8425196850394 113.66929133858268 31.748031496062993 second,

341.5748031496063 1452.1889763779527 75.4015748031496 29.480314960629922 il
379.2755905511811 1452.1889763779527 87.8740157480315 29.480314960629922 lui
429.4488188976378 1452.1889763779527 100.62992125984252 29.480314960629922 sera
492.37795275590554 1452.1889763779527 176.03149606299212 29.480314960629922 infiniment
630.7086614173228 1452.1889763779527 125.85826771653544 29.480314960629922 obligé
718.5826771653543 1452.1889763779527 75.4015748031496 29.480314960629922 de
756.2834645669292 1452.1889763779527 113.10236220472441 29.480314960629922 cette
831.6850393700787 1452.1889763779527 138.33070866141733 29.480314960629922 faveur,
919.8425196850394 1452.1889763779527 75.4015748031496 29.480314960629922 etc.

252.28346456692913 1496.1259842519685 134.07874015748033 40.818897637795274 48.
329.1023622047244 1496.1259842519685 344.6929133858268 40.818897637795274 BOSSUET
616.2519685039371 1496.1259842519685 268.15748031496065 40.818897637795274 (Bénigne),
826.8661417322835 1496.1259842519685 191.6220472440945 40.818897637795274 évêque
960.9448818897638 1496.1259842519685 114.80314960629921 40.818897637795274 de
999.2125984251968 1496.1259842519685 153.35433070866142 40.818897637795274 Meaux.

1000.9133858267717 1539.2125984251968 121.32283464566929 32.881889763779526 N.
1061.5748031496064 1539.2125984251968 181.98425196850394 32.881889763779526 1622.
1182.6141732283465 1539.2125984251968 121.32283464566929 32.881889763779526 M.
1223.1496062992126 1539.2125984251968 141.4488188976378 32.881889763779526 1704.

377.8582677165354 1582.015748031496 91.55905511811024 34.01574803149607 L.
423.7795275590551 1582.015748031496 121.88976377952756 34.01574803149607 aut.
499.748031496063 1582.015748031496 121.88976377952756 34.01574803149607 sig.
576.0 1582.015748031496 76.25196850393701 34.01574803149607 à
606.6141732283464 1582.015748031496 152.50393700787401 34.01574803149607 madame
713.1968503937007 1582.015748031496 182.83464566929135 34.01574803149607 d’Albert
850.3937007874016 1582.015748031496 91.55905511811024 34.01574803149607 de
896.0314960629921 1582.015748031496 198.14173228346456 34.01574803149607 Germilly,
1048.251968503937 1582.015748031496 76.25196850393701 34.01574803149607 8
1078.8661417322835 1582.015748031496 121.88976377952756 34.01574803149607 août
1155.1181102362204 1582.015748031496 137.1968503937008 34.01574803149607 1795,
1246.3937007874015 1582.015748031496 76.25196850393701 34.01574803149607 4
1261.7007874015749 1582.015748031496 106.58267716535433 34.01574803149607 pages

344.6929133858268 1618.2992125984251 125.85826771653544 27.212598425196852 in-4.
428.59842519685037 1618.2992125984251 125.85826771653544 27.212598425196852 Belle
498.61417322834643 1618.2992125984251 125.85826771653544 27.212598425196852 lettre.

370.48818897637796 1649.4803149606298 68.5984251968504 30.614173228346456 «
397.7007874015748 1649.4803149606298 178.01574803149606 30.614173228346456 Continués
534.6141732283464 1649.4803149606298 68.5984251968504 30.614173228346456 à
562.1102362204724 1649.4803149606298 136.91338582677164 30.614173228346456 suivre
657.9212598425197 1649.4803149606298 123.30708661417323 30.614173228346456 votre
740.1259842519685 1649.4803149606298 164.40944881889763 30.614173228346456 attrait,
863.4330708661417 1649.4803149606298 150.51968503937007 30.614173228346456 recevés
972.8503937007874 1649.4803149606298 109.41732283464567 30.614173228346456 sans
1041.4488188976377 1649.4803149606298 164.40944881889763 30.614173228346456 scrupule
1164.4724409448818 1649.4803149606298 95.81102362204724 30.614173228346456 les
1219.4645669291338 1649.4803149606298 136.91338582677164 30.614173228346456 larmes
1301.3858267716535 1649.4803149606298 68.5984251968504 30.614173228346456 que

343.2755905511811 1678.3937007874015 109.41732283464567 28.913385826771652 Dieu
411.59055118110234 1678.3937007874015 109.41732283464567 28.913385826771652 vous
479.90551181102364 1678.3937007874015 150.23622047244095 28.913385826771652 envoye,
589.0393700787401 1678.3937007874015 150.23622047244095 28.913385826771652 laissés
698.4566929133858 1678.3937007874015 109.41732283464567 28.913385826771652 dire
766.7716535433071 1678.3937007874015 95.5275590551181 28.913385826771652 les
821.1968503937007 1678.3937007874015 136.62992125984252 28.913385826771652 hommes
917.007874015748 1678.3937007874015 68.31496062992126 28.913385826771652 :
944.2204724409448 1678.3937007874015 150.23622047244095 28.913385826771652 écoutés
1053.6377952755906 1678.3937007874015 109.41732283464567 28.913385826771652 Dieu
1121.9527559055118 1678.3937007874015 68.31496062992126 28.913385826771652 :
1149.1653543307086 1678.3937007874015 150.23622047244095 28.913385826771652 écoutés
1258.2992125984251 1678.3937007874015 123.02362204724409 28.913385826771652 Jésus
1326.6141732283465 1678.3937007874015 41.10236220472441 28.913385826771652 :

343.2755905511811 1706.740157480315 149.95275590551182 30.04724409448819 l’épouse
455.81102362204723 1706.740157480315 75.11811023622047 30.04724409448819 se
493.2283464566929 1706.740157480315 137.48031496062993 30.04724409448819 réjouit
593.2913385826772 1706.740157480315 62.645669291338585 30.04724409448819 à
618.5196850393701 1706.740157480315 75.11811023622047 30.04724409448819 la
655.9370078740158 1706.740157480315 112.53543307086615 30.04724409448819 seule
731.0551181102362 1706.740157480315 87.59055118110236 30.04724409448819 vue
780.9448818897638 1706.740157480315 75.11811023622047 30.04724409448819 de
818.6456692913385 1706.740157480315 187.6535433070866 30.04724409448819 l’époux....
968.5984251968504 1706.740157480315 137.48031496062993 30.04724409448819 espérés
1068.6614173228347 1706.740157480315 75.11811023622047 30.04724409448819 en
1106.0787401574803 1706.740157480315 112.53543307086615 30.04724409448819 Dieu,
1181.1968503937007 1706.740157480315 62.645669291338585 30.04724409448819 à
1206.1417322834645 1706.740157480315 75.11811023622047 30.04724409448819 la
1243.8425196850394 1706.740157480315 100.06299212598425 30.04724409448819 vie,
1306.2047244094488 1706.740157480315 62.645669291338585 30.04724409448819 à
1318.9606299212599 1706.740157480315 49.889763779527556 30.04724409448819 la

341.5748031496063 1738.4881889763778 118.77165354330708 26.64566929133858 mort,
420.66141732283467 1738.4881889763778 105.44881889763779 26.64566929133858 etc.
473.38582677165357 1738.4881889763778 39.68503937007874 26.64566929133858 »

259.93700787401576 1773.6377952755906 103.74803149606299 40.818897637795274 49.
319.18110236220474 1773.6377952755906 266.74015748031496 40.818897637795274 BOSSUET
541.4173228346457 1773.6377952755906 207.49606299212599 40.818897637795274 (Bénigne),
689.6692913385826 1773.6377952755906 207.49606299212599 40.818897637795274 idem.

377.29133858267716 1817.291338582677 127.84251968503936 32.31496062992126 Neuf
457.2283464566929 1817.291338582677 175.748031496063 32.31496062992126 lettres
585.0708661417323 1817.291338582677 127.84251968503936 32.31496062992126 aut.
665.007874015748 1817.291338582677 79.93700787401575 32.31496062992126 à
696.7559055118111 1817.291338582677 159.8740157480315 32.31496062992126 l’abbé
808.7244094488188 1817.291338582677 191.90551181102362 32.31496062992126 Bossuet,
952.7244094488188 1817.291338582677 111.96850393700787 32.31496062992126 son
1016.503937007874 1817.291338582677 159.8740157480315 32.31496062992126 neveu.
1128.4724409448818 1817.291338582677 79.93700787401575 32.31496062992126 à
1160.5039370078741 1817.291338582677 144.0 32.31496062992126 Rome,
1240.4409448818897 1817.291338582677 127.84251968503936 32.31496062992126 datées

343.84251968503935 1853.007874015748 99.21259842519684 31.748031496062993 de
393.4488188976378 1853.007874015748 165.54330708661416 31.748031496062993 Paris,
509.1023622047244 1853.007874015748 248.03149606299212 31.748031496062993 Versailles,
707.8110236220473 1853.007874015748 165.54330708661416 31.748031496062993 Meaux,
823.4645669291339 1853.007874015748 148.8188976377953 31.748031496062993 etc.,
922.6771653543307 1853.007874015748 99.21259842519684 31.748031496062993 du
972.2834645669292 1853.007874015748 99.21259842519684 31.748031496062993 23
1021.8897637795276 1853.007874015748 198.4251968503937 31.748031496062993 décembre
1170.992125984252 1853.007874015748 148.8188976377953 31.748031496062993 1697,
1270.2047244094488 1853.007874015748 99.21259842519684 31.748031496062993 au
1303.3700787401574 1853.007874015748 66.04724409448819 31.748031496062993 10

346.96062992125985 1887.5905511811025 119.90551181102362 33.44881889763779 nov.
422.0787401574803 1887.5905511811025 134.9291338582677 33.44881889763779 1698.
511.93700787401576 1887.5905511811025 90.14173228346456 33.44881889763779 En
557.007874015748 1887.5905511811025 119.90551181102362 33.44881889763779 tout
632.1259842519685 1887.5905511811025 90.14173228346456 33.44881889763779 40
676.9133858267717 1887.5905511811025 134.9291338582677 33.44881889763779 pages
767.0551181102362 1887.5905511811025 134.9291338582677 33.44881889763779 petit
842.1732283464567 1887.5905511811025 104.88188976377953 33.44881889763779 in

371.0551181102362 1919.9055118110236 82.20472440944881 31.748031496062993 On
412.15748031496065 1919.9055118110236 68.5984251968504 31.748031496062993 y
439.37007874015745 1919.9055118110236 68.5984251968504 31.748031496062993 a
466.86614173228344 1919.9055118110236 123.30708661417323 31.748031496062993 joint
549.0708661417323 1919.9055118110236 95.81102362204724 31.748031496062993 une
603.7795275590552 1919.9055118110236 136.91338582677164 31.748031496062993 lettre
699.5905511811023 1919.9055118110236 136.91338582677164 31.748031496062993 signée
795.4015748031496 1919.9055118110236 82.20472440944881 31.748031496062993 au
836.503937007874 1919.9055118110236 109.41732283464567 31.748031496062993 père
905.1023622047244 1919.9055118110236 164.40944881889763 31.748031496062993 Bouhours
1028.1259842519685 1919.9055118110236 68.5984251968504 31.748031496062993 ,
1055.6220472440946 1919.9055118110236 82.20472440944881 31.748031496062993 du
1096.724409448819 1919.9055118110236 82.20472440944881 31.748031496062993 12
1137.8267716535433 1919.9055118110236 191.6220472440945 31.748031496062993 septembre,
1274.740157480315 1919.9055118110236 95.81102362204724 31.748031496062993 1676.

254.26771653543307 1964.1259842519685 134.64566929133858 40.818897637795274 50.
331.0866141732283 1964.1259842519685 384.37795275590554 40.818897637795274 BOUFFLERS
657.9212598425197 1964.1259842519685 134.64566929133858 40.818897637795274 (Le
735.0236220472441 1964.1259842519685 250.01574803149606 40.818897637795274 chevalier
927.2125984251968 1964.1259842519685 153.92125984251967 40.818897637795274 de).
1023.3070866141733 1964.1259842519685 115.37007874015748 40.818897637795274 N.
1081.1338582677165 1964.1259842519685 172.91338582677164 40.818897637795274 1737.
1196.5039370078741 1964.1259842519685 115.37007874015748 40.818897637795274 M.
1234.7716535433071 1964.1259842519685 134.64566929133858 40.818897637795274 1815.

380.9763779527559 2008.3464566929133 87.30708661417323 32.881889763779526 L.
424.62992125984255 2008.3464566929133 116.50393700787401 32.881889763779526 aut.
497.4803149606299 2008.3464566929133 116.50393700787401 32.881889763779526 sig.
570.0472440944882 2008.3464566929133 72.85039370078741 32.881889763779526 à
599.2440944881889 2008.3464566929133 87.30708661417323 32.881889763779526 M.
642.8976377952756 2008.3464566929133 87.30708661417323 32.881889763779526 de
686.5511811023622 2008.3464566929133 203.81102362204723 32.881889763779526 Lavalette.
846.992125984252 2008.3464566929133 145.70078740157481 32.881889763779526 Paris,
948.7559055118111 2008.3464566929133 72.85039370078741 32.881889763779526 2
977.9527559055118 2008.3464566929133 160.15748031496062 32.881889763779526 juillet
1094.4566929133857 2008.3464566929133 130.96062992125985 32.881889763779526 1806.
1181.763779527559 2008.3464566929133 72.85039370078741 32.881889763779526 2
1210.9606299212599 2008.3464566929133 116.50393700787401 32.881889763779526 page
1269.0708661417323 2008.3464566929133 102.04724409448819 32.881889763779526 in

375.87401574803147 2040.6614173228347 83.05511811023622 31.181102362204726 Il
417.54330708661416 2040.6614173228347 96.94488188976378 31.181102362204726 lui
472.81889763779526 2040.6614173228347 152.2204724409449 31.181102362204726 demande
583.6535433070866 2040.6614173228347 83.05511811023622 31.181102362204726 la
625.0393700787401 2040.6614173228347 152.2204724409449 31.181102362204726 réponse
735.8740157480315 2040.6614173228347 83.05511811023622 31.181102362204726 au
777.5433070866142 2040.6614173228347 152.2204724409449 31.181102362204726 mémoire
888.0944881889764 2040.6614173228347 124.7244094488189 31.181102362204726 qu'il
971.1496062992126 2040.6614173228347 69.16535433070867 31.181102362204726 a
998.9291338582677 2040.6614173228347 138.33070866141733 31.181102362204726 déposé
1095.8740157480315 2040.6614173228347 110.83464566929133 31.181102362204726 chez
1165.0393700787401 2040.6614173228347 110.83464566929133 31.181102362204726 lui,
1234.4881889763778 2040.6614173228347 83.05511811023622 31.181102362204726 en
1261.984251968504 2040.6614173228347 110.83464566929133 31.181102362204726 faveur
