5866 8958
1878 987 876 132 ORDRE
2462 987 681 132 DES
2753 987 1168 132 VACATIONS.

1136 1701 905 130 Première
1814 1701 981 130 Vacation.
2569 1701 377 130 .
2720 1701 377 130 .
2871 1701 377 130 —
3021 1701 905 130 Mercredi
3700 1701 453 130 14
3927 1701 528 130 mai
4153 1701 528 130 1845.

3050 1905 426 118 Du
3263 1905 426 118 n°
3476 1905 355 118 1
3619 1905 355 118 à
3690 1905 355 118 94.

1140 2121 896 122 Deuxième
1812 2121 971 122 Vacation.
2559 2121 373 122 .
2709 2121 373 122 .
2858 2121 373 122 —
3007 2121 672 122 Jeudi
3456 2121 448 122 15
3605 2121 448 122 mai.

3048 2317 450 118 Du
3273 2317 450 118 n°
3498 2317 450 118 95
3722 2317 375 118 à
3797 2317 450 118 190.

1143 2533 956 124 Troisième
1879 2533 956 124 Vacation.
2615 2533 368 124 .
2762 2533 368 124 .
2909 2533 368 124 —
3056 2533 883 124 Vendredi
3718 2533 441 124 16
3866 2533 441 124 mai.

3074 2735 441 118 Du
3294 2735 441 118 n°
3515 2735 515 118 191
3809 2735 368 118 à
3882 2735 441 118 283.

1144 2951 1030 162 Quatrième
1936 2951 1030 162 Vacation.
2728 2951 396 162 .
2886 2951 396 162 —
3045 2951 792 162 Samedi
3599 2951 475 162 17
3758 2951 475 162 mai.

3045 3140 446 140 Du
3268 3140 446 140 n°
3491 3140 521 140 284
3788 3140 372 140 à
3863 3140 446 140 378.

1133 3833 349 134 Il
1307 3833 290 134 y
1423 3833 465 134 aura
1714 3833 581 134 chaque
2121 3833 465 134 jour
2411 3833 349 134 de
2585 3833 581 134 vente,
2992 3833 523 134 d’une
3341 3833 523 134 heure
3689 3833 290 134 à
3805 3833 581 134 trois,
4154 3833 697 134 exposition

1006 3987 402 134 des
1235 3987 574 134 pièces
1637 3987 402 134 qui
1866 3987 574 134 seront
2268 3987 631 134 vendues
2727 3987 344 134 le
2841 3987 402 134 soir.

1134 4235 328 136 On
1298 4235 438 136 aura
1572 4235 438 136 huit
1846 4235 492 136 jours
2174 4235 438 136 pour
2447 4235 328 136 la
2612 4235 875 136 vérification
3323 4235 383 136 des
3542 4235 602 136 pièces;
3980 4235 492 136 passé
4308 4235 328 136 ce
4417 4235 438 136 délai,

998 4391 611 106 aucune
1425 4391 916 106 réclamation
2158 4391 366 106 ne
2341 4391 488 106 sera
2585 4391 550 106 admise.

1132 4639 413 132 Les
1368 4639 826 132 acquéreurs
2017 4639 708 132 paieront
2549 4639 295 132 5
2667 4639 354 132 p.
2844 4639 413 132 100
3080 4639 354 132 en
3257 4639 413 132 sus
3493 4639 354 132 du
3670 4639 472 132 prix
3906 4639 945 132 d’adjudication

1004 4799 828 132 applicables
1666 4799 386 132 aux
1832 4799 441 132 frais.

1136 5483 354 134 M.
1313 5483 649 134 CHARON,
1785 5483 590 134 chargé
2198 5483 354 134 de
2375 5483 354 134 la
2552 5483 590 134 vente,
2965 5483 649 134 recevra
3437 5483 413 134 les
3673 5483 885 134 commissions
4381 5483 413 134 qui
4558 5483 295 134 lui

1015 5639 499 136 seront
1364 5639 699 136 adressées.
1913 5639 549 136 (<i>Les
2312 5639 549 136 lettres
2712 5639 549 136 doivent
3111 5639 399 136 être
3360 5639 649 136 adressées
3859 5639 449 136 franc
4158 5639 299 136 de
4258 5639 599 136 port</i>.)

1130 5904 334 50 N.
1297 5904 334 50 B.
1464 5904 556 50 <i>Les
1854 5904 723 50 vacations
2410 5904 890 50 commenceront
3133 5904 501 50 à</i>
3467 5904 278 50 7
3578 5904 556 50 HEURES
3912 5904 890 50 TRÈS

1569 7205 309 96 DE
1724 7205 825 96 L'IMPRIMERIE
2394 7205 309 96 DE
2549 7205 670 96 CRAPELET,
3064 7205 361 96 RUE
3270 7205 309 96 DE
3425 7205 722 96 VAUGIRARD,
3992 7205 309 96 N°
4095 7205 206 96 9.
