1662.8031496062993 2555.716535433071
660.4724409448819 176.03149606299212 276.37795275590554 33.732283464566926 —7—

289.7007874015748 234.14173228346456 128.40944881889763 50.74015748031496 39.
363.11811023622045 234.14173228346456 367.37007874015745 50.74015748031496 BONAPARTE
675.496062992126 234.14173228346456 220.251968503937 50.74015748031496 (Louis),
840.4724409448819 234.14173228346456 183.68503937007873 50.74015748031496 ex-roi
969.1653543307086 234.14173228346456 110.26771653543307 50.74015748031496 de
1024.1574803149606 234.14173228346456 238.6771653543307 50.74015748031496 Hollande.
1207.8425196850394 234.14173228346456 110.26771653543307 50.74015748031496 N.
1244.6929133858268 234.14173228346456 128.40944881889763 50.74015748031496 1778.

415.84251968503935 276.9448818897638 90.4251968503937 44.78740157480315 L.
460.9133858267717 276.9448818897638 120.75590551181102 44.78740157480315 aut.
536.3149606299213 276.9448818897638 120.75590551181102 44.78740157480315 sig.
611.7165354330708 276.9448818897638 90.4251968503937 44.78740157480315 au
657.0708661417323 276.9448818897638 180.8503937007874 44.78740157480315 maréchal
792.8503937007874 276.9448818897638 196.15748031496062 44.78740157480315 Berthier,
943.6535433070866 276.9448818897638 180.8503937007874 44.78740157480315 ministre
1079.4330708661416 276.9448818897638 90.4251968503937 44.78740157480315 de
1124.5039370078741 276.9448818897638 90.4251968503937 44.78740157480315 la
1169.8582677165355 276.9448818897638 165.82677165354332 44.78740157480315 guerre.
1275.3070866141732 276.9448818897638 120.75590551181102 44.78740157480315 Paris,

384.37795275590554 316.06299212598424 88.7244094488189 38.267716535433074 13
428.59842519685037 316.06299212598424 177.16535433070865 38.267716535433074 messidor
561.5433070866142 316.06299212598424 88.7244094488189 38.267716535433074 an
606.0472440944882 316.06299212598424 118.20472440944881 38.267716535433074 XII.
679.7480314960629 316.06299212598424 73.98425196850394 38.267716535433074 2
709.511811023622 316.06299212598424 162.4251968503937 38.267716535433074 grandes
827.7165354330708 316.06299212598424 132.9448818897638 38.267716535433074 pages
901.4173228346457 316.06299212598424 103.46456692913385 38.267716535433074 in

412.15748031496065 343.84251968503935 250.58267716535434 40.25196850393701 Recommandation
620.7874015748032 343.84251968503935 139.1811023622047 40.25196850393701 pleine
718.2992125984252 343.84251968503935 180.8503937007874 40.25196850393701 d’intérêt
857.4803149606299 343.84251968503935 83.62204724409449 40.25196850393701 en
899.1496062992126 343.84251968503935 139.1811023622047 40.25196850393701 faveur
996.6614173228346 343.84251968503935 83.62204724409449 40.25196850393701 de
1038.3307086614172 343.84251968503935 83.62204724409449 40.25196850393701 M.
1080.283464566929 343.84251968503935 166.96062992125985 40.25196850393701 Lachasse
1205.5748031496064 343.84251968503935 166.96062992125985 40.25196850393701 Vérigny,
1316.6929133858268 343.84251968503935 83.62204724409449 40.25196850393701 aide

382.96062992125985 371.62204724409446 79.08661417322834 42.23622047244095 de
422.6456692913386 371.62204724409446 105.44881889763779 42.23622047244095 camp
488.6929133858268 371.62204724409446 79.08661417322834 42.23622047244095 du
528.0944881889764 371.62204724409446 145.13385826771653 42.23622047244095 général
633.8267716535433 371.62204724409446 131.81102362204723 42.23622047244095 Moreau
725.9527559055118 371.62204724409446 79.08661417322834 42.23622047244095 et
765.6377952755905 371.62204724409446 131.81102362204723 42.23622047244095 ancien
858.0472440944882 371.62204724409446 158.17322834645668 42.23622047244095 officier
976.8188976377953 371.62204724409446 79.08661417322834 42.23622047244095 de
1016.2204724409448 371.62204724409446 145.13385826771653 42.23622047244095 l’armée
1121.9527559055118 371.62204724409446 171.49606299212599 42.23622047244095 d’Italie,
1240.724409448819 371.62204724409446 158.17322834645668 42.23622047244095 très

383.81102362204723 410.74015748031496 79.65354330708661 31.46456692913386 de
423.7795275590551 410.74015748031496 198.99212598425197 31.46456692913386 l’empereur,
569.4803149606299 410.74015748031496 79.65354330708661 31.46456692913386 etc.

295.0866141732283 456.09448818897636 130.96062992125985 49.32283464566929 40.
369.9212598425197 456.09448818897636 374.1732283464567 49.32283464566929 BONAPARTE
687.9685039370079 456.09448818897636 243.21259842519686 49.32283464566929 (Hortense
875.3385826771654 456.09448818897636 318.0472440944882 49.32283464566929 Beauharnais),
1137.259842519685 456.09448818897636 168.3779527559055 49.32283464566929 reine
1249.5118110236222 456.09448818897636 112.25196850393701 49.32283464566929 de
1286.9291338582677 456.09448818897636 112.25196850393701 49.32283464566929 Hol

402.23622047244095 499.18110236220474 397.98425196850394 42.803149606299215 lande.
680.5984251968504 499.18110236220474 238.6771653543307 42.803149606299215 N.
799.9370078740158 499.18110236220474 358.01574803149606 42.803149606299215 1783.
1038.8976377952756 499.18110236220474 238.6771653543307 42.803149606299215 M.
1118.267716535433 499.18110236220474 278.6456692913386 42.803149606299215 1837.

418.3937007874016 540.5669291338583 95.24409448818898 44.22047244094488 L.
466.01574803149606 540.5669291338583 126.70866141732283 44.22047244094488 aut.
545.1023622047244 540.5669291338583 126.70866141732283 44.22047244094488 sig.
624.4724409448819 540.5669291338583 79.37007874015748 44.22047244094488 à
656.2204724409448 540.5669291338583 110.83464566929133 44.22047244094488 son
719.7165354330708 540.5669291338583 158.45669291338584 44.22047244094488 frère,
830.5511811023622 540.5669291338583 95.24409448818898 44.22047244094488 le
878.1732283464567 540.5669291338583 158.45669291338584 44.22047244094488 prince
989.007874015748 540.5669291338583 174.33070866141733 44.22047244094488 Lucien.
1115.716535433071 540.5669291338583 221.95275590551182 44.22047244094488 Augsbourg,
1290.3307086614172 540.5669291338583 95.24409448818898 44.22047244094488 16
1321.7952755905512 540.5669291338583 79.37007874015748 44.22047244094488 fé-

386.92913385826773 577.4173228346457 134.07874015748033 42.23622047244095 vrier
476.503937007874 577.4173228346457 134.07874015748033 42.23622047244095 1823.
565.7952755905512 577.4173228346457 134.07874015748033 42.23622047244095 Jolie
655.3700787401575 577.4173228346457 149.10236220472441 42.23622047244095 lettre
759.4015748031496 577.4173228346457 134.07874015748033 42.23622047244095 d'une
848.9763779527559 577.4173228346457 119.05511811023622 42.23622047244095 page
923.5275590551181 577.4173228346457 134.07874015748033 42.23622047244095 in-8,
1012.8188976377953 577.4173228346457 119.05511811023622 42.23622047244095 avec
1072.3464566929133 577.4173228346457 208.62992125984252 42.23622047244095 encadrement.

411.59055118110234 608.5984251968504 114.80314960629921 40.25196850393701 Elle
483.3070866141732 608.5984251968504 86.1732283464567 40.25196850393701 le
526.3937007874016 608.5984251968504 215.1496062992126 40.25196850393701 complimente
698.4566929133858 608.5984251968504 100.34645669291339 40.25196850393701 sur
756.0 608.5984251968504 186.51968503937007 40.25196850393701 l’heureux
899.4330708661417 608.5984251968504 229.60629921259843 40.25196850393701 accouchement
1085.9527559055118 608.5984251968504 86.1732283464567 40.25196850393701 de
1129.0393700787401 608.5984251968504 86.1732283464567 40.25196850393701 sa
1171.8425196850394 608.5984251968504 172.06299212598427 40.25196850393701 femme...
1301.1023622047244 608.5984251968504 71.71653543307086 40.25196850393701 «
1315.275590551181 608.5984251968504 86.1732283464567 40.25196850393701 Cer-

386.3622047244094 635.5275590551181 63.496062992125985 41.95275590551181 «
411.87401574803147 635.5275590551181 178.01574803149606 41.95275590551181 tainement,
551.6220472440945 635.5275590551181 89.00787401574803 41.95275590551181 dit
602.3622047244095 635.5275590551181 114.23622047244095 41.95275590551181 elle,
678.6141732283464 635.5275590551181 101.76377952755905 41.95275590551181 elle
742.1102362204724 635.5275590551181 76.25196850393701 41.95275590551181 ne
780.3779527559055 635.5275590551181 101.76377952755905 41.95275590551181 veut
843.8740157480315 635.5275590551181 89.00787401574803 41.95275590551181 pas
894.6141732283464 635.5275590551181 139.748031496063 41.95275590551181 laisser
996.3779527559055 635.5275590551181 114.23622047244095 41.95275590551181 périr
1072.6299212598426 635.5275590551181 76.25196850393701 41.95275590551181 le
1110.6141732283465 635.5275590551181 101.76377952755905 41.95275590551181 nom,
1174.1102362204724 635.5275590551181 76.25196850393701 41.95275590551181 et
1212.3779527559054 635.5275590551181 101.76377952755905 41.95275590551181 s’en
1275.8740157480315 635.5275590551181 126.99212598425197 41.95275590551181 trouve
1352.1259842519685 635.5275590551181 50.74015748031496 41.95275590551181 le

384.9448818897638 664.1574803149606 66.89763779527559 41.669291338582674 «
411.59055118110234 664.1574803149606 106.86614173228347 41.669291338582674 plus
478.48818897637796 664.1574803149606 120.4724409448819 41.669291338582674 ferme
558.7086614173228 664.1574803149606 200.69291338582678 41.669291338582674 soutien....
719.1496062992126 664.1574803149606 133.79527559055117 41.669291338582674 Malgré
812.9763779527559 664.1574803149606 80.22047244094489 41.669291338582674 le
852.9448818897638 664.1574803149606 133.79527559055117 41.669291338582674 froid,
946.7716535433071 664.1574803149606 106.86614173228347 41.669291338582674 nous
1013.6692913385826 664.1574803149606 106.86614173228347 41.669291338582674 nous
1080.5669291338584 664.1574803149606 147.11811023622047 41.669291338582674 portons
1187.4330708661416 664.1574803149606 106.86614173228347 41.669291338582674 bien
1254.3307086614172 664.1574803149606 106.86614173228347 41.669291338582674 ici;
1307.9055118110236 664.1574803149606 93.54330708661418 41.669291338582674 Louis

384.37795275590554 691.6535433070866 70.86614173228347 42.51968503937008 «
412.7244094488189 691.6535433070866 183.96850393700788 42.51968503937008 travaille
554.1732283464567 691.6535433070866 127.2755905511811 42.51968503937008 bien,
638.9291338582677 691.6535433070866 84.75590551181102 42.51968503937008 et
681.4488188976378 691.6535433070866 127.2755905511811 42.51968503937008 voilà
766.2047244094488 691.6535433070866 84.75590551181102 42.51968503937008 ma
808.7244094488188 691.6535433070866 113.10236220472441 42.51968503937008 plus
879.5905511811023 691.6535433070866 127.2755905511811 42.51968503937008 douce
964.3464566929134 691.6535433070866 198.14173228346456 42.51968503937008 occupation
1119.9685039370079 691.6535433070866 98.92913385826772 42.51968503937008 que
1176.6614173228347 691.6535433070866 84.75590551181102 42.51968503937008 de
1218.8976377952756 691.6535433070866 183.96850393700788 42.51968503937008 m’occuper
1346.1732283464567 691.6535433070866 56.69291338582677 42.51968503937008 de

387.21259842519686 732.1889763779527 55.84251968503937 28.062992125984252 «
409.3228346456693 732.1889763779527 89.00787401574803 28.062992125984252 lui,
465.1653543307087 732.1889763779527 89.00787401574803 28.062992125984252 etc.
509.6692913385827 732.1889763779527 33.44881889763779 28.062992125984252 »

296.78740157480314 776.1259842519685 126.99212598425197 52.44094488188976 41.
369.3543307086614 776.1259842519685 362.8346456692913 52.44094488188976 BONAPARTE
677.7637795275591 776.1259842519685 145.13385826771653 52.44094488188976 (dit
768.4724409448819 776.1259842519685 108.85039370078741 52.44094488188976 le
822.8976377952756 776.1259842519685 181.41732283464566 52.44094488188976 prince
950.1732283464567 776.1259842519685 199.55905511811022 52.44094488188976 Louis),
1095.3070866141732 776.1259842519685 145.13385826771653 52.44094488188976 fils
1186.015748031496 776.1259842519685 108.85039370078741 52.44094488188976 de
1240.4409448818897 776.1259842519685 163.2755905511811 52.44094488188976 Louis
1331.1496062992126 776.1259842519685 72.56692913385827 52.44094488188976 et

422.3622047244094 822.3307086614174 285.1653543307087 47.05511811023622 d’Hortense,
650.5511811023622 822.3307086614174 266.1732283464567 47.05511811023622 prisonnier
859.7480314960629 822.3307086614174 114.23622047244095 47.05511811023622 au
916.7244094488188 822.3307086614174 209.1968503937008 47.05511811023622 château
1068.9448818897638 822.3307086614174 114.23622047244095 47.05511811023622 de
1106.9291338582677 822.3307086614174 114.23622047244095 47.05511811023622 Ham.

421.51181102362204 860.8818897637796 136.06299212598427 45.354330708661415 Trois
511.93700787401576 860.8818897637796 166.11023622047244 45.354330708661415 lettres
632.9763779527559 860.8818897637796 90.70866141732283 45.354330708661415 ou
678.3307086614174 860.8818897637796 166.11023622047244 45.354330708661415 billets
799.0866141732283 860.8818897637796 120.75590551181102 45.354330708661415 aut.
874.7716535433071 860.8818897637796 120.75590551181102 45.354330708661415 sig.
950.1732283464567 860.8818897637796 90.70866141732283 45.354330708661415 de
995.5275590551181 860.8818897637796 105.73228346456693 45.354330708661415 son
1055.9055118110236 860.8818897637796 181.41732283464566 45.354330708661415 paraphe,
1191.9685039370079 860.8818897637796 75.4015748031496 45.354330708661415 à
1222.015748031496 860.8818897637796 90.70866141732283 45.354330708661415 M.
1252.3464566929133 860.8818897637796 151.08661417322836 45.354330708661415 Lombard;

385.51181102362204 904.8188976377953 205.51181102362204 35.1496062992126 ensemble,
543.6850393700787 904.8188976377953 79.08661417322834 35.1496062992126 5
575.4330708661417 904.8188976377953 142.29921259842519 35.1496062992126 pages
654.5196850393701 904.8188976377953 110.55118110236221 35.1496062992126 in

418.1102362204724 927.496062992126 105.16535433070867 45.63779527559055 Dans
483.87401574803147 927.496062992126 78.80314960629921 45.63779527559055 la
523.2755905511812 927.496062992126 131.5275590551181 45.63779527559055 lettre
615.1181102362204 927.496062992126 78.80314960629921 45.63779527559055 du
654.8031496062993 927.496062992126 65.76377952755905 45.63779527559055 5
680.8818897637796 927.496062992126 144.56692913385828 45.63779527559055 octobre
786.3307086614174 927.496062992126 118.48818897637796 45.63779527559055 1839,
865.1338582677165 927.496062992126 78.80314960629921 45.63779527559055 il
904.5354330708661 927.496062992126 92.1259842519685 45.63779527559055 lui
957.2598425196851 927.496062992126 92.1259842519685 45.63779527559055 dit
1009.7007874015748 927.496062992126 170.9291338582677 45.63779527559055 qu’autant
1141.2283464566929 927.496062992126 118.48818897637796 45.63779527559055 qu’il
1220.3149606299212 927.496062992126 105.16535433070867 45.63779527559055 aime
1285.7952755905512 927.496062992126 65.76377952755905 45.63779527559055 à
1299.1181102362204 927.496062992126 105.16535433070867 45.63779527559055 donner

387.7795275590551 955.2755905511812 91.2755905511811 42.51968503937008 des
439.93700787401576 955.2755905511812 130.39370078740157 42.51968503937008 éloges
531.2125984251968 955.2755905511812 65.19685039370079 42.51968503937008 à
557.2913385826772 955.2755905511812 78.23622047244095 42.51968503937008 M.
596.4094488188977 955.2755905511812 91.2755905511811 42.51968503937008 Ch.
648.5669291338583 955.2755905511812 130.39370078740157 42.51968503937008 Durand
739.8425196850394 955.2755905511812 117.35433070866142 42.51968503937008 quand
818.0787401574803 955.2755905511812 78.23622047244095 42.51968503937008 il
857.1968503937007 955.2755905511812 78.23622047244095 42.51968503937008 se
896.3149606299213 955.2755905511812 117.35433070866142 42.51968503937008 livre
974.8346456692914 955.2755905511812 65.19685039370079 42.51968503937008 a
1000.9133858267717 955.2755905511812 91.2755905511811 42.51968503937008 son
1053.0708661417323 955.2755905511812 143.43307086614172 42.51968503937008 talent,
1157.3858267716535 955.2755905511812 130.39370078740157 42.51968503937008 autant
1248.6614173228347 955.2755905511812 78.23622047244095 42.51968503937008 il
1287.7795275590552 955.2755905511812 117.35433070866142 42.51968503937008 croit
1352.976377952756 955.2755905511812 52.15748031496063 42.51968503937008 de

388.06299212598424 983.0551181102362 96.09448818897638 43.08661417322835 son
442.7716535433071 983.0551181102362 137.48031496062993 43.08661417322835 devoir
539.1496062992126 983.0551181102362 82.48818897637796 43.08661417322835 de
580.2519685039371 983.0551181102362 96.09448818897638 43.08661417322835 lui
635.2440944881889 983.0551181102362 164.69291338582678 43.08661417322835 exprimer
758.8346456692914 983.0551181102362 82.48818897637796 43.08661417322835 sa
799.9370078740158 983.0551181102362 247.1811023622047 43.08661417322835 désapprobation
1006.0157480314961 983.0551181102362 123.59055118110236 43.08661417322835 quand
1088.5039370078741 983.0551181102362 82.48818897637796 43.08661417322835 il
1129.6062992125985 983.0551181102362 96.09448818897638 43.08661417322835 lit
1184.5984251968505 983.0551181102362 109.98425196850394 43.08661417322835 dans
1253.1968503937007 983.0551181102362 82.48818897637796 43.08661417322835 un
1280.6929133858268 983.0551181102362 123.59055118110236 43.08661417322835 journal

388.62992125984255 1011.9685039370079 133.79527559055117 41.38582677165354 auquel
482.1732283464567 1011.9685039370079 80.22047244094489 41.38582677165354 il
522.4251968503937 1011.9685039370079 200.9763779527559 41.38582677165354 s’intéresse
683.1496062992126 1011.9685039370079 93.8267716535433 41.38582677165354 des
736.7244094488188 1011.9685039370079 160.7244094488189 41.38582677165354 articles
857.1968503937007 1011.9685039370079 120.4724409448819 41.38582677165354 aussi
937.7007874015748 1011.9685039370079 214.29921259842519 41.38582677165354 inconvenants
1111.748031496063 1011.9685039370079 93.8267716535433 41.38582677165354 que
1165.3228346456692 1011.9685039370079 120.4724409448819 41.38582677165354 celui
1245.5433070866143 1011.9685039370079 93.8267716535433 41.38582677165354 qui
1299.1181102362204 1011.9685039370079 66.89763779527559 41.38582677165354 y
1312.4409448818897 1011.9685039370079 93.8267716535433 41.38582677165354 était

390.0472440944882 1039.748031496063 122.45669291338582 40.818897637795274 inséré
475.65354330708664 1039.748031496063 98.07874015748031 40.818897637795274 dans
536.8818897637796 1039.748031496063 73.41732283464567 40.818897637795274 le
573.7322834645669 1039.748031496063 73.41732283464567 40.818897637795274 n°
610.5826771653543 1039.748031496063 73.41732283464567 40.818897637795274 du
647.1496062992126 1039.748031496063 61.22834645669291 40.818897637795274 2
671.8110236220473 1039.748031496063 183.68503937007873 40.818897637795274 octobre....
818.6456692913385 1039.748031496063 61.22834645669291 40.818897637795274 «
843.0236220472441 1039.748031496063 134.64566929133858 40.818897637795274 Comment
941.1023622047244 1039.748031496063 110.26771653543307 40.818897637795274 le
1014.5196850393701 1039.748031496063 208.3464566929134 40.818897637795274 Capitole,
1186.015748031496 1039.748031496063 85.60629921259843 40.818897637795274 qui
1235.0551181102362 1039.748031496063 73.41732283464567 40.818897637795274 se
1271.9055118110236 1039.748031496063 98.07874015748031 40.818897637795274 fait
1320.9448818897638 1039.748031496063 85.60629921259843 40.818897637795274 l’or-

387.496062992126 1067.5275590551182 68.88188976377953 43.08661417322835 «
415.2755905511811 1067.5275590551182 110.26771653543307 43.08661417322835 gane
484.15748031496065 1067.5275590551182 82.77165354330708 43.08661417322835 du
525.2598425196851 1067.5275590551182 220.251968503937 43.08661417322835 napoléonisme
704.4094488188977 1067.5275590551182 82.77165354330708 43.08661417322835 et
745.7952755905512 1067.5275590551182 82.77165354330708 43.08661417322835 du
786.8976377952756 1067.5275590551182 151.37007874015748 43.08661417322835 système
897.1653543307086 1067.5275590551182 179.1496062992126 43.08661417322835 impérial,
1034.9291338582677 1067.5275590551182 151.37007874015748 43.08661417322835 va-t-il
1145.1968503937007 1067.5275590551182 151.37007874015748 43.08661417322835 prêcher
1255.4645669291338 1067.5275590551182 82.77165354330708 43.08661417322835 le
1282.9606299212599 1067.5275590551182 123.8740157480315 43.08661417322835 système

388.34645669291336 1095.3070866141732 66.04724409448819 43.08661417322835 «
414.99212598425197 1095.3070866141732 92.69291338582677 43.08661417322835 des
467.7165354330709 1095.3070866141732 145.41732283464566 43.08661417322835 cochons
573.7322834645669 1095.3070866141732 66.04724409448819 43.08661417322835 à
600.0944881889764 1095.3070866141732 238.11023622047244 43.08661417322835 l’engrais!....
798.5196850393701 1095.3070866141732 145.41732283464566 43.08661417322835 Comment
904.5354330708661 1095.3070866141732 211.748031496063 43.08661417322835 souffre-t-il
1076.3149606299212 1095.3070866141732 79.37007874015748 43.08661417322835 un
1116.0 1095.3070866141732 145.41732283464566 43.08661417322835 article
1222.015748031496 1095.3070866141732 92.69291338582677 43.08661417322835 qui
1274.740157480315 1095.3070866141732 132.3779527559055 43.08661417322835 traîne
1354.1102362204724 1095.3070866141732 53.00787401574803 43.08661417322835 le

388.62992125984255 1123.6535433070867 66.04724409448819 47.62204724409449 «
415.2755905511811 1123.6535433070867 145.41732283464566 47.62204724409449 journal
521.007874015748 1123.6535433070867 105.73228346456693 47.62204724409449 dans
587.0551181102362 1123.6535433070867 119.05511811023622 47.62204724409449 celte
666.4251968503937 1123.6535433070867 145.41732283464566 47.62204724409449 ornière
772.1574803149606 1123.6535433070867 92.69291338582677 47.62204724409449 des
825.1653543307086 1123.6535433070867 171.7795275590551 47.62204724409449 partisans
957.2598425196851 1123.6535433070867 79.37007874015748 47.62204724409449 de
996.9448818897638 1123.6535433070867 79.37007874015748 47.62204724409449 la
1036.6299212598426 1123.6535433070867 211.46456692913387 47.62204724409449 constitution
1208.4094488188975 1123.6535433070867 171.7795275590551 47.62204724409449 anglaise,
1327.4645669291338 1123.6535433070867 79.37007874015748 47.62204724409449 dont

387.7795275590551 1152.5669291338584 104.88188976377953 44.22047244094488 «le
447.59055118110234 1152.5669291338584 134.64566929133858 44.22047244094488 grand
537.4488188976378 1152.5669291338584 179.71653543307087 44.22047244094488 principe
672.3779527559055 1152.5669291338584 104.88188976377953 44.22047244094488 est
732.1889763779527 1152.5669291338584 134.64566929133858 44.22047244094488 cette
822.0472440944882 1152.5669291338584 149.66929133858267 44.22047244094488 guerre
926.9291338582677 1152.5669291338584 89.85826771653544 44.22047244094488 de
971.7165354330708 1152.5669291338584 194.74015748031496 44.22047244094488 synonymes
1121.3858267716535 1152.5669291338584 89.85826771653544 44.22047244094488 LE
1166.4566929133857 1152.5669291338584 104.88188976377953 44.22047244094488 ROI
1226.267716535433 1152.5669291338584 134.64566929133858 44.22047244094488 RÈGNE
1316.1259842519685 1152.5669291338584 89.85826771653544 44.22047244094488 ET
1346.1732283464567 1152.5669291338584 59.811023622047244 44.22047244094488 NE

391.18110236220474 1179.2125984251968 68.5984251968504 42.51968503937008 «
418.3937007874016 1179.2125984251968 164.69291338582678 42.51968503937008 GOUVERNE
541.9842519685039 1179.2125984251968 109.7007874015748 42.51968503937008 PAS.
610.5826771653543 1179.2125984251968 137.1968503937008 42.51968503937008 Enfin,
706.6771653543307 1179.2125984251968 150.8031496062992 42.51968503937008 comment
816.3779527559055 1179.2125984251968 82.20472440944881 42.51968503937008 un
857.4803149606299 1179.2125984251968 150.8031496062992 42.51968503937008 journal
967.1811023622047 1179.2125984251968 96.09448818897638 42.51968503937008 qui
1022.1732283464567 1179.2125984251968 82.20472440944881 42.51968503937008 se
1063.275590551181 1179.2125984251968 96.09448818897638 42.51968503937008 dit
1118.267716535433 1179.2125984251968 219.4015748031496 42.51968503937008 napoléoniste
1282.6771653543308 1179.2125984251968 123.59055118110236 42.51968503937008 va

389.4803149606299 1208.1259842519685 66.04724409448819 42.51968503937008 «
416.12598425196853 1208.1259842519685 105.73228346456693 42.51968503937008 dire
482.1732283464567 1208.1259842519685 92.40944881889764 42.51968503937008 que
534.8976377952756 1208.1259842519685 145.41732283464566 42.51968503937008 l’armée
640.6299212598425 1208.1259842519685 105.73228346456693 42.51968503937008 sert
706.6771653543307 1208.1259842519685 132.09448818897638 42.51968503937008 plutôt
799.3700787401575 1208.1259842519685 66.04724409448819 42.51968503937008 à
825.7322834645669 1208.1259842519685 158.45669291338584 42.51968503937008 opprimer
944.503937007874 1208.1259842519685 79.37007874015748 42.51968503937008 le
984.1889763779527 1208.1259842519685 132.09448818897638 42.51968503937008 peuple
1076.8818897637796 1208.1259842519685 79.37007874015748 42.51968503937008 en
1116.283464566929 1208.1259842519685 119.05511811023622 42.51968503937008 temps
1195.6535433070867 1208.1259842519685 79.37007874015748 42.51968503937008 de
1235.3385826771653 1208.1259842519685 105.73228346456693 42.51968503937008 paix
1301.3858267716535 1208.1259842519685 105.73228346456693 42.51968503937008 qu’à
1354.3937007874015 1208.1259842519685 52.724409448818896 42.51968503937008 le

391.46456692913387 1242.992125984252 64.06299212598425 35.43307086614173 «
416.9763779527559 1242.992125984252 153.92125984251967 35.43307086614173 défendre
532.6299212598425 1242.992125984252 77.10236220472441 35.43307086614173 en
570.8976377952756 1242.992125984252 115.37007874015748 35.43307086614173 temps
648.0 1242.992125984252 77.10236220472441 35.43307086614173 de
686.5511811023622 1242.992125984252 192.4724409448819 35.43307086614173 guerre!....
840.4724409448819 1242.992125984252 115.37007874015748 35.43307086614173 etc.,
917.2913385826772 1242.992125984252 102.61417322834646 35.43307086614173 etc.
968.5984251968504 1242.992125984252 38.55118110236221 35.43307086614173 »

304.15748031496065 1294.5826771653544 129.82677165354332 48.75590551181102 42.
378.1417322834646 1294.5826771653544 371.0551181102362 48.75590551181102 BONAPARTE
693.6377952755905 1294.5826771653544 241.22834645669292 48.75590551181102 (Jérôme),
879.0236220472441 1294.5826771653544 129.82677165354332 48.75590551181102 roi
953.2913385826772 1294.5826771653544 111.4015748031496 48.75590551181102 de
990.1417322834645 1294.5826771653544 241.22834645669292 48.75590551181102 Westphalie.

430.5826771653543 1334.5511811023623 87.59055118110236 44.22047244094488 L.
474.23622047244095 1334.5511811023623 116.78740157480316 44.22047244094488 aut.
547.0866141732283 1334.5511811023623 116.78740157480316 44.22047244094488 sig.
620.2204724409448 1334.5511811023623 72.85039370078741 44.22047244094488 à
649.4173228346457 1334.5511811023623 102.04724409448819 44.22047244094488 son
707.5275590551181 1334.5511811023623 145.98425196850394 44.22047244094488 frère,
809.8582677165355 1334.5511811023623 87.59055118110236 44.22047244094488 le
853.511811023622 1334.5511811023623 145.98425196850394 44.22047244094488 prince
955.5590551181102 1334.5511811023623 160.44094488188978 44.22047244094488 Lucien.
1072.3464566929133 1334.5511811023623 175.1811023622047 44.22047244094488 Trieste,
1203.5905511811025 1334.5511811023623 87.59055118110236 44.22047244094488 19
1247.5275590551182 1334.5511811023623 116.78740157480316 44.22047244094488 août
1305.9212598425197 1334.5511811023623 102.04724409448819 44.22047244094488 1814.

395.1496062992126 1378.4881889763778 75.4015748031496 36.0 1
425.1968503937008 1378.4881889763778 150.8031496062992 36.0 grande
530.9291338582677 1378.4881889763778 120.75590551181102 36.0 page
591.3070866141733 1378.4881889763778 105.44881889763779 36.0 in

422.6456692913386 1401.4488188976377 76.81889763779527 45.63779527559055 Il
460.9133858267717 1401.4488188976377 89.85826771653544 45.63779527559055 lui
512.2204724409448 1401.4488188976377 102.61417322834646 45.63779527559055 fait
576.5669291338583 1401.4488188976377 102.61417322834646 45.63779527559055 part
640.6299212598425 1401.4488188976377 76.81889763779527 45.63779527559055 de
679.1811023622047 1401.4488188976377 89.85826771653544 45.63779527559055 son
730.2047244094488 1401.4488188976377 115.37007874015748 45.63779527559055 désir
807.3070866141733 1401.4488188976377 141.16535433070865 45.63779527559055 d’aller
909.9212598425197 1401.4488188976377 166.6771653543307 45.63779527559055 s’établir
1038.0472440944882 1401.4488188976377 64.06299212598425 45.63779527559055 à
1063.8425196850394 1401.4488188976377 115.37007874015748 45.63779527559055 Rome.
1140.6614173228347 1401.4488188976377 76.81889763779527 45.63779527559055 Le
1179.2125984251968 1401.4488188976377 128.1259842519685 45.63779527559055 prince
1268.7874015748032 1401.4488188976377 76.81889763779527 45.63779527559055 de
1294.5826771653544 1401.4488188976377 115.37007874015748 45.63779527559055 Metter-

392.59842519685037 1429.7952755905512 107.14960629921259 42.51968503937008 nich
459.496062992126 1429.7952755905512 93.8267716535433 42.51968503937008 lui
513.0708661417323 1429.7952755905512 120.4724409448819 42.51968503937008 écrit
593.2913385826772 1429.7952755905512 93.8267716535433 42.51968503937008 que
646.8661417322835 1429.7952755905512 187.37007874015748 42.51968503937008 l'Empereur
794.2677165354331 1429.7952755905512 187.37007874015748 42.51968503937008 d’Autriche
941.3858267716536 1429.7952755905512 66.89763779527559 42.51968503937008 a
968.3149606299213 1429.7952755905512 107.14960629921259 42.51968503937008 fait
1035.2125984251968 1429.7952755905512 160.7244094488189 42.51968503937008 demander
1155.6850393700788 1429.7952755905512 93.8267716535433 42.51968503937008 ses
1209.259842519685 1429.7952755905512 200.69291338582678 42.51968503937008 passe-ports
1356.3779527559054 1429.7952755905512 53.574803149606296 42.51968503937008 au

393.73228346456693 1457.5748031496064 182.5511811023622 44.22047244094488 saint-père
537.1653543307086 1457.5748031496064 65.19685039370079 44.22047244094488 «
563.2440944881889 1457.5748031496064 78.23622047244095 44.22047244094488 Je
602.3622047244095 1457.5748031496064 104.31496062992126 44.22047244094488 dois
667.5590551181102 1457.5748031496064 130.39370078740157 44.22047244094488 croire
758.8346456692914 1457.5748031496064 91.2755905511811 44.22047244094488 que
810.992125984252 1457.5748031496064 104.31496062992126 44.22047244094488 cela
876.1889763779527 1457.5748031496064 104.31496062992126 44.22047244094488 est,
941.1023622047244 1457.5748031496064 104.31496062992126 44.22047244094488 mais
1006.2992125984252 1457.5748031496064 78.23622047244095 44.22047244094488 je
1045.4173228346456 1457.5748031496064 143.43307086614172 44.22047244094488 préfère
1149.732283464567 1457.5748031496064 91.2755905511811 44.22047244094488 que
1201.8897637795276 1457.5748031496064 104.31496062992126 44.22047244094488 vous
1267.0866141732283 1457.5748031496064 91.2755905511811 44.22047244094488 les
1306.2047244094488 1457.5748031496064 104.31496062992126 44.22047244094488 deman-

389.76377952755905 1485.9212598425197 68.88188976377953 41.38582677165354 «
417.54330708661416 1485.9212598425197 110.26771653543307 41.38582677165354 diez
486.4251968503937 1485.9212598425197 206.9291338582677 41.38582677165354 directement
651.9685039370079 1485.9212598425197 179.43307086614172 41.38582677165354 vous-même
790.0157480314961 1485.9212598425197 82.77165354330708 41.38582677165354 au
831.4015748031496 1485.9212598425197 110.26771653543307 41.38582677165354 pape
900.2834645669292 1485.9212598425197 82.77165354330708 41.38582677165354 et
941.6692913385826 1485.9212598425197 82.77165354330708 41.38582677165354 me
983.0551181102362 1485.9212598425197 96.66141732283465 41.38582677165354 les
1038.3307086614172 1485.9212598425197 220.8188976377953 41.38582677165354 envoyiez....
1217.763779527559 1485.9212598425197 179.43307086614172 41.38582677165354 J’espère,
1341.9212598425197 1485.9212598425197 68.88188976377953 41.38582677165354 mon

391.748031496063 1513.1338582677165 68.88188976377953 43.08661417322835 «
419.5275590551181 1513.1338582677165 110.26771653543307 43.08661417322835 cher
488.40944881889766 1513.1338582677165 151.6535433070866 43.08661417322835 Lucien,
598.6771653543307 1513.1338582677165 96.37795275590551 43.08661417322835 que
653.6692913385826 1513.1338582677165 110.26771653543307 43.08661417322835 vous
722.5511811023622 1513.1338582677165 193.03937007874015 43.08661417322835 éprouverez
874.2047244094488 1513.1338582677165 151.6535433070866 43.08661417322835 quelque
984.4724409448819 1513.1338582677165 151.6535433070866 43.08661417322835 plaisir
1094.740157480315 1513.1338582677165 68.88188976377953 43.08661417322835 à
1122.236220472441 1513.1338582677165 82.77165354330708 43.08661417322835 me
1163.6220472440946 1513.1338582677165 137.76377952755905 43.08661417322835 revoir
1260.0 1513.1338582677165 124.15748031496064 43.08661417322835 après
1328.8818897637796 1513.1338582677165 82.77165354330708 43.08661417322835 tant

393.4488188976378 1541.4803149606298 68.03149606299213 43.08661417322835 «
420.66141732283467 1541.4803149606298 162.99212598425197 43.08661417322835 d’années
542.8346456692914 1541.4803149606298 81.35433070866142 43.08661417322835 de
583.6535433070866 1541.4803149606298 203.81102362204723 43.08661417322835 séparation;
746.6456692913385 1541.4803149606298 122.1732283464567 43.08661417322835 quant
828.0 1541.4803149606298 68.03149606299213 43.08661417322835 à
855.2125984251968 1541.4803149606298 108.56692913385827 43.08661417322835 moi,
922.9606299212599 1541.4803149606298 122.1732283464567 43.08661417322835 cette
1004.5984251968504 1541.4803149606298 108.56692913385827 43.08661417322835 idée
1072.3464566929133 1541.4803149606298 81.35433070866142 43.08661417322835 me
1113.1653543307086 1541.4803149606298 108.56692913385827 43.08661417322835 fait
1181.1968503937007 1541.4803149606298 149.38582677165354 43.08661417322835 oublier
1289.763779527559 1541.4803149606298 94.96062992125984 43.08661417322835 mes
1330.5826771653544 1541.4803149606298 81.35433070866142 43.08661417322835 mal-

394.2992125984252 1580.3149606299212 62.36220472440945 28.62992125984252 «
419.244094488189 1580.3149606299212 124.44094488188976 28.62992125984252 heurs,
506.26771653543307 1580.3149606299212 99.49606299212599 28.62992125984252 etc.
556.1574803149606 1580.3149606299212 37.41732283464567 28.62992125984252 »

303.87401574803147 1624.8188976377953 136.06299212598427 53.00787401574803 43.
381.8267716535433 1624.8188976377953 388.9133858267717 53.00787401574803 BONAPARTE
712.3464566929134 1624.8188976377953 272.12598425196853 53.00787401574803 (Catherine
926.0787401574803 1624.8188976377953 116.78740157480316 53.00787401574803 de
984.4724409448819 1624.8188976377953 310.96062992125985 53.00787401574803 Wurtemberg),
1217.763779527559 1624.8188976377953 194.45669291338584 53.00787401574803 ex

428.59842519685037 1668.4724409448818 143.71653543307087 51.023622047244096 de
500.31496062992125 1668.4724409448818 359.43307086614175 51.023622047244096 Westphalie,
787.7480314960629 1668.4724409448818 215.71653543307087 51.023622047244096 femme
931.4645669291339 1668.4724409448818 143.71653543307087 51.023622047244096 de
1003.4645669291339 1668.4724409448818 263.62204724409446 51.023622047244096 Jérôme.
1195.0866141732283 1668.4724409448818 143.71653543307087 51.023622047244096 N.
1242.992125984252 1668.4724409448818 167.81102362204723 51.023622047244096 1783.

430.5826771653543 1712.1259842519685 93.8267716535433 43.93700787401575 L.
477.3543307086614 1712.1259842519685 125.00787401574803 43.93700787401575 aut.
555.5905511811023 1712.1259842519685 125.00787401574803 43.93700787401575 sig.
633.5433070866142 1712.1259842519685 78.23622047244095 43.93700787401575 à
665.007874015748 1712.1259842519685 109.41732283464567 43.93700787401575 son
727.3700787401575 1712.1259842519685 156.18897637795277 43.93700787401575 frère,
836.7874015748032 1712.1259842519685 93.8267716535433 43.93700787401575 le
883.5590551181102 1712.1259842519685 156.18897637795277 43.93700787401575 prince
992.9763779527559 1712.1259842519685 156.18897637795277 43.93700787401575 Lucien
1102.3937007874015 1712.1259842519685 218.83464566929135 43.93700787401575 Bonaparte.
1274.1732283464567 1712.1259842519685 93.8267716535433 43.93700787401575 De
1305.3543307086613 1712.1259842519685 109.41732283464567 43.93700787401575 Sche-

396.2834645669291 1751.8110236220473 134.64566929133858 39.68503937007874 neau,
486.1417322834646 1751.8110236220473 89.85826771653544 39.68503937007874 25
530.9291338582677 1751.8110236220473 164.40944881889763 39.68503937007874 janvier
650.5511811023622 1751.8110236220473 134.64566929133858 39.68503937007874 1818,
740.4094488188977 1751.8110236220473 74.83464566929133 39.68503937007874 2
770.1732283464567 1751.8110236220473 134.64566929133858 39.68503937007874 pages
860.0314960629921 1751.8110236220473 134.64566929133858 39.68503937007874 petit
934.8661417322835 1751.8110236220473 104.5984251968504 39.68503937007874 in

429.4488188976378 1778.4566929133857 68.31496062992126 42.23622047244095 «
456.66141732283467 1778.4566929133857 109.41732283464567 42.23622047244095 ....
524.9763779527559 1778.4566929133857 109.41732283464567 42.23622047244095 Vous
593.5748031496063 1778.4566929133857 81.92125984251969 42.23622047244095 ne
634.3937007874016 1778.4566929133857 136.62992125984252 42.23622047244095 doutés
730.2047244094488 1778.4566929133857 95.81102362204724 42.23622047244095 pas
784.9133858267717 1778.4566929133857 68.31496062992126 42.23622047244095 ,
812.1259842519685 1778.4566929133857 95.81102362204724 42.23622047244095 mon
866.8346456692914 1778.4566929133857 109.41732283464567 42.23622047244095 cher
935.4330708661417 1778.4566929133857 136.62992125984252 42.23622047244095 frère,
1030.9606299212599 1778.4566929133857 81.92125984251969 42.23622047244095 de
1072.0629921259842 1778.4566929133857 81.92125984251969 42.23622047244095 la
1113.1653543307086 1778.4566929133857 218.83464566929135 42.23622047244095 satisfaction
1290.8976377952756 1778.4566929133857 95.81102362204724 42.23622047244095 que
1332.0 1778.4566929133857 81.92125984251969 42.23622047244095 nous

397.98425196850394 1806.236220472441 65.19685039370079 43.08661417322835 «
424.06299212598424 1806.236220472441 208.3464566929134 43.08661417322835 éprouverions
593.2913385826772 1806.236220472441 130.11023622047244 43.08661417322835 d’être
684.5669291338583 1806.236220472441 143.1496062992126 43.08661417322835 réunis;
788.5984251968504 1806.236220472441 78.23622047244095 43.08661417322835 il
827.7165354330708 1806.236220472441 117.07086614173228 43.08661417322835 n’est
905.9527559055118 1806.236220472441 91.2755905511811 43.08661417322835 pas
957.8267716535433 1806.236220472441 143.1496062992126 43.08661417322835 douteux
1062.1417322834645 1806.236220472441 91.2755905511811 43.08661417322835 que
1114.015748031496 1806.236220472441 78.23622047244095 43.08661417322835 le
1153.1338582677165 1806.236220472441 156.18897637795277 43.08661417322835 meilleur
1270.4881889763778 1806.236220472441 130.11023622047244 43.08661417322835 seroit
1348.4409448818897 1806.236220472441 65.19685039370079 43.08661417322835 aux

395.7165354330709 1834.5826771653544 66.89763779527559 42.51968503937008 «
422.3622047244094 1834.5826771653544 200.9763779527559 42.51968503937008 États-Unis.
583.0866141732283 1834.5826771653544 120.4724409448819 42.51968503937008 Dites
663.5905511811023 1834.5826771653544 66.89763779527559 42.51968503937008 à
690.2362204724409 1834.5826771653544 80.22047244094489 42.51968503937008 ma
730.488188976378 1834.5826771653544 187.37007874015748 42.51968503937008 belle-sœur
877.6062992125984 1834.5826771653544 93.8267716535433 42.51968503937008 que
931.1811023622047 1834.5826771653544 80.22047244094489 42.51968503937008 je
971.4330708661417 1834.5826771653544 133.79527559055117 42.51968503937008 serois
1065.259842519685 1834.5826771653544 160.7244094488189 42.51968503937008 heureuse
1185.732283464567 1834.5826771653544 80.22047244094489 42.51968503937008 de
1225.984251968504 1834.5826771653544 120.4724409448819 42.51968503937008 faire
1306.2047244094488 1834.5826771653544 80.22047244094489 42.51968503937008 sa
1333.1338582677165 1834.5826771653544 80.22047244094489 42.51968503937008 con-

396.0 1861.7952755905512 68.88188976377953 47.62204724409449 «
423.7795275590551 1861.7952755905512 178.86614173228347 47.62204724409449 naissance
561.2598425196851 1861.7952755905512 123.8740157480315 47.62204724409449 ainsi
643.7480314960629 1861.7952755905512 96.37795275590551 47.62204724409449 que
698.7401574803149 1861.7952755905512 123.8740157480315 47.62204724409449 celle
781.2283464566929 1861.7952755905512 82.48818897637796 47.62204724409449 de
822.6141732283464 1861.7952755905512 96.37795275590551 47.62204724409449 vos
877.6062992125984 1861.7952755905512 164.9763779527559 47.62204724409449 enfants;
1001.4803149606299 1861.7952755905512 123.8740157480315 47.62204724409449 quant
1083.9685039370079 1861.7952755905512 68.88188976377953 47.62204724409449 à
1111.4645669291338 1861.7952755905512 123.8740157480315 47.62204724409449 vous,
1193.9527559055118 1861.7952755905512 96.37795275590551 47.62204724409449 mon
1249.2283464566929 1861.7952755905512 109.98425196850394 47.62204724409449 cher
1304.2204724409448 1861.7952755905512 109.98425196850394 47.62204724409449 frère,

395.1496062992126 1890.1417322834645 66.04724409448819 42.51968503937008 «
421.79527559055117 1890.1417322834645 132.3779527559055 42.51968503937008 Jérome
514.2047244094488 1890.1417322834645 198.4251968503937 42.51968503937008 m’entretien
672.9448818897638 1890.1417322834645 79.37007874015748 42.51968503937008 si
712.6299212598425 1890.1417322834645 145.41732283464566 42.51968503937008 souvent
818.6456692913385 1890.1417322834645 79.37007874015748 42.51968503937008 de
858.3307086614174 1890.1417322834645 158.74015748031496 42.51968503937008 l’amitié
977.3858267716536 1890.1417322834645 119.05511811023622 42.51968503937008 qu’il
1056.755905511811 1890.1417322834645 105.73228346456693 42.51968503937008 vous
1122.8031496062993 1890.1417322834645 132.3779527559055 42.51968503937008 porte,
1215.4960629921259 1890.1417322834645 92.69291338582677 42.51968503937008 que
1255.1811023622047 1890.1417322834645 158.74015748031496 42.51968503937008 j’envisage

396.0 1924.4409448818897 67.18110236220473 35.43307086614173 «
422.6456692913386 1924.4409448818897 121.03937007874016 35.43307086614173 cette
503.43307086614175 1924.4409448818897 147.96850393700788 35.43307086614173 réunion
610.8661417322835 1924.4409448818897 121.03937007874016 35.43307086614173 comme
691.6535433070866 1924.4409448818897 80.50393700787401 35.43307086614173 un
731.9055118110236 1924.4409448818897 174.61417322834646 35.43307086614173 véritable
866.2677165354331 1924.4409448818897 161.29133858267716 35.43307086614173 bonheur,
987.3070866141733 1924.4409448818897 94.11023622047244 35.43307086614173 etc
1041.1653543307086 1924.4409448818897 94.11023622047244 35.43307086614173 ...
1081.4173228346456 1924.4409448818897 40.25196850393701 35.43307086614173 »

307.5590551181102 1968.9448818897638 133.51181102362204 59.811023622047244 44.
383.81102362204723 1968.9448818897638 381.54330708661416 59.811023622047244 BONAPARTE
708.0944881889764 1968.9448818897638 229.03937007874015 59.811023622047244 (Élisa),
879.8740157480315 1968.9448818897638 362.5511811023622 59.811023622047244 grande-duchesse
1185.1653543307086 1968.9448818897638 114.51968503937007 59.811023622047244 de
1223.4330708661416 1968.9448818897638 190.77165354330708 59.811023622047244 Toscane,

429.73228346456693 2017.1338582677165 218.26771653543307 53.29133858267716 sœur
566.0787401574803 2017.1338582677165 163.84251968503938 53.29133858267716 de
648.0 2017.1338582677165 354.61417322834643 53.29133858267716 Napoléon.
920.6929133858267 2017.1338582677165 163.84251968503938 53.29133858267716 N.
1002.6141732283464 2017.1338582677165 245.48031496062993 53.29133858267716 1777.
1166.4566929133857 2017.1338582677165 163.84251968503938 53.29133858267716 M.
1220.8818897637796 2017.1338582677165 191.0551181102362 53.29133858267716 1820.
