1662.8031496062993 2572.4409448818897
640.9133858267717 189.0708661417323 288.56692913385825 34.01574803149607 —9—

370.48818897637796 250.01574803149606 125.29133858267717 31.748031496062993 d'un
448.7244094488189 250.01574803149606 140.88188976377953 31.748031496062993 nomme
542.5511811023622 250.01574803149606 156.4724409448819 31.748031496062993 Huard,
651.9685039370079 250.01574803149606 109.41732283464567 31.748031496062993 qui
714.6141732283464 250.01574803149606 109.41732283464567 31.748031496062993 est
777.2598425196851 250.01574803149606 93.8267716535433 31.748031496062993 au
824.0314960629921 250.01574803149606 156.4724409448819 31.748031496062993 moment
933.7322834645669 250.01574803149606 156.4724409448819 31.748031496062993 d'être
1043.1496062992126 250.01574803149606 203.24409448818898 31.748031496062993 poursuivi
1199.6220472440946 250.01574803149606 140.88188976377953 31.748031496062993 comme
1277.8582677165355 250.01574803149606 109.41732283464567 31.748031496062993 déser

377.00787401574803 281.1968503937008 111.11811023622047 29.763779527559056 teur,
451.2755905511811 281.1968503937008 98.64566929133858 29.763779527559056 etc.
512.7874015748032 281.1968503937008 135.7795275590551 29.763779527559056 Détails
611.7165354330708 281.1968503937008 61.79527559055118 29.763779527559056 à
636.3779527559055 281.1968503937008 73.98425196850394 29.763779527559056 ce
661.0393700787401 281.1968503937008 98.64566929133858 29.763779527559056 sujet.

283.46456692913387 328.251968503937 139.748031496063 40.53543307086614 51.
363.11811023622045 328.251968503937 379.2755905511811 40.53543307086614 BOUILLON
682.5826771653543 328.251968503937 319.18110236220474 40.53543307086614 (Emm.-Théod.
941.9527559055118 328.251968503937 119.62204724409449 40.53543307086614 de
1001.7637795275591 328.251968503937 119.62204724409449 40.53543307086614 la
1041.732283464567 328.251968503937 359.1496062992126 40.53543307086614 Tour

414.4251968503937 371.90551181102364 232.44094488188978 42.803149606299215 cardinal
588.7559055118111 371.90551181102364 155.0551181102362 42.803149606299215 de),
685.7007874015748 371.90551181102364 174.33070866141733 42.803149606299215 grand
801.9212598425197 371.90551181102364 232.44094488188978 42.803149606299215 aumônier
976.2519685039371 371.90551181102364 116.22047244094489 42.803149606299215 de
1034.3622047244094 371.90551181102364 193.88976377952756 42.803149606299215 France
1170.1417322834645 371.90551181102364 116.22047244094489 42.803149606299215 et
1208.6929133858268 371.90551181102364 193.88976377952756 42.803149606299215 ambassa-

405.07086614173227 414.99212598425197 257.1023622047244 34.86614173228347 deur
565.511811023622 414.99212598425197 160.7244094488189 34.86614173228347 à
629.8582677165355 414.99212598425197 289.13385826771656 34.86614173228347 Rome.
822.6141732283464 414.99212598425197 192.75590551181102 34.86614173228347 N.
918.992125984252 414.99212598425197 289.13385826771656 34.86614173228347 1644.
1111.748031496063 414.99212598425197 192.75590551181102 34.86614173228347 M.
1176.0944881889764 414.99212598425197 224.78740157480314 34.86614173228347 1715.

412.15748031496065 457.51181102362204 96.09448818897638 36.0 L.
460.06299212598424 457.51181102362204 128.1259842519685 36.0 aut.
540.0 457.51181102362204 128.1259842519685 36.0 sig.
620.2204724409448 457.51181102362204 79.93700787401575 36.0 à
651.9685039370079 457.51181102362204 96.09448818897638 36.0 M.
700.1574803149606 457.51181102362204 96.09448818897638 36.0 le
748.0629921259842 457.51181102362204 160.15748031496062 36.0 prince
860.0314960629921 457.51181102362204 96.09448818897638 36.0 de
908.2204724409448 457.51181102362204 192.18897637795277 36.0 Turenne.
1052.2204724409448 457.51181102362204 96.09448818897638 36.0 De
1100.1259842519685 457.51181102362204 192.18897637795277 36.0 Tournus,
1244.1259842519685 457.51181102362204 96.09448818897638 36.0 le
1292.3149606299212 457.51181102362204 79.93700787401575 36.0 8
1308.1889763779527 457.51181102362204 96.09448818897638 36.0 juin

380.12598425196853 493.79527559055117 130.39370078740157 33.44881889763779 1683.
467.1496062992126 493.79527559055117 145.13385826771653 33.44881889763779 Lettre
568.6299212598425 493.79527559055117 174.04724409448818 33.44881889763779 d’amitié
699.0236220472441 493.79527559055117 304.4409448818898 33.44881889763779 très-affectueuse.
960.0944881889764 493.79527559055117 72.56692913385827 33.44881889763779 1
989.007874015748 493.79527559055117 130.39370078740157 33.44881889763779 belle
1076.0314960629921 493.79527559055117 115.93700787401575 33.44881889763779 page
1148.5984251968505 493.79527559055117 130.39370078740157 33.44881889763779 in-4.
1221.1653543307086 493.79527559055117 130.39370078740157 33.44881889763779 Cachet.

286.01574803149606 545.9527559055118 127.2755905511811 41.38582677165354 52.
358.5826771653543 545.9527559055118 345.25984251968504 41.38582677165354 BREWSTER
649.4173228346457 545.9527559055118 217.98425196850394 41.38582677165354 (David),
812.9763779527559 545.9527559055118 199.84251968503938 41.38582677165354 célèbre
958.3937007874016 545.9527559055118 236.1259842519685 41.38582677165354 physicien
1121.9527559055118 545.9527559055118 199.84251968503938 41.38582677165354 écossais.

411.59055118110234 588.4724409448819 92.97637795275591 37.13385826771653 L.
458.0787401574803 588.4724409448819 124.15748031496064 37.13385826771653 aut.
535.7480314960629 588.4724409448819 124.15748031496064 37.13385826771653 sig.
613.1338582677165 588.4724409448819 108.56692913385827 37.13385826771653 (en
675.2125984251968 588.4724409448819 201.54330708661416 37.13385826771653 anglais),
830.2677165354331 588.4724409448819 77.38582677165354 37.13385826771653 à
861.4488188976378 588.4724409448819 92.97637795275591 37.13385826771653 M.
907.9370078740158 588.4724409448819 139.46456692913387 37.13385826771653 Biot,
1000.9133858267717 588.4724409448819 92.97637795275591 37.13385826771653 de
1047.4015748031495 588.4724409448819 232.44094488188978 37.13385826771653 l’Institut.
1218.0472440944882 588.4724409448819 185.95275590551182 37.13385826771653 Édimbourg,

381.8267716535433 625.3228346456693 87.59055118110236 33.16535433070866 13
425.76377952755905 625.3228346456693 175.46456692913387 33.16535433070866 juillet,
557.2913385826772 625.3228346456693 131.5275590551181 33.16535433070866 1815,
644.8818897637796 625.3228346456693 73.13385826771653 33.16535433070866 2
674.0787401574803 625.3228346456693 131.5275590551181 33.16535433070866 pages
747.2125984251968 625.3228346456693 102.33070866141732 33.16535433070866 in

405.6377952755906 656.503937007874 168.66141732283464 26.362204724409448 Relative
532.3464566929134 656.503937007874 70.2992125984252 26.362204724409448 à
560.4094488188977 656.503937007874 98.36220472440945 26.362204724409448 son
616.5354330708661 656.503937007874 182.5511811023622 26.362204724409448 admission
757.1338582677165 656.503937007874 126.4251968503937 26.362204724409448 comme
841.3228346456693 656.503937007874 140.5984251968504 26.362204724409448 membre
939.6850393700787 656.503937007874 154.48818897637796 26.362204724409448 associé
1052.2204724409448 656.503937007874 84.18897637795276 26.362204724409448 de
1094.1732283464567 656.503937007874 196.7244094488189 26.362204724409448 l’Institut
1248.9448818897638 656.503937007874 84.18897637795276 26.362204724409448 de
1277.007874015748 656.503937007874 126.4251968503937 26.362204724409448 France.

288.8503937007874 713.7637795275591 130.11023622047244 41.10236220472441 53.
363.40157480314963 713.7637795275591 502.2992125984252 41.10236220472441 BRILLAT-SAVARIN,
809.8582677165355 713.7637795275591 185.95275590551182 41.10236220472441 député
939.9685039370079 713.7637795275591 130.11023622047244 41.10236220472441 aux
1014.5196850393701 713.7637795275591 167.5275590551181 41.10236220472441 états
1126.2047244094488 713.7637795275591 241.79527559055117 41.10236220472441 généraux,
1293.4488188976377 713.7637795275591 111.68503937007874 41.10236220472441 con

419.244094488189 754.0157480314961 174.89763779527559 43.37007874015748 seiller
546.5196850393701 754.0157480314961 79.37007874015748 43.37007874015748 à
578.2677165354331 754.0157480314961 95.5275590551181 43.37007874015748 la
625.8897637795276 754.0157480314961 127.2755905511811 43.37007874015748 Cour
705.5433070866142 754.0157480314961 95.5275590551181 43.37007874015748 de
753.1653543307086 754.0157480314961 206.64566929133858 43.37007874015748 cassation
912.1889763779527 754.0157480314961 95.5275590551181 43.37007874015748 et
959.8110236220473 754.0157480314961 159.0236220472441 43.37007874015748 auteur
1071.2125984251968 754.0157480314961 95.5275590551181 43.37007874015748 de
1118.8346456692914 754.0157480314961 95.5275590551181 43.37007874015748 la
1150.5826771653544 754.0157480314961 254.5511811023622 43.37007874015748 Physio

413.8582677165354 799.9370078740158 296.503937007874 51.30708661417323 logie
636.0944881889764 799.9370078740158 148.251968503937 51.30708661417323 du
710.0787401574803 799.9370078740158 321.1653543307087 51.30708661417323 goût.
957.2598425196851 799.9370078740158 148.251968503937 51.30708661417323 N.
1031.244094488189 799.9370078740158 222.23622047244095 51.30708661417323 1755.
1179.4960629921259 799.9370078740158 148.251968503937 51.30708661417323 M.
1228.8188976377953 799.9370078740158 172.91338582677164 51.30708661417323 1826.

414.99212598425197 843.0236220472441 90.4251968503937 35.1496062992126 L.
460.06299212598424 843.0236220472441 120.4724409448819 35.1496062992126 aut.
535.4645669291339 843.0236220472441 120.4724409448819 35.1496062992126 sig.
610.8661417322835 843.0236220472441 75.4015748031496 35.1496062992126 à
640.9133858267717 843.0236220472441 90.4251968503937 35.1496062992126 M.
686.2677165354331 843.0236220472441 180.8503937007874 35.1496062992126 Dumolin.
821.7637795275591 843.0236220472441 150.8031496062992 35.1496062992126 Paris,
927.2125984251968 843.0236220472441 90.4251968503937 35.1496062992126 28
972.2834645669292 843.0236220472441 180.8503937007874 35.1496062992126 juillet.
1108.0629921259842 843.0236220472441 75.4015748031496 35.1496062992126 3
1138.1102362204724 843.0236220472441 135.49606299212599 35.1496062992126 pages
1213.5118110236222 843.0236220472441 105.44881889763779 35.1496062992126 in

409.3228346456693 875.9055118110236 76.53543307086615 35.43307086614173 Il
447.59055118110234 875.9055118110236 115.08661417322834 35.43307086614173 vient
524.4094488188977 875.9055118110236 76.53543307086615 35.43307086614173 de
562.6771653543307 875.9055118110236 76.53543307086615 35.43307086614173 la
600.9448818897638 875.9055118110236 115.08661417322834 35.43307086614173 cour,
677.4803149606299 875.9055118110236 76.53543307086615 35.43307086614173 et
715.7480314960629 875.9055118110236 89.29133858267717 35.43307086614173 lui
767.0551181102362 875.9055118110236 115.08661417322834 35.43307086614173 donne
843.5905511811023 875.9055118110236 89.29133858267717 35.43307086614173 les
894.6141732283464 875.9055118110236 166.11023622047244 35.43307086614173 nouvelles
1022.4566929133858 875.9055118110236 115.08661417322834 35.43307086614173 qu'il
1098.992125984252 875.9055118110236 76.53543307086615 35.43307086614173 en
1137.5433070866143 875.9055118110236 63.77952755905512 35.43307086614173 a
1163.0551181102362 875.9055118110236 153.35433070866142 35.43307086614173 apprises
1265.1023622047244 875.9055118110236 140.5984251968504 35.43307086614173 relative-

379.2755905511811 904.8188976377953 112.53543307086615 32.031496062992126 ment
449.5748031496063 904.8188976377953 84.18897637795276 32.031496062992126 au
491.81102362204723 904.8188976377953 154.48818897637796 32.031496062992126 concile
604.3464566929134 904.8188976377953 84.18897637795276 32.031496062992126 et
646.2992125984252 904.8188976377953 70.2992125984252 32.031496062992126 à
674.3622047244095 904.8188976377953 84.18897637795276 32.031496062992126 la
716.5984251968504 904.8188976377953 168.66141732283464 32.031496062992126 question
843.0236220472441 904.8188976377953 98.36220472440945 32.031496062992126 des
899.4330708661417 904.8188976377953 224.78740157480314 32.031496062992126 institutions
1081.984251968504 904.8188976377953 196.7244094488189 32.031496062992126 canoniques
1236.4724409448818 904.8188976377953 98.36220472440945 32.031496062992126 des
1278.708661417323 904.8188976377953 126.4251968503937 32.031496062992126 évêques

380.12598425196853 932.0314960629921 83.05511811023622 32.59842519685039 et
421.79527559055117 932.0314960629921 96.94488188976378 32.59842519685039 des
477.07086614173227 932.0314960629921 194.17322834645668 32.59842519685039 cardinaux,
629.5748031496063 932.0314960629921 96.94488188976378 32.59842519685039 que
685.1338582677165 932.0314960629921 110.83464566929133 32.59842519685039 l’on
754.5826771653543 932.0314960629921 110.83464566929133 32.59842519685039 doit
823.7480314960629 932.0314960629921 180.28346456692913 32.59842519685039 soumettre
962.3622047244095 932.0314960629921 83.05511811023622 32.59842519685039 au
1004.0314960629921 932.0314960629921 124.7244094488189 32.59842519685039 pape.
1087.0866141732283 932.0314960629921 83.05511811023622 32.59842519685039 Il
1128.755905511811 932.0314960629921 96.94488188976378 32.59842519685039 lui
1184.3149606299212 932.0314960629921 124.7244094488189 32.59842519685039 parle
1267.3700787401574 932.0314960629921 83.05511811023622 32.59842519685039 du
1295.1496062992126 932.0314960629921 110.83464566929133 32.59842519685039 départ

378.70866141732284 959.8110236220473 138.04724409448818 36.56692913385827 d'une
470.5511811023622 959.8110236220473 138.04724409448818 36.56692913385827 armée
562.6771653543307 959.8110236220473 92.1259842519685 36.56692913385827 de
608.5984251968504 959.8110236220473 183.96850393700788 36.56692913385827 quarante
746.6456692913385 959.8110236220473 138.04724409448818 36.56692913385827 mille
838.7716535433071 959.8110236220473 153.35433070866142 36.56692913385827 hommes
945.9212598425197 959.8110236220473 122.74015748031496 36.56692913385827 pour
1022.7401574803149 959.8110236220473 168.66141732283464 36.56692913385827 Naples,
1145.1968503937007 959.8110236220473 199.2755905511811 36.56692913385827 commandée
1298.5511811023623 959.8110236220473 107.43307086614173 36.56692913385827 par
1344.755905511811 959.8110236220473 61.22834645669291 36.56692913385827 le

380.6929133858268 990.992125984252 158.45669291338584 30.04724409448819 maréchal
499.748031496063 990.992125984252 171.7795275590551 30.04724409448819 Pérignon,
631.8425196850394 990.992125984252 79.37007874015748 30.04724409448819 et
671.5275590551181 990.992125984252 158.45669291338584 30.04724409448819 d’autres
790.5826771653543 990.992125984252 145.41732283464566 30.04724409448819 détails
896.0314960629921 990.992125984252 185.10236220472441 30.04724409448819 politiques
1041.4488188976377 990.992125984252 105.73228346456693 30.04724409448819 fort
1094.4566929133857 990.992125984252 198.14173228346456 30.04724409448819 intéressants.

288.56692913385825 1039.748031496063 150.8031496062992 41.10236220472441 54.
374.74015748031496 1039.748031496063 646.0157480314961 41.10236220472441 BRUNSWICK-LUNEBOURG
956.1259842519685 1039.748031496063 107.71653543307086 41.10236220472441 (
977.6692913385826 1039.748031496063 430.5826771653543 41.10236220472441 Charles

419.81102362204723 1082.267716535433 328.53543307086613 41.10236220472441 Ferdinand,
678.0472440944882 1082.267716535433 164.1259842519685 41.10236220472441 duc
771.8740157480315 1082.267716535433 187.6535433070866 41.10236220472441 de).
889.2283464566929 1082.267716535433 140.88188976377953 41.10236220472441 N.
959.5275590551181 1082.267716535433 211.1811023622047 41.10236220472441 1735,
1100.4094488188975 1082.267716535433 164.1259842519685 41.10236220472441 tué
1194.236220472441 1082.267716535433 140.88188976377953 41.10236220472441 en
1241.291338582677 1082.267716535433 164.1259842519685 41.10236220472441 1806.

419.5275590551181 1124.7874015748032 91.2755905511811 37.7007874015748 L.
465.1653543307087 1124.7874015748032 121.88976377952756 37.7007874015748 aut.
541.4173228346457 1124.7874015748032 121.88976377952756 37.7007874015748 sig.
617.6692913385826 1124.7874015748032 106.58267716535433 37.7007874015748 (en
678.6141732283464 1124.7874015748032 213.16535433070865 37.7007874015748 allemand),
845.8582677165355 1124.7874015748032 76.25196850393701 37.7007874015748 à
876.4724409448819 1124.7874015748032 106.58267716535433 37.7007874015748 Son
937.4173228346457 1124.7874015748032 167.5275590551181 37.7007874015748 Altesse
1059.023622047244 1124.7874015748032 91.2755905511811 37.7007874015748 le
1104.9448818897638 1124.7874015748032 213.16535433070865 37.7007874015748 prince....
1272.4724409448818 1124.7874015748032 136.91338582677164 37.7007874015748 Datée
1348.4409448818897 1124.7874015748032 60.94488188976378 37.7007874015748 de

382.6771653543307 1162.2047244094488 183.96850393700788 33.44881889763779 Breslau,
520.7244094488188 1162.2047244094488 92.1259842519685 33.44881889763779 le
566.6456692913385 1162.2047244094488 92.1259842519685 33.44881889763779 27
612.5669291338583 1162.2047244094488 183.96850393700788 33.44881889763779 décembre
750.6141732283464 1162.2047244094488 138.04724409448818 33.44881889763779 1801.
842.4566929133858 1162.2047244094488 76.53543307086615 33.44881889763779 1
873.3543307086615 1162.2047244094488 138.04724409448818 33.44881889763779 belle
965.1968503937007 1162.2047244094488 122.74015748031496 33.44881889763779 page
1026.4251968503936 1162.2047244094488 107.43307086614173 33.44881889763779 in

293.9527559055118 1214.3622047244094 128.1259842519685 42.803149606299215 55.
367.37007874015745 1214.3622047244094 329.6692913385827 42.803149606299215 CABANIS
642.0472440944882 1214.3622047244094 458.0787401574803 42.803149606299215 (Jean-Pierre-George),
1045.1338582677165 1214.3622047244094 219.96850393700788 42.803149606299215 médecin,
1191.6850393700788 1214.3622047244094 219.96850393700788 42.803149606299215 philosophe

414.4251968503937 1259.1496062992126 175.46456692913387 33.16535433070866 et
502.01574803149606 1259.1496062992126 467.7165354330709 33.16535433070866 littérateur.
882.1417322834645 1259.1496062992126 175.46456692913387 33.16535433070866 N.
969.7322834645669 1259.1496062992126 263.0551181102362 33.16535433070866 1737.
1145.1968503937007 1259.1496062992126 175.46456692913387 33.16535433070866 M.
1203.5905511811025 1259.1496062992126 204.66141732283464 33.16535433070866 1808.

419.244094488189 1301.1023622047244 95.81102362204724 34.86614173228347 L.
467.1496062992126 1301.1023622047244 127.84251968503936 34.86614173228347 aut.
547.0866141732283 1301.1023622047244 127.84251968503936 34.86614173228347 sig.
626.7401574803149 1301.1023622047244 95.81102362204724 34.86614173228347 au
674.6456692913385 1301.1023622047244 175.748031496063 34.86614173228347 citoyen
802.488188976378 1301.1023622047244 159.8740157480315 34.86614173228347 Lucien
914.4566929133858 1301.1023622047244 223.6535433070866 34.86614173228347 Bonaparte.
1090.2047244094488 1301.1023622047244 191.6220472440945 34.86614173228347 Auteuil,
1233.9212598425197 1301.1023622047244 95.81102362204724 34.86614173228347 17
1265.9527559055118 1301.1023622047244 143.71653543307087 34.86614173228347 floréal

386.0787401574803 1336.8188976377953 90.70866141732283 32.59842519685039 an
431.43307086614175 1336.8188976377953 105.73228346456693 32.59842519685039 XI.
491.81102362204723 1336.8188976377953 75.4015748031496 32.59842519685039 1
521.8582677165355 1336.8188976377953 120.75590551181102 32.59842519685039 page
597.5433070866142 1336.8188976377953 136.06299212598427 32.59842519685039 in-4,
688.2519685039371 1336.8188976377953 120.75590551181102 32.59842519685039 avec
748.6299212598425 1336.8188976377953 166.11023622047244 32.59842519685039 vignette.

413.5748031496063 1369.1338582677165 82.20472440944881 31.46456692913386 Il
454.6771653543307 1369.1338582677165 95.81102362204724 31.46456692913386 lui
509.38582677165357 1369.1338582677165 136.91338582677164 31.46456692913386 envoie
605.1968503937007 1369.1338582677165 109.41732283464567 31.46456692913386 pour
673.511811023622 1369.1338582677165 95.81102362204724 31.46456692913386 son
728.2204724409448 1369.1338582677165 164.1259842519685 31.46456692913386 discours
851.5275590551181 1369.1338582677165 164.1259842519685 31.46456692913386 quelques
974.5511811023622 1369.1338582677165 123.30708661417323 31.46456692913386 notes
1056.755905511811 1369.1338582677165 95.81102362204724 31.46456692913386 sur
1111.4645669291338 1369.1338582677165 191.6220472440945 31.46456692913386 Condorcet,
1261.984251968504 1369.1338582677165 82.20472440944881 31.46456692913386 et
1303.0866141732283 1369.1338582677165 95.81102362204724 31.46456692913386 lui
1344.1889763779527 1369.1338582677165 68.31496062992126 31.46456692913386 ga-

385.2283464566929 1397.4803149606298 135.21259842519686 31.46456692913386 rantit
479.90551181102364 1397.4803149606298 216.28346456692913 31.46456692913386 l’exactitude
655.6535433070866 1397.4803149606298 94.67716535433071 31.46456692913386 des
709.7952755905512 1397.4803149606298 135.21259842519686 31.46456692913386 faits.
804.1889763779527 1397.4803149606298 94.67716535433071 31.46456692913386 Les
858.3307086614174 1397.4803149606298 175.748031496063 31.46456692913386 jugements
993.5433070866142 1397.4803149606298 135.21259842519686 31.46456692913386 portés
1088.2204724409448 1397.4803149606298 94.67716535433071 31.46456692913386 sur
1142.0787401574803 1397.4803149606298 94.67716535433071 31.46456692913386 les
1196.2204724409448 1397.4803149606298 162.14173228346456 31.46456692913386 ouvrages
1317.8267716535433 1397.4803149606298 81.07086614173228 31.46456692913386 de
1345.0393700787401 1397.4803149606298 67.46456692913385 31.46456692913386 cet

382.1102362204724 1425.8267716535433 124.15748031496064 31.748031496062993 homme
465.1653543307087 1425.8267716535433 151.93700787401573 31.748031496062993 célèbre
575.4330708661417 1425.8267716535433 96.66141732283465 31.748031496062993 lui
630.7086614173228 1425.8267716535433 96.66141732283465 31.748031496062993 ont
685.9842519685039 1425.8267716535433 110.55118110236221 31.748031496062993 paru
754.8661417322835 1425.8267716535433 234.70866141732284 31.748031496062993 raisonnables,
934.5826771653543 1425.8267716535433 82.77165354330708 31.748031496062993 etc.

297.07086614173227 1473.4488188976377 120.18897637795276 42.803149606299215 56.
365.9527559055118 1473.4488188976377 291.9685039370079 42.803149606299215 CALVIN
606.3307086614174 1473.4488188976377 188.78740157480314 42.803149606299215 (Jean),
743.5275590551181 1473.4488188976377 188.78740157480314 42.803149606299215 célèbre
881.007874015748 1473.4488188976377 274.6771653543307 42.803149606299215 réformateur.
1104.0944881889764 1473.4488188976377 102.89763779527559 42.803149606299215 N.
1155.6850393700788 1473.4488188976377 154.48818897637796 42.803149606299215 1509.
1258.5826771653544 1473.4488188976377 102.89763779527559 42.803149606299215 M.
1292.8818897637796 1473.4488188976377 120.18897637795276 42.803149606299215 1564.

423.21259842519686 1517.1023622047244 88.7244094488189 35.43307086614173 L.
467.43307086614175 1517.1023622047244 118.20472440944881 35.43307086614173 aut.
541.4173228346457 1517.1023622047244 118.20472440944881 35.43307086614173 sig.
615.1181102362204 1517.1023622047244 88.7244094488189 35.43307086614173 en
659.6220472440945 1517.1023622047244 132.9448818897638 35.43307086614173 latin
748.3464566929134 1517.1023622047244 132.9448818897638 35.43307086614173 à....
836.7874015748032 1517.1023622047244 177.16535433070865 35.43307086614173 Décembre
969.7322834645669 1517.1023622047244 132.9448818897638 35.43307086614173 1557,
1058.4566929133857 1517.1023622047244 103.46456692913385 35.43307086614173 une
1117.7007874015749 1517.1023622047244 192.18897637795277 35.43307086614173 demi-page
1265.3858267716535 1517.1023622047244 132.9448818897638 35.43307086614173 petit
1339.0866141732283 1517.1023622047244 73.98425196850394 35.43307086614173 in-

384.37795275590554 1551.1181102362204 150.51968503937007 33.732283464566926 folio,
489.8267716535433 1551.1181102362204 135.49606299212599 33.732283464566926 d’une
579.9685039370079 1551.1181102362204 180.56692913385828 33.732283464566926 parfaite
700.4409448818898 1551.1181102362204 225.63779527559055 33.732283464566926 conservation.

414.4251968503937 1585.7007874015749 85.88976377952756 34.2992125984252 La
457.51181102362204 1585.7007874015749 171.7795275590551 34.2992125984252 personne
586.488188976378 1585.7007874015749 128.9763779527559 34.2992125984252 qu’il
672.3779527559055 1585.7007874015749 100.34645669291339 34.2992125984252 lui
729.6377952755905 1585.7007874015749 143.1496062992126 34.2992125984252 envoie
829.9842519685039 1585.7007874015749 100.34645669291339 34.2992125984252 n’a
887.2440944881889 1585.7007874015749 100.34645669291339 34.2992125984252 pas
944.503937007874 1585.7007874015749 143.1496062992126 34.2992125984252 besoin
1044.5669291338584 1585.7007874015749 85.88976377952756 34.2992125984252 de
1087.6535433070867 1585.7007874015749 272.12598425196853 34.2992125984252 recommandation.
1302.5196850393702 1585.7007874015749 114.51968503937007 34.2992125984252 Depuis

388.62992125984255 1613.4803149606298 178.01574803149606 31.46456692913386 longtemps
525.5433070866142 1613.4803149606298 109.41732283464567 31.46456692913386 elle
593.8582677165355 1613.4803149606298 95.81102362204724 31.46456692913386 lui
648.5669291338583 1613.4803149606298 95.81102362204724 31.46456692913386 est
703.5590551181102 1613.4803149606298 136.91338582677164 31.46456692913386 connue
799.3700787401575 1613.4803149606298 82.20472440944881 31.46456692913386 et
840.4724409448819 1613.4803149606298 95.81102362204724 31.46456692913386 lui
895.1811023622047 1613.4803149606298 68.31496062992126 31.46456692913386 a
922.3937007874016 1613.4803149606298 123.30708661417323 31.46456692913386 donné
1004.5984251968504 1613.4803149606298 95.81102362204724 31.46456692913386 des
1059.3070866141732 1613.4803149606298 150.51968503937007 31.46456692913386 preuves
1169.007874015748 1613.4803149606298 82.20472440944881 31.46456692913386 de
1210.1102362204724 1613.4803149606298 82.20472440944881 31.46456692913386 sa
1250.9291338582677 1613.4803149606298 164.40944881889763 31.46456692913386 modestie
1360.6299212598426 1613.4803149606298 54.70866141732284 31.46456692913386 et

388.06299212598424 1641.259842519685 76.81889763779527 32.031496062992126 de
426.3307086614173 1641.259842519685 76.81889763779527 32.031496062992126 sa
464.88188976377955 1641.259842519685 166.6771653543307 32.031496062992126 piété....
593.007874015748 1641.259842519685 102.61417322834646 32.031496062992126 S’il
657.3543307086615 1641.259842519685 64.06299212598425 32.031496062992126 a
682.8661417322835 1641.259842519685 128.1259842519685 32.031496062992126 hésité
772.7244094488188 1641.259842519685 166.6771653543307 32.031496062992126 longtemps
900.8503937007874 1641.259842519685 64.06299212598425 32.031496062992126 à
926.3622047244095 1641.259842519685 89.85826771653544 32.031496062992126 lui
977.6692913385826 1641.259842519685 141.16535433070865 32.031496062992126 confier
1080.283464566929 1641.259842519685 153.92125984251967 32.031496062992126 l’emploi
1195.6535433070867 1641.259842519685 141.16535433070865 32.031496062992126 qu’elle
1285.5118110236222 1641.259842519685 128.1259842519685 32.031496062992126 remplit,

387.7795275590551 1670.1732283464567 111.4015748031496 36.0 c’est
462.0472440944882 1670.1732283464567 111.4015748031496 36.0 qu'il
536.3149606299213 1670.1732283464567 161.00787401574803 36.0 attendait
660.1889763779527 1670.1732283464567 74.26771653543307 36.0 la
697.3228346456693 1670.1732283464567 98.92913385826772 36.0 voix
759.1181102362204 1670.1732283464567 173.1968503937008 36.0 intérieure
895.1811023622047 1670.1732283464567 74.26771653543307 36.0 de
932.3149606299213 1670.1732283464567 235.2755905511811 36.0 l'Esprit-Saint,
1130.4566929133857 1670.1732283464567 86.74015748031496 36.0 qui
1179.7795275590552 1670.1732283464567 98.92913385826772 36.0 doit
1241.8582677165355 1670.1732283464567 123.8740157480315 36.0 régler
1328.3149606299212 1670.1732283464567 74.26771653543307 36.0 et
1353.259842519685 1670.1732283464567 61.79527559055118 36.0 di-

388.06299212598424 1698.5196850393702 114.23622047244095 33.732283464566926 riger
464.31496062992125 1698.5196850393702 126.99212598425197 33.732283464566926 toutes
553.0393700787401 1698.5196850393702 88.7244094488189 33.732283464566926 ses
603.7795275590552 1698.5196850393702 202.96062992125985 33.732283464566926 actions....,
768.7559055118111 1698.5196850393702 63.496062992125985 33.732283464566926 «
793.9842519685039 1698.5196850393702 101.48031496062993 33.732283464566926 Elle
857.4803149606299 1698.5196850393702 63.496062992125985 33.732283464566926 a
882.992125984252 1698.5196850393702 126.99212598425197 33.732283464566926 parlé,
971.7165354330708 1698.5196850393702 76.25196850393701 33.732283464566926 et
1009.7007874015748 1698.5196850393702 101.48031496062993 33.732283464566926 j’ai
1073.1968503937007 1698.5196850393702 139.46456692913387 33.732283464566926 agi....
1174.6771653543308 1698.5196850393702 101.48031496062993 33.732283464566926 Nous
1238.1732283464567 1698.5196850393702 152.2204724409449 33.732283464566926 marchons
1339.6535433070867 1698.5196850393702 76.25196850393701 33.732283464566926 tou-

387.21259842519686 1721.4803149606298 70.58267716535433 37.41732283464567 «
415.5590551181102 1721.4803149606298 126.99212598425197 37.41732283464567 jours
500.0314960629921 1721.4803149606298 84.75590551181102 37.41732283464567 au
542.5511811023622 1721.4803149606298 98.64566929133858 37.41732283464567 but
598.9606299212599 1721.4803149606298 155.0551181102362 37.41732283464567 désiré;
711.7795275590552 1721.4803149606298 197.5748031496063 37.41732283464567 l’Écriture
866.8346456692914 1721.4803149606298 98.64566929133858 37.41732283464567 dit
923.2440944881889 1721.4803149606298 70.58267716535433 37.41732283464567 :
951.5905511811023 1721.4803149606298 98.64566929133858 37.41732283464567 QUE
1008.0 1721.4803149606298 155.0551181102362 37.41732283464567 CEUX-LA
1120.8188976377953 1721.4803149606298 126.99212598425197 37.41732283464567 SEULS
1205.5748031496064 1721.4803149606298 155.0551181102362 37.41732283464567 RÈGNENT
1318.3937007874015 1721.4803149606298 98.64566929133858 37.41732283464567 QUI
1360.6299212598426 1721.4803149606298 56.40944881889764 37.41732283464567 EN

386.6456692913386 1755.7795275590552 70.58267716535433 31.46456692913386 «
414.99212598425197 1755.7795275590552 112.81889763779527 31.46456692913386 SONT
485.5748031496063 1755.7795275590552 141.16535433070865 31.46456692913386 DIGNES
584.2204724409448 1755.7795275590552 169.51181102362204 31.46456692913386 (Isaïe).
711.496062992126 1755.7795275590552 112.81889763779527 31.46456692913386 Nous
782.0787401574803 1755.7795275590552 169.51181102362204 31.46456692913386 comptons
909.0708661417323 1755.7795275590552 211.748031496063 31.46456692913386 aujourd’hui
1078.5826771653544 1755.7795275590552 126.99212598425197 31.46456692913386 parmi
1163.3385826771653 1755.7795275590552 98.92913385826772 31.46456692913386 nos
1219.748031496063 1755.7795275590552 183.4015748031496 31.46456692913386 disciples
1346.740157480315 1755.7795275590552 70.58267716535433 31.46456692913386 des

387.21259842519686 1784.1259842519685 70.58267716535433 31.46456692913386 «
415.5590551181102 1784.1259842519685 183.11811023622047 31.46456692913386 personnes
556.4409448818898 1784.1259842519685 84.4724409448819 31.46456692913386 du
598.6771653543307 1784.1259842519685 112.81889763779527 31.46456692913386 plus
669.2598425196851 1784.1259842519685 112.81889763779527 31.46456692913386 haut
739.5590551181102 1784.1259842519685 112.81889763779527 31.46456692913386 rang
810.1417322834645 1784.1259842519685 84.4724409448819 31.46456692913386 et
852.3779527559055 1784.1259842519685 98.64566929133858 31.46456692913386 des
908.7874015748032 1784.1259842519685 155.0551181102362 31.46456692913386 savants
1021.6062992125984 1784.1259842519685 84.4724409448819 31.46456692913386 du
1063.8425196850394 1784.1259842519685 155.0551181102362 31.46456692913386 premier
1176.6614173228347 1784.1259842519685 155.0551181102362 31.46456692913386 mérite;
1289.4803149606298 1784.1259842519685 98.64566929133858 31.46456692913386 que
1331.716535433071 1784.1259842519685 84.4724409448819 31.46456692913386 Dieu

389.76377952755905 1811.9055118110236 63.21259842519685 30.614173228346456 «
415.2755905511811 1811.9055118110236 75.68503937007874 30.614173228346456 en
452.9763779527559 1811.9055118110236 100.91338582677166 30.614173228346456 soit
516.1889763779527 1811.9055118110236 113.66929133858268 30.614173228346456 béni,
591.8740157480315 1811.9055118110236 100.91338582677166 30.614173228346456 etc.
654.8031496062993 1811.9055118110236 63.21259842519685 30.614173228346456 »
680.0314960629921 1811.9055118110236 75.68503937007874 30.614173228346456 On
718.0157480314961 1811.9055118110236 63.21259842519685 30.614173228346456 y
743.2440944881889 1811.9055118110236 63.21259842519685 30.614173228346456 a
768.4724409448819 1811.9055118110236 113.66929133858268 30.614173228346456 joint
844.1574803149606 1811.9055118110236 75.68503937007874 30.614173228346456 la
869.3858267716536 1811.9055118110236 164.1259842519685 30.614173228346456 traduction.

301.3228346456693 1856.6929133858268 125.85826771653544 42.23622047244095 57.
373.03937007874015 1856.6929133858268 305.8582677165354 42.23622047244095 CAMPAN
625.0393700787401 1856.6929133858268 197.85826771653544 42.23622047244095 (Jeanne
769.0393700787401 1856.6929133858268 180.0 42.23622047244095 Genet,
894.8976377952756 1856.6929133858268 180.0 42.23622047244095 dame),
1021.0393700787401 1856.6929133858268 252.0 42.23622047244095 directrice
1218.8976377952756 1856.6929133858268 108.0 42.23622047244095 de
1272.755905511811 1856.6929133858268 108.0 42.23622047244095 la
1308.755905511811 1856.6929133858268 108.0 42.23622047244095 mai

426.0472440944882 1894.1102362204724 165.25984251968504 48.47244094488189 son
520.4409448818898 1894.1102362204724 306.70866141732284 48.47244094488189 impériale
756.2834645669292 1894.1102362204724 306.70866141732284 48.47244094488189 d’Écouen.
992.1259842519685 1894.1102362204724 141.4488188976378 48.47244094488189 N.
1062.992125984252 1894.1102362204724 212.31496062992127 48.47244094488189 1752.
1204.4409448818897 1894.1102362204724 141.4488188976378 48.47244094488189 M.
1251.4960629921259 1894.1102362204724 165.25984251968504 48.47244094488189 1822.

426.3307086614173 1941.1653543307086 94.39370078740157 37.7007874015748 L.
473.6692913385827 1941.1653543307086 125.85826771653544 37.7007874015748 aut.
552.4724409448819 1941.1653543307086 125.85826771653544 37.7007874015748 sig.
630.992125984252 1941.1653543307086 78.80314960629921 37.7007874015748 à
662.4566929133858 1941.1653543307086 94.39370078740157 37.7007874015748 M.
709.7952755905512 1941.1653543307086 125.85826771653544 37.7007874015748 Boin
788.3149606299213 1941.1653543307086 94.39370078740157 37.7007874015748 de
835.6535433070866 1941.1653543307086 236.1259842519685 37.7007874015748 l’Institut.
1024.4409448818897 1941.1653543307086 173.1968503937008 37.7007874015748 Écouen,
1150.2992125984251 1941.1653543307086 78.80314960629921 37.7007874015748 5
1181.763779527559 1941.1653543307086 188.78740157480314 37.7007874015748 novembre
1307.6220472440946 1941.1653543307086 110.26771653543307 37.7007874015748 1808.

391.46456692913387 1979.1496062992126 75.68503937007874 31.748031496062993 3
421.51181102362204 1979.1496062992126 136.06299212598427 31.748031496062993 pages
497.1968503937008 1979.1496062992126 106.01574803149606 31.748031496062993 in

418.6771653543307 2012.5984251968505 156.4724409448819 33.16535433070866 Relative
536.0314960629921 2012.5984251968505 65.19685039370079 33.16535433070866 à
562.1102362204724 2012.5984251968505 143.43307086614172 33.16535433070866 l’envoi
666.4251968503937 2012.5984251968505 91.2755905511811 33.16535433070866 par
718.5826771653543 2012.5984251968505 78.23622047244095 33.16535433070866 le
757.7007874015748 2012.5984251968505 130.39370078740157 33.16535433070866 Jardin
848.9763779527559 2012.5984251968505 91.2755905511811 33.16535433070866 des
901.1338582677165 2012.5984251968505 143.43307086614172 33.16535433070866 Plantes
1005.1653543307086 2012.5984251968505 78.23622047244095 33.16535433070866 de
1044.283464566929 2012.5984251968505 156.4724409448819 33.16535433070866 diverses
1161.6377952755906 2012.5984251968505 143.43307086614172 33.16535433070866 plantes
1265.9527559055118 2012.5984251968505 78.23622047244095 33.16535433070866 et
1292.0314960629921 2012.5984251968505 130.39370078740157 33.16535433070866 arbustes

390.61417322834643 2041.5118110236222 153.0708661417323 29.19685039370079 pouvant
501.73228346456693 2041.5118110236222 139.1811023622047 29.19685039370079 servir
599.2440944881889 2041.5118110236222 69.44881889763779 29.19685039370079 à
627.0236220472441 2041.5118110236222 208.62992125984252 29.19685039370079 l'éducation
793.9842519685039 2041.5118110236222 83.33858267716535 29.19685039370079 de
835.6535433070866 2041.5118110236222 97.22834645669292 29.19685039370079 ses
891.2125984251968 2041.5118110236222 153.0708661417323 29.19685039370079 élèves,
1002.6141732283464 2041.5118110236222 83.33858267716535 29.19685039370079 en
1044.283464566929 2041.5118110236222 111.4015748031496 29.19685039370079 leur
1113.732283464567 2041.5118110236222 153.0708661417323 29.19685039370079 faisant
1225.1338582677165 2041.5118110236222 180.8503937007874 29.19685039370079 connaître
1350.4251968503936 2041.5118110236222 69.44881889763779 29.19685039370079 les

393.1653543307087 2069.8582677165355 117.35433070866142 30.04724409448819 noms,
471.40157480314963 2069.8582677165355 91.2755905511811 30.04724409448819 les
523.5590551181102 2069.8582677165355 156.4724409448819 30.04724409448819 qualités
641.1968503937007 2069.8582677165355 78.23622047244095 30.04724409448819 et
680.3149606299213 2069.8582677165355 78.23622047244095 30.04724409448819 la
719.4330708661417 2069.8582677165355 169.51181102362204 30.04724409448819 propriété
849.8267716535433 2069.8582677165355 78.23622047244095 30.04724409448819 de
888.9448818897638 2069.8582677165355 91.2755905511811 30.04724409448819 ces
941.1023622047244 2069.8582677165355 169.51181102362204 30.04724409448819 arbustes,
1058.740157480315 2069.8582677165355 78.23622047244095 30.04724409448819 etc.
