1662.8031496062993 2575.8425196850394
334.20472440944883 508.53543307086613 175.748031496063 64.34645669291339 Nous
443.90551181102364 508.53543307086613 241.79527559055117 64.34645669291339 mettons
619.6535433070866 508.53543307086613 263.62204724409446 64.34645669291339 toujours
817.511811023622 508.53543307086613 131.81102362204723 64.34645669291339 le
883.2755905511812 508.53543307086613 175.748031496063 64.34645669291339 même
993.2598425196851 508.53543307086613 263.62204724409446 64.34645669291339 scrupule
1190.8346456692914 508.53543307086613 109.98425196850394 64.34645669291339 à
1234.7716535433071 508.53543307086613 131.81102362204723 64.34645669291339 ne
1278.708661417323 508.53543307086613 131.81102362204723 64.34645669291339 nous

290.8346456692913 564.0944881889764 260.2204724409449 66.61417322834646 présenter
490.96062992125985 564.0944881889764 200.1259842519685 66.61417322834646 devant
630.992125984252 564.0944881889764 119.90551181102362 66.61417322834646 le
691.0866141732283 564.0944881889764 200.1259842519685 66.61417322834646 public
831.1181102362204 564.0944881889764 140.03149606299212 66.61417322834646 que
911.0551181102362 564.0944881889764 219.96850393700788 66.61417322834646 lorsque
1071.2125984251968 564.0944881889764 160.15748031496062 66.61417322834646 nous
1171.275590551181 564.0944881889764 180.0 66.61417322834646 avons
1291.4645669291338 564.0944881889764 100.06299212598425 66.61417322834646 à
1311.3070866141732 564.0944881889764 100.06299212598425 66.61417322834646 lui

291.68503937007875 623.6220472440945 189.92125984251967 66.33070866141732 offrir
424.62992125984255 623.6220472440945 132.9448818897638 66.33070866141732 des
500.59842519685037 623.6220472440945 189.92125984251967 66.33070866141732 pièces
633.8267716535433 623.6220472440945 189.92125984251967 66.33070866141732 dignes
766.7716535433071 623.6220472440945 113.95275590551181 66.33070866141732 de
823.7480314960629 623.6220472440945 132.9448818897638 66.33070866141732 son
899.7165354330708 623.6220472440945 265.8897637795276 66.33070866141732 attention.
1108.6299212598426 623.6220472440945 151.93700787401573 66.33070866141732 Pour
1203.8740157480315 623.6220472440945 151.93700787401573 66.33070866141732 être
1279.8425196850394 623.6220472440945 132.9448818897638 66.33070866141732 moins

290.8346456692913 678.0472440944882 275.5275590551181 67.18110236220473 nombreuse
502.86614173228344 678.0472440944882 148.251968503937 67.18110236220473 que
587.6220472440945 678.0472440944882 190.77165354330708 67.18110236220473 celle
714.6141732283464 678.0472440944882 169.51181102362204 67.18110236220473 dont
820.6299212598425 678.0472440944882 169.51181102362204 67.18110236220473 nous
926.6456692913385 678.0472440944882 190.77165354330708 67.18110236220473 avons
1053.6377952755906 678.0472440944882 169.51181102362204 67.18110236220473 fait
1159.6535433070867 678.0472440944882 127.2755905511811 67.18110236220473 la
1223.1496062992126 678.0472440944882 190.77165354330708 67.18110236220473 vente
1329.1653543307086 678.0472440944882 84.75590551181102 67.18110236220473 le

291.68503937007875 734.1732283464567 100.34645669291339 65.19685039370079 6
331.93700787401576 734.1732283464567 220.8188976377953 65.19685039370079 février
492.37795275590554 734.1732283464567 240.9448818897638 65.19685039370079 dernier,
673.2283464566929 734.1732283464567 120.4724409448819 65.19685039370079 la
733.3228346456693 734.1732283464567 280.9133858267717 65.19685039370079 Collection
954.1417322834645 734.1732283464567 160.7244094488189 65.19685039370079 dont
1054.4881889763778 734.1732283464567 160.7244094488189 65.19685039370079 nous
1154.8346456692914 734.1732283464567 240.9448818897638 65.19685039370079 publions
1315.5590551181103 734.1732283464567 100.34645669291339 65.19685039370079 au-

293.9527559055118 790.2992125984252 274.96062992125985 66.61417322834646 jourd’hui
505.7007874015748 790.2992125984252 126.99212598425197 66.61417322834646 le
568.9133858267717 790.2992125984252 274.96062992125985 66.61417322834646 catalogue
780.6614173228346 790.2992125984252 169.22834645669292 66.61417322834646 n’en
886.3937007874016 790.2992125984252 147.96850393700788 66.61417322834646 est
970.8661417322835 790.2992125984252 147.96850393700788 66.61417322834646 pas
1055.6220472440946 790.2992125984252 190.48818897637796 66.61417322834646 moins
1182.3307086614172 790.2992125984252 232.7244094488189 66.61417322834646 remplie
1330.5826771653544 790.2992125984252 84.4724409448819 66.61417322834646 de

294.8031496062992 846.4251968503937 157.03937007874015 65.48031496062993 noms
392.88188976377955 846.4251968503937 274.96062992125985 65.48031496062993 illustres,
608.8818897637796 846.4251968503937 117.92125984251969 65.48031496062993 de
667.8425196850394 846.4251968503937 255.11811023622047 65.48031496062993 documents
864.0 846.4251968503937 294.5196850393701 65.48031496062993 historiques
1099.5590551181103 846.4251968503937 117.92125984251969 65.48031496062993 et
1138.9606299212599 846.4251968503937 274.96062992125985 65.48031496062993 littéraires,

293.9527559055118 902.5511811023622 114.23622047244095 67.46456692913385 de
350.92913385826773 902.5511811023622 266.74015748031496 67.46456692913385 curiosités
560.4094488188977 902.5511811023622 133.22834645669292 67.46456692913385 qui
636.6614173228346 902.5511811023622 228.4724409448819 67.46456692913385 méritent
808.1574803149606 902.5511811023622 171.49606299212599 67.46456692913385 place
922.3937007874016 902.5511811023622 152.50393700787401 67.46456692913385 dans
1017.6377952755905 902.5511811023622 114.23622047244095 67.46456692913385 le
1074.8976377952756 902.5511811023622 209.48031496062993 67.46456692913385 cabinet
1227.1181102362204 902.5511811023622 133.22834645669292 67.46456692913385 des
1284.3779527559054 902.5511811023622 133.22834645669292 67.46456692913385 vrais

276.37795275590554 976.5354330708661 291.40157480314963 37.98425196850393 connaisseurs.

339.87401574803147 1014.8031496062993 128.9763779527559 67.74803149606299 On
404.503937007874 1014.8031496062993 300.755905511811 67.74803149606299 remarquera
640.6299212598425 1014.8031496062993 193.3228346456693 67.74803149606299 entre
769.6062992125984 1014.8031496062993 214.86614173228347 67.74803149606299 toutes
920.1259842519685 1014.8031496062993 150.51968503937007 67.74803149606299 les
1006.0157480314961 1014.8031496062993 214.86614173228347 67.74803149606299 pièces
1156.251968503937 1014.8031496062993 150.51968503937007 67.74803149606299 qui
1242.4251968503936 1014.8031496062993 128.9763779527559 67.74803149606299 la
1285.2283464566929 1014.8031496062993 128.9763779527559 67.74803149606299 com

273.54330708661416 1099.5590551181103 193.88976377952756 40.25196850393701 posent:

342.4251968503937 1128.755905511811 181.98425196850394 63.21259842519685 Parmi
463.748031496063 1128.755905511811 141.73228346456693 63.21259842519685 les
544.5354330708661 1128.755905511811 161.85826771653544 63.21259842519685 rois
645.7322834645669 1128.755905511811 121.32283464566929 63.21259842519685 et
706.6771653543307 1128.755905511811 202.39370078740157 63.21259842519685 reines
848.1259842519685 1128.755905511811 121.32283464566929 63.21259842519685 de
908.7874015748032 1128.755905511811 222.51968503937007 63.21259842519685 France,
1070.6456692913387 1128.755905511811 222.51968503937007 63.21259842519685 princes
1232.7874015748032 1128.755905511811 121.32283464566929 63.21259842519685 et
1273.0393700787401 1128.755905511811 141.73228346456693 63.21259842519685 prin-

295.65354330708664 1183.748031496063 232.44094488188978 62.07874015748032 cesses:
464.88188976377955 1183.748031496063 190.20472440944883 62.07874015748032 Louis
591.5905511811023 1183.748031496063 147.96850393700788 62.07874015748032 XI,
676.0629921259842 1183.748031496063 253.41732283464566 62.07874015748032 François
866.2677165354331 1183.748031496063 168.9448818897638 62.07874015748032 Ier,
972.0 1183.748031496063 190.20472440944883 62.07874015748032 Henri
1098.708661417323 1183.748031496063 168.9448818897638 62.07874015748032 III,
1204.4409448818897 1183.748031496063 190.20472440944883 62.07874015748032 Henri
1309.8897637795276 1183.748031496063 105.73228346456693 62.07874015748032 IV,

296.503937007874 1239.3070866141732 180.56692913385828 62.07874015748032 Louis
416.9763779527559 1239.3070866141732 180.56692913385828 62.07874015748032 XIII,
537.4488188976378 1239.3070866141732 180.56692913385828 62.07874015748032 Louis
657.6377952755905 1239.3070866141732 160.44094488188978 62.07874015748032 XIV,
757.9842519685039 1239.3070866141732 180.56692913385828 62.07874015748032 Louis
878.4566929133858 1239.3070866141732 140.31496062992127 62.07874015748032 XV,
958.6771653543307 1239.3070866141732 180.56692913385828 62.07874015748032 Louis
1079.1496062992126 1239.3070866141732 160.44094488188978 62.07874015748032 XVI,
1179.4960629921259 1239.3070866141732 180.56692913385828 62.07874015748032 Louis
1279.8425196850394 1239.3070866141732 140.31496062992127 62.07874015748032 XVIII

298.48818897637796 1294.8661417322835 122.45669291338582 66.04724409448819 et
359.7165354330709 1294.8661417322835 224.2204724409449 66.04724409448819 Charles
522.7086614173228 1294.8661417322835 122.45669291338582 66.04724409448819 X;
583.9370078740158 1294.8661417322835 183.4015748031496 66.04724409448819 Loyse
706.3937007874016 1294.8661417322835 122.45669291338582 66.04724409448819 de
767.3385826771654 1294.8661417322835 224.2204724409449 66.04724409448819 Savoie;
930.6141732283464 1294.8661417322835 142.58267716535434 66.04724409448819 les
1011.9685039370079 1294.8661417322835 203.81102362204723 66.04724409448819 reines
1154.8346456692914 1294.8661417322835 265.03937007874015 66.04724409448819 Catherine
1338.236220472441 1294.8661417322835 81.63779527559055 66.04724409448819 et

299.33858267716533 1352.1259842519685 183.4015748031496 67.18110236220473 Marie
421.79527559055117 1352.1259842519685 122.45669291338582 67.18110236220473 de
482.74015748031496 1352.1259842519685 244.62992125984252 67.18110236220473 Médicis,
666.4251968503937 1352.1259842519685 285.4488188976378 67.18110236220473 Marguerite
890.6456692913385 1352.1259842519685 122.45669291338582 67.18110236220473 de
951.8740157480315 1352.1259842519685 203.81102362204723 67.18110236220473 Valois
1094.4566929133857 1352.1259842519685 122.45669291338582 67.18110236220473 et
1155.6850393700788 1352.1259842519685 183.4015748031496 67.18110236220473 Marie
1257.732283464567 1352.1259842519685 162.99212598425197 67.18110236220473 Antoi-

300.4724409448819 1412.7874015748032 200.40944881889763 61.511811023622045 nette;
440.78740157480314 1412.7874015748032 280.62992125984255 61.511811023622045 l’Empereur
661.3228346456693 1412.7874015748032 240.3779527559055 61.511811023622045 Napoléon
841.6062992125984 1412.7874015748032 120.18897637795276 61.511811023622045 et
901.9842519685039 1412.7874015748032 120.18897637795276 61.511811023622045 sa
941.9527559055118 1412.7874015748032 200.40944881889763 61.511811023622045 famille.

348.37795275590554 1471.1811023622047 342.70866141732284 59.24409448818898 Louis-Philippe
633.8267716535433 1471.1811023622047 152.2204724409449 59.24409448818898 Ier,
729.0708661417323 1471.1811023622047 133.22834645669292 59.24409448818898 roi
805.3228346456693 1471.1811023622047 133.22834645669292 59.24409448818898 des
862.2992125984252 1471.1811023622047 209.48031496062993 59.24409448818898 Français.

352.06299212598424 1521.0708661417323 178.86614173228347 64.62992125984252 Parmi
471.40157480314963 1521.0708661417323 139.1811023622047 64.62992125984252 les
550.7716535433071 1521.0708661417323 278.3622047244094 64.62992125984252 souverains
769.3228346456693 1521.0708661417323 119.33858267716535 64.62992125984252 et
829.1338582677165 1521.0708661417323 218.5511811023622 64.62992125984252 princes
988.1574803149606 1521.0708661417323 278.3622047244094 64.62992125984252 étrangers,
1206.708661417323 1521.0708661417323 119.33858267716535 64.62992125984252 on
1246.3937007874015 1521.0708661417323 178.86614173228347 64.62992125984252 distin-

301.3228346456693 1576.0629921259842 162.99212598425197 67.18110236220473 gue:
403.37007874015745 1576.0629921259842 285.4488188976378 67.18110236220473 l’empereur
627.5905511811023 1576.0629921259842 367.0866141732283 67.18110236220473 Charles-Quint,
933.4488188976378 1576.0629921259842 244.62992125984252 67.18110236220473 François
1116.8503937007874 1576.0629921259842 122.45669291338582 67.18110236220473 II
1157.6692913385828 1576.0629921259842 265.03937007874015 67.18110236220473 d’Autriche,

303.0236220472441 1632.755905511811 209.48031496062993 66.61417322834646 Charles
455.244094488189 1632.755905511811 133.22834645669292 66.61417322834646 Ier
531.496062992126 1632.755905511811 114.23622047244095 66.61417322834646 et
588.4724409448819 1632.755905511811 209.48031496062993 66.61417322834646 Jacques
740.6929133858267 1632.755905511811 114.23622047244095 66.61417322834646 II
797.6692913385826 1632.755905511811 323.43307086614175 66.61417322834646 d’Angleterre;
1064.1259842519685 1632.755905511811 247.46456692913387 66.61417322834646 Henriette
1254.6141732283465 1632.755905511811 171.21259842519686 66.61417322834646 Marie
1349.5748031496064 1632.755905511811 76.25196850393701 66.61417322834646 de

300.4724409448819 1688.3149606299212 207.7795275590551 65.48031496062993 France
445.8897637795276 1688.3149606299212 124.7244094488189 65.48031496062993 et
508.251968503937 1688.3149606299212 249.4488188976378 65.48031496062993 Caroline
695.3385826771654 1688.3149606299212 124.7244094488189 65.48031496062993 de
757.7007874015748 1688.3149606299212 291.11811023622045 65.48031496062993 Brunswick,
986.4566929133858 1688.3149606299212 207.7795275590551 65.48031496062993 reines
1111.1811023622047 1688.3149606299212 311.81102362204723 65.48031496062993 d’Angleterre;

301.8897637795276 1745.5748031496064 265.6062992125984 65.48031496062993 Alexandre
506.26771653543307 1745.5748031496064 122.45669291338582 65.48031496062993 de
567.496062992126 1745.5748031496064 224.78740157480314 65.48031496062993 Médicis
730.7716535433071 1745.5748031496064 122.45669291338582 65.48031496062993 et
792.2834645669292 1745.5748031496064 163.55905511811022 65.48031496062993 René
894.3307086614174 1745.5748031496064 224.78740157480314 65.48031496062993 d’Anjou
1057.8897637795276 1745.5748031496064 163.55905511811022 65.48031496062993 (dit
1159.9370078740158 1745.5748031496064 122.45669291338582 65.48031496062993 le
1221.1653543307086 1745.5748031496064 143.1496062992126 65.48031496062993 Bon
1282.3937007874015 1745.5748031496064 143.1496062992126 65.48031496062993 Roi);

348.66141732283467 1801.1338582677165 172.62992125984252 65.48031496062993 Dans
456.37795275590554 1801.1338582677165 129.54330708661416 65.48031496062993 le
521.2913385826772 1801.1338582677165 215.71653543307087 65.48031496062993 clergé
672.3779527559055 1801.1338582677165 280.62992125984255 65.48031496062993 orthodoxe
888.0944881889764 1801.1338582677165 129.54330708661416 65.48031496062993 et
952.7244094488188 1801.1338582677165 323.7165354330709 65.48031496062993 hétérodoxe:
1211.8110236220473 1801.1338582677165 151.08661417322836 65.48031496062993 les
1276.4409448818897 1801.1338582677165 151.08661417322836 65.48031496062993 papes

303.0236220472441 1856.6929133858268 162.70866141732284 62.645669291338585 Jean
404.78740157480314 1856.6929133858268 203.5275590551181 62.645669291338585 XXIII,
547.3700787401575 1856.6929133858268 183.11811023622047 62.645669291338585 Jules
669.2598425196851 1856.6929133858268 122.1732283464567 62.645669291338585 II
730.488188976378 1856.6929133858268 122.1732283464567 62.645669291338585 et
791.4330708661417 1856.6929133858268 142.29921259842519 62.645669291338585 Pie
872.7874015748032 1856.6929133858268 162.70866141732284 62.645669291338585 VII;
974.5511811023622 1856.6929133858268 142.29921259842519 62.645669291338585 les
1055.9055118110236 1856.6929133858268 264.4724409448819 62.645669291338585 cardinaux
1259.4330708661416 1856.6929133858268 122.1732283464567 62.645669291338585 de
1299.9685039370079 1856.6929133858268 122.1732283464567 62.645669291338585 Bel-

307.2755905511811 1913.3858267716535 219.68503937007873 61.511811023622045 larmin,
466.86614173228344 1913.3858267716535 119.90551181102362 61.511811023622045 de
526.9606299212599 1913.3858267716535 239.81102362204723 61.511811023622045 Bérulle,
706.6771653543307 1913.3858267716535 279.7795275590551 61.511811023622045 Lavalette,
926.3622047244095 1913.3858267716535 179.71653543307087 61.511811023622045 Pacca
1046.267716535433 1913.3858267716535 119.90551181102362 61.511811023622045 et
1106.0787401574803 1913.3858267716535 199.84251968503938 61.511811023622045 Fesch,
1225.984251968504 1913.3858267716535 199.84251968503938 61.511811023622045 Bossuet,

307.5590551181102 1973.763779527559 118.20472440944881 61.22834645669291 le
366.8031496062992 1973.763779527559 118.20472440944881 61.22834645669291 P.
426.0472440944882 1973.763779527559 216.8503937007874 61.22834645669291 Joseph,
583.6535433070866 1973.763779527559 197.00787401574803 61.22834645669291 l’abbé
721.7007874015748 1973.763779527559 256.251968503937 61.22834645669291 Lamennais
918.7086614173228 1973.763779527559 118.20472440944881 61.22834645669291 et
958.1102362204724 1973.763779527559 177.4488188976378 61.22834645669291 Calvin;

354.8976377952756 2025.6377952755906 185.38582677165354 63.77952755905512 Parmi
478.7716535433071 2025.6377952755906 144.28346456692913 63.77952755905512 les
560.9763779527559 2025.6377952755906 288.56692913385825 63.77952755905512 ministres,
787.7480314960629 2025.6377952755906 206.07874015748033 63.77952755905512 hommes
932.0314960629921 2025.6377952755906 226.77165354330708 63.77952755905512 d’État,
1097.007874015748 2025.6377952755906 267.87401574803147 63.77952755905512 orateurs,
1282.3937007874015 2025.6377952755906 144.28346456692913 63.77952755905512 guer
