1662.8031496062993 2560.535433070866
749.7637795275591 189.0708661417323 147.68503937007873 30.330708661417322 —
808.7244094488188 189.0708661417323 147.68503937007873 30.330708661417322 2
838.2047244094488 189.0708661417323 88.7244094488189 30.330708661417322 —

380.6929133858268 250.58267716535434 96.94488188976378 39.968503937007874 M.
429.1653543307087 250.58267716535434 96.94488188976378 39.968503937007874 de
477.6377952755906 250.58267716535434 209.76377952755905 39.968503937007874 Belzunce.
638.9291338582677 250.58267716535434 129.25984251968504 39.968503937007874 Aut.
719.7165354330708 250.58267716535434 129.25984251968504 39.968503937007874 sig.
800.503937007874 250.58267716535434 96.94488188976378 39.968503937007874 de
848.9763779527559 250.58267716535434 96.94488188976378 39.968503937007874 M.
897.4488188976378 250.58267716535434 193.60629921259843 39.968503937007874 Guibert,
1042.5826771653544 250.58267716535434 96.94488188976378 39.968503937007874 en
1091.0551181102362 250.58267716535434 129.25984251968504 39.968503937007874 date
1171.8425196850394 250.58267716535434 96.94488188976378 39.968503937007874 du
1220.3149606299212 250.58267716535434 96.94488188976378 39.968503937007874 30
1252.3464566929133 250.58267716535434 145.41732283464566 39.968503937007874 juillet

385.2283464566929 288.56692913385825 132.9448818897638 35.1496062992126 1795.
473.9527559055118 288.56692913385825 73.98425196850394 35.1496062992126 2
503.43307086614175 288.56692913385825 132.9448818897638 35.1496062992126 pages
577.4173228346457 288.56692913385825 103.46456692913385 35.1496062992126 in

412.4409448818898 313.2283464566929 156.18897637795277 46.20472440944882 QUÉLEN
521.5748031496063 313.2283464566929 218.5511811023622 46.20472440944882 (Hyacinthe
693.3543307086615 313.2283464566929 125.00787401574803 46.20472440944882 de),
771.5905511811023 313.2283464566929 171.7795275590551 46.20472440944882 archev.
896.3149606299213 313.2283464566929 93.54330708661418 46.20472440944882 de
943.3700787401575 313.2283464566929 156.18897637795277 46.20472440944882 Paris.
1052.5039370078741 313.2283464566929 125.00787401574803 46.20472440944882 Aut.
1130.740157480315 313.2283464566929 125.00787401574803 46.20472440944882 sig.
1208.6929133858268 313.2283464566929 77.95275590551181 46.20472440944882 à
1239.8740157480315 313.2283464566929 93.54330708661418 46.20472440944882 M.
1271.0551181102362 313.2283464566929 125.00787401574803 46.20472440944882 Auger.

380.9763779527559 356.0314960629921 69.44881889763779 37.13385826771653 2
408.755905511811 356.0314960629921 153.0708661417323 37.13385826771653 juillet
520.1574803149606 356.0314960629921 125.29133858267717 37.13385826771653 1827.
603.496062992126 356.0314960629921 69.44881889763779 37.13385826771653 1
631.2755905511812 356.0314960629921 111.11811023622047 37.13385826771653 page
700.7244094488188 356.0314960629921 125.29133858267717 37.13385826771653 petit
770.4566929133858 356.0314960629921 97.22834645669292 37.13385826771653 in

310.3937007874016 401.1023622047244 116.22047244094489 52.15748031496063 4.
368.503937007874 401.1023622047244 290.5511811023622 52.15748031496063 ACADÉMIE
600.9448818897638 401.1023622047244 348.9448818897638 52.15748031496063 FRANÇAISE,
891.496062992126 401.1023622047244 96.94488188976378 52.15748031496063 7
930.3307086614174 401.1023622047244 193.88976377952756 52.15748031496063 pièces
1046.5511811023623 401.1023622047244 193.88976377952756 52.15748031496063 signées.

415.5590551181102 447.87401574803147 128.9763779527559 39.68503937007874 BARO
496.06299212598424 447.87401574803147 241.79527559055117 39.68503937007874 (Ballhazar)
689.6692913385826 447.87401574803147 145.13385826771653 39.68503937007874 Pièce
786.3307086614174 447.87401574803147 128.9763779527559 39.68503937007874 sig.
866.8346456692914 447.87401574803147 96.66141732283465 39.68503937007874 15
915.0236220472441 447.87401574803147 193.3228346456693 39.68503937007874 décembre
1044.0 447.87401574803147 112.81889763779527 39.68503937007874 1648.

415.5590551181102 483.0236220472441 157.3228346456693 38.55118110236221 HABERT
525.5433070866142 483.0236220472441 235.84251968503938 38.55118110236221 (Philippe).
714.3307086614174 483.0236220472441 141.4488188976378 38.55118110236221 Pièce
808.7244094488188 483.0236220472441 125.85826771653544 38.55118110236221 sig.
887.2440944881889 483.0236220472441 78.51968503937007 38.55118110236221 6
918.7086614173228 483.0236220472441 172.91338582677164 38.55118110236221 octobre
1028.976377952756 483.0236220472441 109.98425196850394 38.55118110236221 1626.

416.12598425196853 516.4724409448819 107.14960629921259 39.68503937007874 HAY
477.3543307086614 516.4724409448819 168.3779527559055 39.68503937007874 (Paul),
599.8110236220473 516.4724409448819 137.76377952755905 39.68503937007874 sieur
691.6535433070866 516.4724409448819 91.84251968503936 39.68503937007874 de
737.5748031496063 516.4724409448819 198.99212598425197 39.68503937007874 Chatelet.
890.9291338582677 516.4724409448819 137.76377952755905 39.68503937007874 Pièce
982.7716535433071 516.4724409448819 122.45669291338582 39.68503937007874 sig.
1059.3070866141732 516.4724409448819 76.53543307086615 39.68503937007874 3
1089.9212598425197 516.4724409448819 122.45669291338582 39.68503937007874 juin
1151.1496062992126 516.4724409448819 107.14960629921259 39.68503937007874 1625.

417.8267716535433 548.7874015748032 188.50393700787401 40.25196850393701 PAVILLON
559.2755905511812 548.7874015748032 219.96850393700788 40.25196850393701 (Étienne).
731.9055118110236 548.7874015748032 141.4488188976378 40.25196850393701 Pièce
826.2992125984252 548.7874015748032 125.85826771653544 40.25196850393701 sig.
904.8188976377953 548.7874015748032 94.39370078740157 40.25196850393701 11
952.1574803149606 548.7874015748032 141.4488188976378 40.25196850393701 avril
1030.6771653543308 548.7874015748032 109.98425196850394 40.25196850393701 1692.

416.6929133858268 583.3700787401575 183.68503937007873 40.25196850393701 ARGENSON
554.4566929133858 583.3700787401575 107.14960629921259 40.25196850393701 (Le
615.6850393700787 583.3700787401575 168.3779527559055 40.25196850393701 marquis
738.4251968503937 583.3700787401575 122.45669291338582 40.25196850393701 d').
814.9606299212599 583.3700787401575 91.84251968503936 40.25196850393701 L.
860.8818897637796 583.3700787401575 122.45669291338582 40.25196850393701 sig.
937.4173228346457 583.3700787401575 91.84251968503936 40.25196850393701 et
983.3385826771654 583.3700787401575 76.53543307086615 40.25196850393701 7
1013.9527559055118 583.3700787401575 122.45669291338582 40.25196850393701 lig.
1090.4881889763778 583.3700787401575 122.45669291338582 40.25196850393701 aut.
1167.3070866141732 583.3700787401575 91.84251968503936 40.25196850393701 30
1213.2283464566929 583.3700787401575 137.76377952755905 40.25196850393701 janv.
1289.763779527559 583.3700787401575 107.14960629921259 40.25196850393701 1716.

413.5748031496063 620.2204724409448 98.07874015748031 37.98425196850393 LA
462.61417322834643 620.2204724409448 147.11811023622047 37.98425196850393 FORCE
560.9763779527559 620.2204724409448 114.51968503937007 37.98425196850393 (Le
626.4566929133858 620.2204724409448 114.51968503937007 37.98425196850393 duc
691.9370078740158 620.2204724409448 130.96062992125985 37.98425196850393 de).
773.5748031496063 620.2204724409448 98.07874015748031 37.98425196850393 L.
822.6141732283464 620.2204724409448 130.96062992125985 37.98425196850393 sig.
904.5354330708661 620.2204724409448 98.07874015748031 37.98425196850393 28
953.5748031496063 620.2204724409448 130.96062992125985 37.98425196850393 mars
1019.0551181102362 620.2204724409448 114.51968503937007 37.98425196850393 1718.

414.99212598425197 652.8188976377953 171.21259842519686 40.53543307086614 NICOLAÏ
539.7165354330708 652.8188976377953 109.13385826771653 40.53543307086614 (M.
601.7952755905512 652.8188976377953 124.7244094488189 40.53543307086614 de).
679.7480314960629 652.8188976377953 93.54330708661418 40.53543307086614 L.
726.5196850393701 652.8188976377953 124.7244094488189 40.53543307086614 sig.
804.4724409448819 652.8188976377953 93.54330708661418 40.53543307086614 20
851.2440944881889 652.8188976377953 140.31496062992127 40.53543307086614 avril
944.503937007874 652.8188976377953 140.31496062992127 40.53543307086614 1779.
1038.0472440944882 652.8188976377953 77.95275590551181 40.53543307086614 4
1069.2283464566929 652.8188976377953 124.7244094488189 40.53543307086614 page
1131.5905511811025 652.8188976377953 140.31496062992127 40.53543307086614 in

313.79527559055117 705.8267716535433 113.95275590551181 45.354330708661415 5.
370.7716535433071 705.8267716535433 342.1417322834646 45.354330708661415 ADANSON
655.9370078740158 705.8267716535433 247.1811023622047 45.354330708661415 (Michel),
845.8582677165355 705.8267716535433 266.1732283464567 45.354330708661415 botaniste.
1055.0551181102362 705.8267716535433 113.95275590551181 45.354330708661415 N.
1112.0314960629921 705.8267716535433 170.9291338582677 45.354330708661415 1727.
1226.267716535433 705.8267716535433 113.95275590551181 45.354330708661415 M.
1264.251968503937 705.8267716535433 132.9448818897638 45.354330708661415 1806.

414.1417322834646 748.3464566929134 92.40944881889764 37.98425196850393 L.
460.34645669291336 748.3464566929134 123.30708661417323 37.98425196850393 aut.
537.4488188976378 748.3464566929134 123.30708661417323 37.98425196850393 sig.
614.2677165354331 748.3464566929134 77.10236220472441 37.98425196850393 à
645.1653543307086 748.3464566929134 154.20472440944883 37.98425196850393 M.....
753.1653543307086 748.3464566929134 138.61417322834646 37.98425196850393 datée
845.5748031496063 748.3464566929134 92.40944881889764 37.98425196850393 du
891.7795275590552 748.3464566929134 184.8188976377953 37.98425196850393 Sénégal,
1030.3937007874015 748.3464566929134 108.0 37.98425196850393 1er
1092.1889763779527 748.3464566929134 123.30708661417323 37.98425196850393 août
1169.291338582677 748.3464566929134 138.61417322834646 37.98425196850393 1750.
1261.7007874015749 748.3464566929134 138.61417322834646 37.98425196850393 Belle
1338.8031496062993 748.3464566929134 61.511811023622045 37.98425196850393 et

381.25984251968504 782.3622047244095 239.81102362204723 38.83464566929134 intéressante
576.2834645669292 782.3622047244095 149.95275590551182 38.83464566929134 lettre
681.1653543307086 782.3622047244095 134.9291338582677 38.83464566929134 toute
771.0236220472441 782.3622047244095 254.83464566929135 38.83464566929134 scientifique,
980.7874015748032 782.3622047244095 104.88188976377953 38.83464566929134 sur
1040.8818897637796 782.3622047244095 209.76377952755905 38.83464566929134 l’histoire
1205.8582677165355 782.3622047244095 194.74015748031496 38.83464566929134 naturelle
1340.5039370078741 782.3622047244095 60.09448818897638 38.83464566929134 du

381.8267716535433 822.3307086614174 177.16535433070865 34.01574803149607 Sénégal.
514.488188976378 822.3307086614174 73.7007874015748 34.01574803149607 2
543.9685039370079 822.3307086614174 132.66141732283464 34.01574803149607 pages
617.9527559055118 822.3307086614174 103.18110236220473 34.01574803149607 in

314.3622047244094 869.1023622047244 106.86614173228347 48.188976377952756 6.
367.93700787401576 869.1023622047244 267.3070866141732 48.188976377952756 ALBE
581.6692913385826 869.1023622047244 178.29921259842519 48.188976377952756 (Fern.
706.6771653543307 869.1023622047244 196.15748031496062 48.188976377952756 Alvarez
849.2598425196851 869.1023622047244 106.86614173228347 48.188976377952756 de
902.5511811023622 869.1023622047244 196.15748031496062 48.188976377952756 Tolède,
1045.1338582677165 869.1023622047244 124.7244094488189 48.188976377952756 duc
1116.5669291338584 869.1023622047244 142.58267716535434 48.188976377952756 d'),
1205.5748031496064 869.1023622047244 196.15748031496062 48.188976377952756 général
1330.2992125984251 869.1023622047244 71.43307086614173 48.188976377952756 et

423.7795275590551 912.4724409448819 225.35433070866142 47.338582677165356 ministre
592.7244094488188 912.4724409448819 187.93700787401573 47.338582677165356 d’État
724.2519685039371 912.4724409448819 150.23622047244095 47.338582677165356 sous
818.0787401574803 912.4724409448819 338.1732283464567 47.338582677165356 Charles-Quint,
1099.8425196850394 912.4724409448819 112.81889763779527 47.338582677165356 et
1156.251968503937 912.4724409448819 225.35433070866142 47.338582677165356 Philippe
1306.4881889763778 912.4724409448819 93.8267716535433 47.338582677165356 II.

1036.0629921259842 956.4094488188977 121.03937007874016 34.01574803149607 N.
1096.4409448818897 956.4094488188977 181.70078740157481 34.01574803149607 1508.
1217.763779527559 956.4094488188977 121.03937007874016 34.01574803149607 M.
1258.015748031496 956.4094488188977 141.4488188976378 34.01574803149607 1582.

417.8267716535433 997.2283464566929 74.55118110236221 40.818897637795274 2
447.87401574803147 997.2283464566929 148.8188976377953 40.818897637795274 lignes
551.9055118110236 997.2283464566929 119.05511811023622 40.818897637795274 aut.
626.4566929133858 997.2283464566929 89.29133858267717 40.818897637795274 et
671.2440944881889 997.2283464566929 89.29133858267717 40.818897637795274 sa
715.7480314960629 997.2283464566929 193.60629921259843 40.818897637795274 signature
864.8503937007874 997.2283464566929 89.29133858267717 40.818897637795274 au
909.3543307086615 997.2283464566929 104.31496062992126 40.818897637795274 bas
968.8818897637796 997.2283464566929 134.07874015748033 40.818897637795274 d’une
1058.4566929133857 997.2283464566929 148.8188976377953 40.818897637795274 lettre
1162.4881889763778 997.2283464566929 104.31496062992126 40.818897637795274 (en
1222.2992125984251 997.2283464566929 178.58267716535434 40.818897637795274 italien)
1341.3543307086613 997.2283464566929 59.52755905511811 40.818897637795274 au

384.66141732283467 1032.9448818897638 145.13385826771653 40.25196850393701 grand
481.3228346456693 1032.9448818897638 112.81889763779527 40.25196850393701 duc
545.9527559055118 1032.9448818897638 96.66141732283465 40.25196850393701 de
594.1417322834645 1032.9448818897638 209.48031496062993 40.25196850393701 Florence,
755.4330708661417 1032.9448818897638 145.13385826771653 40.25196850393701 datée
852.0944881889764 1032.9448818897638 96.66141732283465 40.25196850393701 de
900.5669291338583 1032.9448818897638 225.63779527559055 40.25196850393701 Bruxelles,
1078.015748031496 1032.9448818897638 96.66141732283465 40.25196850393701 le
1126.2047244094488 1032.9448818897638 96.66141732283465 40.25196850393701 28
1174.6771653543308 1032.9448818897638 177.4488188976378 40.25196850393701 février
1287.4960629921259 1032.9448818897638 112.81889763779527 40.25196850393701 1558.

389.1968503937008 1070.9291338582677 69.16535433070867 35.1496062992126 1
416.9763779527559 1070.9291338582677 124.44094488188976 35.1496062992126 belle
499.748031496063 1070.9291338582677 110.55118110236221 35.1496062992126 page
555.0236220472441 1070.9291338582677 124.44094488188976 35.1496062992126 in

318.61417322834643 1121.3858267716535 104.5984251968504 45.92125984251968 7.
371.0551181102362 1121.3858267716535 313.79527559055117 45.92125984251968 ALBITTE
632.6929133858267 1121.3858267716535 296.503937007874 45.92125984251968 (Ant.-Louis),
876.7559055118111 1121.3858267716535 261.6377952755906 45.92125984251968 convention.
1085.9527559055118 1121.3858267716535 104.5984251968504 45.92125984251968 N.
1138.1102362204724 1121.3858267716535 157.03937007874015 45.92125984251968 1760.
1242.708661417323 1121.3858267716535 104.5984251968504 45.92125984251968 M.
1277.5748031496064 1121.3858267716535 122.1732283464567 45.92125984251968 1812.

420.66141732283467 1164.4724409448818 93.25984251968504 37.98425196850393 L.
467.43307086614175 1164.4724409448818 124.44094488188976 37.98425196850393 aut.
545.1023622047244 1164.4724409448818 124.44094488188976 37.98425196850393 sig.
623.0551181102362 1164.4724409448818 93.25984251968504 37.98425196850393 au
669.8267716535433 1164.4724409448818 202.39370078740157 37.98425196850393 ministre.
825.4488188976378 1164.4724409448818 155.6220472440945 37.98425196850393 Paris,
934.2992125984252 1164.4724409448818 93.25984251968504 37.98425196850393 18
981.0708661417323 1164.4724409448818 171.21259842519686 37.98425196850393 octobre
1105.5118110236222 1164.4724409448818 140.03149606299212 37.98425196850393 1792,
1198.7716535433071 1164.4724409448818 124.44094488188976 37.98425196850393 l'an
1276.724409448819 1164.4724409448818 77.95275590551181 37.98425196850393 I
1307.9055118110236 1164.4724409448818 93.25984251968504 37.98425196850393 de
1338.8031496062993 1164.4724409448818 62.36220472440945 37.98425196850393 la

387.496062992126 1202.4566929133857 143.1496062992126 35.1496062992126 répub.
487.5590551181102 1202.4566929133857 71.71653543307086 35.1496062992126 2
516.1889763779527 1202.4566929133857 128.9763779527559 35.1496062992126 pages
602.0787401574803 1202.4566929133857 128.9763779527559 35.1496062992126 in-4.
687.9685039370079 1202.4566929133857 128.9763779527559 35.1496062992126 Belle
759.6850393700787 1202.4566929133857 128.9763779527559 35.1496062992126 lettre.

413.00787401574803 1230.8031496062993 86.1732283464567 35.71653543307087 Il
456.09448818897636 1230.8031496062993 157.88976377952756 35.71653543307087 demande
570.8976377952756 1230.8031496062993 157.88976377952756 35.71653543307087 justice
685.7007874015748 1230.8031496062993 86.1732283464567 35.71653543307087 et
728.7874015748032 1230.8031496062993 200.69291338582678 35.71653543307087 récompense
886.3937007874016 1230.8031496062993 114.80314960629921 35.71653543307087 pour
958.1102362204724 1230.8031496062993 200.69291338582678 35.71653543307087 l’adjudant
1116.0 1230.8031496062993 157.88976377952756 35.71653543307087 général
1230.8031496062993 1230.8031496062993 172.06299212598427 35.71653543307087 Cartaux.
1345.6062992125985 1230.8031496062993 57.25984251968504 35.71653543307087 La

387.496062992126 1258.5826771653544 158.17322834645668 36.56692913385827 conduite
505.98425196850394 1258.5826771653544 105.44881889763779 36.56692913385827 qu’a
572.0314960629921 1258.5826771653544 118.77165354330708 36.56692913385827 tenue
651.1181102362204 1258.5826771653544 92.40944881889764 36.56692913385827 cet
703.8425196850394 1258.5826771653544 171.49606299212599 36.56692913385827 officier,
835.6535433070866 1258.5826771653544 105.44881889763779 36.56692913385827 dans
901.4173228346457 1258.5826771653544 79.08661417322834 36.56692913385827 la
941.1023622047244 1258.5826771653544 145.13385826771653 36.56692913385827 journée
1046.5511811023623 1258.5826771653544 79.08661417322834 36.56692913385827 du
1085.9527559055118 1258.5826771653544 79.08661417322834 36.56692913385827 10
1125.6377952755906 1258.5826771653544 118.77165354330708 36.56692913385827 août,
1204.724409448819 1258.5826771653544 92.40944881889764 36.56692913385827 lui
1257.4488188976377 1258.5826771653544 118.77165354330708 36.56692913385827 donne
1323.2125984251968 1258.5826771653544 79.08661417322834 36.56692913385827 lieu

387.21259842519686 1286.9291338582677 80.22047244094489 37.13385826771653 de
427.18110236220474 1286.9291338582677 133.79527559055117 37.13385826771653 penser
521.007874015748 1286.9291338582677 120.4724409448819 37.13385826771653 qu’il
601.2283464566929 1286.9291338582677 107.14960629921259 37.13385826771653 doit
668.1259842519685 1286.9291338582677 147.11811023622047 37.13385826771653 obtenir
775.2755905511812 1286.9291338582677 80.22047244094489 37.13385826771653 de
815.5275590551181 1286.9291338582677 80.22047244094489 37.13385826771653 la
855.496062992126 1286.9291338582677 187.37007874015748 37.13385826771653 Convention
1002.8976377952756 1286.9291338582677 174.04724409448818 37.13385826771653 nationale
1136.6929133858268 1286.9291338582677 80.22047244094489 37.13385826771653 le
1176.6614173228347 1286.9291338582677 107.14960629921259 37.13385826771653 prix
1243.5590551181103 1286.9291338582677 80.22047244094489 37.13385826771653 de
1270.4881889763778 1286.9291338582677 133.79527559055117 37.13385826771653 l’impor-

390.3307086614173 1316.6929133858268 105.73228346456693 34.2992125984252 tant
456.66141732283467 1316.6929133858268 145.41732283464566 34.2992125984252 service
562.3937007874016 1316.6929133858268 119.05511811023622 34.2992125984252 qu’il
641.7637795275591 1316.6929133858268 66.04724409448819 34.2992125984252 a
668.1259842519685 1316.6929133858268 119.05511811023622 34.2992125984252 rendu
747.496062992126 1316.6929133858268 66.04724409448819 34.2992125984252 à
773.8582677165355 1316.6929133858268 79.37007874015748 34.2992125984252 la
813.5433070866142 1316.6929133858268 119.05511811023622 34.2992125984252 chose
892.9133858267717 1316.6929133858268 172.06299212598427 34.2992125984252 publique,
1011.9685039370079 1316.6929133858268 79.37007874015748 34.2992125984252 etc.

317.4803149606299 1364.3149606299212 110.83464566929133 45.07086614173228 8.
372.755905511811 1364.3149606299212 258.5196850393701 45.07086614173228 AMIRAUX
575.7165354330708 1364.3149606299212 295.37007874015745 45.07086614173228 ANGLAIS,
815.8110236220473 1364.3149606299212 92.40944881889764 45.07086614173228 2
834.2362204724409 1364.3149606299212 184.53543307086613 45.07086614173228 lettres.

420.37795275590554 1405.4173228346456 192.75590551181102 39.68503937007874 COCHRANE
564.9448818897638 1405.4173228346456 176.5984251968504 39.68503937007874 (Lord).
693.6377952755905 1405.4173228346456 96.37795275590551 39.68503937007874 L.
741.8267716535433 1405.4173228346456 128.40944881889763 39.68503937007874 aut.
822.0472440944882 1405.4173228346456 128.40944881889763 39.68503937007874 sig.
902.2677165354331 1405.4173228346456 112.53543307086615 39.68503937007874 (en
966.6141732283464 1405.4173228346456 208.91338582677164 39.68503937007874 anglais).
1127.0551181102362 1405.4173228346456 80.22047244094489 39.68503937007874 1
1159.3700787401574 1405.4173228346456 128.40944881889763 39.68503937007874 page
1223.4330708661416 1405.4173228346456 112.53543307086615 39.68503937007874 in

422.0787401574803 1438.8661417322835 152.2204724409449 39.118110236220474 SMITH
523.5590551181102 1438.8661417322835 135.21259842519686 39.118110236220474 (Sir
608.0314960629921 1438.8661417322835 152.2204724409449 39.118110236220474 Will.
709.511811023622 1438.8661417322835 202.6771653543307 39.118110236220474 Sidney).
861.4488188976378 1438.8661417322835 101.48031496062993 39.118110236220474 L.
912.1889763779527 1438.8661417322835 135.21259842519686 39.118110236220474 aut.
996.6614173228346 1438.8661417322835 84.4724409448819 39.118110236220474 à
1030.3937007874015 1438.8661417322835 101.48031496062993 39.118110236220474 M.
1081.1338582677165 1438.8661417322835 101.48031496062993 39.118110236220474 de
1131.8740157480315 1438.8661417322835 270.4251968503937 39.118110236220474 Montmorency.
1334.8346456692914 1438.8661417322835 67.46456692913385 39.118110236220474 15

388.9133858267717 1478.5511811023623 166.11023622047244 34.58267716535433 janvier
509.6692913385827 1478.5511811023623 135.7795275590551 34.58267716535433 1822.
600.3779527559055 1478.5511811023623 75.4015748031496 34.58267716535433 4
630.4251968503937 1478.5511811023623 120.75590551181102 34.58267716535433 page
690.8031496062993 1478.5511811023623 105.73228346456693 34.58267716535433 in

323.1496062992126 1520.5039370078741 108.0 46.488188976377955 9.
377.29133858267716 1520.5039370078741 342.1417322834646 46.488188976377955 ANDRIEUX
665.5748031496063 1520.5039370078741 558.4251968503937 46.488188976377955 (Franç.-Guill.-Jean-Stan.),
1151.716535433071 1520.5039370078741 252.28346456692913 46.488188976377955 littérateur,

433.7007874015748 1564.1574803149606 194.17322834645668 44.503937007874015 membre
569.7637795275591 1564.1574803149606 116.50393700787401 44.503937007874015 de
628.1574803149606 1564.1574803149606 271.84251968503935 44.503937007874015 l'Académie
841.6062992125984 1564.1574803149606 271.84251968503935 44.503937007874015 française.
1055.3385826771653 1564.1574803149606 116.50393700787401 44.503937007874015 N.
1113.4488188976377 1564.1574803149606 174.89763779527559 44.503937007874015 1759.
1229.9527559055118 1564.1574803149606 116.50393700787401 44.503937007874015 M.
1268.7874015748032 1564.1574803149606 136.06299212598427 44.503937007874015 1829.

432.0 1606.6771653543308 85.88976377952756 39.118110236220474 L.
474.8031496062992 1606.6771653543308 114.51968503937007 39.118110236220474 aut.
546.2362204724409 1606.6771653543308 114.51968503937007 39.118110236220474 sig.
617.9527559055118 1606.6771653543308 71.43307086614173 39.118110236220474 à
646.5826771653543 1606.6771653543308 114.51968503937007 39.118110236220474 mad.
718.0157480314961 1606.6771653543308 85.88976377952756 39.118110236220474 de
761.1023622047244 1606.6771653543308 200.40944881889763 39.118110236220474 St-Pierre.
918.4251968503937 1606.6771653543308 143.1496062992126 39.118110236220474 Paris,
1018.7716535433071 1606.6771653543308 71.43307086614173 39.118110236220474 8
1047.4015748031495 1606.6771653543308 157.3228346456693 39.118110236220474 juillet
1161.9212598425197 1606.6771653543308 128.69291338582678 39.118110236220474 1814.
1247.8110236220473 1606.6771653543308 71.43307086614173 39.118110236220474 1
1276.4409448818897 1606.6771653543308 85.88976377952756 39.118110236220474 p.
1305.0708661417323 1606.6771653543308 100.06299212598425 39.118110236220474 in

421.79527559055117 1638.992125984252 79.93700787401575 36.28346456692913 Il
461.76377952755905 1638.992125984252 79.93700787401575 36.28346456692913 la
501.73228346456693 1638.992125984252 146.5511811023622 36.28346456692913 rassure
608.3149606299213 1638.992125984252 93.25984251968504 36.28346456692913 sur
661.6062992125984 1638.992125984252 79.93700787401575 36.28346456692913 la
701.5748031496063 1638.992125984252 146.5511811023622 36.28346456692913 crainte
808.1574803149606 1638.992125984252 186.51968503937007 36.28346456692913 qu’éprouve
954.7086614173228 1638.992125984252 79.93700787401575 36.28346456692913 M.
994.6771653543307 1638.992125984252 173.1968503937008 36.28346456692913 Bernardin
1127.9055118110236 1638.992125984252 79.93700787401575 36.28346456692913 de
1167.8740157480315 1638.992125984252 213.16535433070865 36.28346456692913 Saint-Pierre
1327.748031496063 1638.992125984252 79.93700787401575 36.28346456692913 pour

394.86614173228344 1672.4409448818897 83.90551181102362 32.31496062992126 le
436.81889763779526 1672.4409448818897 167.81102362204723 32.31496062992126 paiement
562.3937007874016 1672.4409448818897 83.90551181102362 32.31496062992126 de
604.3464566929134 1672.4409448818897 83.90551181102362 32.31496062992126 sa
632.4094488188977 1672.4409448818897 139.748031496063 32.31496062992126 pension.

306.70866141732284 1704.755905511811 132.9448818897638 52.724409448818896 10.
382.6771653543307 1704.755905511811 379.84251968503935 52.724409448818896 ANGOULÊME
705.5433070866142 1704.755905511811 227.90551181102362 52.724409448818896 (Charles
876.1889763779527 1704.755905511811 113.95275590551181 52.724409448818896 de
933.1653543307086 1704.755905511811 208.91338582677164 52.724409448818896 Valois,
1085.1023622047244 1704.755905511811 132.9448818897638 52.724409448818896 duc
1161.0708661417323 1704.755905511811 151.93700787401573 52.724409448818896 d'),
1256.0314960629921 1704.755905511811 151.93700787401573 52.724409448818896 fils
1332.0 1704.755905511811 75.96850393700787 52.724409448818896 de

432.2834645669291 1755.2125984251968 214.01574803149606 38.83464566929134 Charles
587.9055118110236 1755.2125984251968 116.78740157480316 38.83464566929134 IX
646.2992125984252 1755.2125984251968 116.78740157480316 38.83464566929134 et
704.6929133858267 1755.2125984251968 116.78740157480316 38.83464566929134 de
763.0866141732283 1755.2125984251968 175.1811023622047 38.83464566929134 Marie
879.5905511811023 1755.2125984251968 233.29133858267716 38.83464566929134 Touchet.
1054.7716535433071 1755.2125984251968 116.78740157480316 38.83464566929134 N.
1113.1653543307086 1755.2125984251968 175.1811023622047 38.83464566929134 1573.
1229.6692913385828 1755.2125984251968 116.78740157480316 38.83464566929134 M.
1268.7874015748032 1755.2125984251968 136.06299212598427 38.83464566929134 1650.

433.13385826771656 1797.732283464567 89.85826771653544 39.40157480314961 L.
478.20472440944883 1797.732283464567 119.90551181102362 39.40157480314961 aut.
553.0393700787401 1797.732283464567 119.90551181102362 39.40157480314961 sig.
628.1574803149606 1797.732283464567 75.11811023622047 39.40157480314961 à
658.2047244094488 1797.732283464567 89.85826771653544 39.40157480314961 M.
702.992125984252 1797.732283464567 89.85826771653544 39.40157480314961 de
748.0629921259842 1797.732283464567 195.0236220472441 39.40157480314961 Chavigny,
898.0157480314961 1797.732283464567 89.85826771653544 39.40157480314961 du
943.0866141732283 1797.732283464567 89.85826771653544 39.40157480314961 16
988.1574803149606 1797.732283464567 164.9763779527559 39.40157480314961 octobre
1108.0629921259842 1797.732283464567 134.9291338582677 39.40157480314961 1636.
1197.9212598425197 1797.732283464567 164.9763779527559 39.40157480314961 Détails
1303.0866141732283 1797.732283464567 104.88188976377953 39.40157480314961 mili-

396.56692913385825 1837.1338582677165 156.75590551181102 35.43307086614173 taires.
510.5196850393701 1837.1338582677165 71.14960629921259 35.43307086614173 1
538.8661417322835 1837.1338582677165 142.29921259842519 35.43307086614173 grande
638.6456692913385 1837.1338582677165 113.95275590551181 35.43307086614173 page
695.6220472440945 1837.1338582677165 128.1259842519685 35.43307086614173 in

311.244094488189 1875.4015748031495 123.59055118110236 48.188976377952756 11.
381.8267716535433 1875.4015748031495 335.33858267716533 48.188976377952756 ANQUETIL
664.1574803149606 1875.4015748031495 123.59055118110236 48.188976377952756 (L.
734.7401574803149 1875.4015748031495 211.748031496063 48.188976377952756 Pierre),
893.7637795275591 1875.4015748031495 247.1811023622047 48.188976377952756 historien.
1087.9370078740158 1875.4015748031495 106.01574803149606 48.188976377952756 N.
1140.9448818897638 1875.4015748031495 159.0236220472441 48.188976377952756 1723.
1246.6771653543308 1875.4015748031495 106.01574803149606 48.188976377952756 M.
1282.1102362204724 1875.4015748031495 123.59055118110236 48.188976377952756 1808.

430.01574803149606 1918.4881889763778 88.7244094488189 40.818897637795274 L.
474.23622047244095 1918.4881889763778 103.46456692913385 40.818897637795274 aut
533.4803149606299 1918.4881889763778 118.20472440944881 40.818897637795274 sig.
607.1811023622047 1918.4881889763778 88.7244094488189 40.818897637795274 au
651.6850393700787 1918.4881889763778 177.16535433070865 40.818897637795274 ministre
784.6299212598425 1918.4881889763778 88.7244094488189 40.818897637795274 de
828.8503937007874 1918.4881889763778 236.40944881889763 40.818897637795274 l’intérieur.
1021.0393700787401 1918.4881889763778 147.68503937007873 40.818897637795274 Paris,
1124.2204724409448 1918.4881889763778 73.98425196850394 40.818897637795274 7
1153.984251968504 1918.4881889763778 118.20472440944881 40.818897637795274 août
1212.9448818897638 1918.4881889763778 103.46456692913385 40.818897637795274 1806.

422.0787401574803 1949.6692913385828 80.22047244094489 39.68503937007874 Sa
462.0472440944882 1949.6692913385828 146.83464566929135 39.68503937007874 Majesté
568.9133858267717 1949.6692913385828 187.08661417322836 39.68503937007874 l’Empereur
715.7480314960629 1949.6692913385828 146.83464566929135 39.68503937007874 l’ayant
822.6141732283464 1949.6692913385828 160.15748031496062 39.68503937007874 gratifié
942.8031496062993 1949.6692913385828 120.18897637795276 39.68503937007874 d’une
1023.0236220472441 1949.6692913385828 146.83464566929135 39.68503937007874 pension
1129.8897637795276 1949.6692913385828 80.22047244094489 39.68503937007874 de
1169.8582677165355 1949.6692913385828 93.54330708661418 39.68503937007874 six
1223.1496062992126 1949.6692913385828 120.18897637795276 39.68503937007874 mille
1290.0472440944882 1949.6692913385828 120.18897637795276 39.68503937007874 livres,

395.7165354330709 1978.5826771653544 73.41732283464567 39.118110236220474 et
432.2834645669291 1978.5826771653544 134.64566929133858 39.118110236220474 l'ayant
530.3622047244095 1978.5826771653544 134.64566929133858 39.118110236220474 appelé,
628.1574803149606 1978.5826771653544 73.41732283464567 39.118110236220474 en
665.007874015748 1978.5826771653544 146.83464566929135 39.118110236220474 présence
774.992125984252 1978.5826771653544 73.41732283464567 39.118110236220474 de
811.8425196850394 1978.5826771653544 183.68503937007873 39.118110236220474 l’Institut,
958.6771653543307 1978.5826771653544 220.251968503937 39.118110236220474 l'historien
1142.0787401574803 1978.5826771653544 73.41732283464567 39.118110236220474 de
1178.9291338582677 1978.5826771653544 183.68503937007873 39.118110236220474 France,
1325.763779527559 1978.5826771653544 73.41732283464567 39.118110236220474 il
1350.1417322834645 1978.5826771653544 61.22834645669291 39.118110236220474 de-

396.0 2005.7952755905512 112.81889763779527 39.68503937007874 mande
471.11811023622045 2005.7952755905512 62.645669291338585 39.68503937007874 à
496.06299212598424 2005.7952755905512 137.76377952755905 39.68503937007874 porter,
596.4094488188977 2005.7952755905512 87.59055118110236 39.68503937007874 par
646.5826771653543 2005.7952755905512 75.11811023622047 39.68503937007874 un
684.0 2005.7952755905512 125.29133858267717 39.68503937007874 décret
771.5905511811023 2005.7952755905512 75.11811023622047 39.68503937007874 de
809.2913385826772 2005.7952755905512 75.11811023622047 39.68503937007874 Sa
846.992125984252 2005.7952755905512 150.23622047244095 39.68503937007874 Majesté,
959.5275590551181 2005.7952755905512 75.11811023622047 39.68503937007874 le
997.2283464566929 2005.7952755905512 112.81889763779527 39.68503937007874 titre
1072.3464566929133 2005.7952755905512 288.0 39.68503937007874 d'historiographe
1310.4566929133857 2005.7952755905512 100.34645669291339 39.68503937007874 de

399.9685039370079 2042.6456692913387 189.92125984251967 30.614173228346456 France.
558.1417322834645 2042.6456692913387 116.22047244094489 30.614173228346456 Détails
642.6141732283464 2042.6456692913387 52.724409448818896 30.614173228346456 à
663.8740157480315 2042.6456692913387 63.21259842519685 30.614173228346456 ce
684.8503937007874 2042.6456692913387 84.4724409448819 30.614173228346456 sujet.
