5866 9100
2315 587 958 118 —4—

1309 789 326 145 lui
1496 789 420 145 avoir
1776 789 513 145 accordé
2149 789 326 145 son
2335 789 699 145 pardon;....
2894 789 793 145 Protestations
3547 789 280 145 de
3687 789 559 145 fidélité
4106 789 280 145 et
4246 789 280 145 de
4340 789 559 145 dévouement

1307 899 371 116 pour
1539 899 325 116 son
1724 899 557 116 service,
2096 899 278 116 etc.

994 1040 471 206 19.
1263 1040 1345 206 <b>BELLIÈVRE</b>
2406 1040 874 206 (Pomponne
3079 1040 538 206 de),
3415 1040 942 206 chancelier
4155 1040 404 206 de
4290 1040 605 206 France.

3638 1245 419 123 N.
3848 1245 628 123 1529.
4267 1245 419 123 M.
4406 1245 489 123 1607.

1448 1369 319 151 L.
1607 1369 425 151 aut.
1873 1369 425 151 sig.
2139 1369 266 151 à
2245 1369 319 151 M.
2404 1369 319 151 de
2564 1369 638 151 Villeroy
3042 1369 531 151 Paris,
3414 1369 319 151 11
3573 1369 372 151 mai
3786 1369 478 151 1604.
4105 1369 266 151 1
4211 1369 425 151 page
4477 1369 319 151 in
4583 1369 319 151 fol.

1394 1490 574 132 Relative
1825 1490 239 132 à
1921 1490 335 132 une
2112 1490 622 132 procédure
2591 1490 479 132 contre
2926 1490 335 132 les
3117 1490 670 132 huguenots.
3643 1490 526 132 Détails
3978 1490 479 132 curieux.

983 1628 438 179 20.
1234 1628 1189 179 <b>BELZUNCE</b>
2235 1628 626 179 (Henri
2673 1628 500 179 de),
2985 1628 626 179 évêque
3423 1628 375 179 de
3548 1628 751 179 Marseille.

3605 1805 431 125 N.
3821 1805 646 125 1671.
4252 1805 431 125 M.
4395 1805 503 125 1755.

1416 1934 312 150 L.
1572 1934 416 150 aut.
1832 1934 416 150 sig.
2091 1934 312 150 au
2247 1934 623 150 cardinal
2715 1934 312 150 de
2871 1934 572 150 Fleury.
3286 1934 312 150 Ce
3442 1934 312 150 15
3598 1934 416 150 août
3858 1934 468 150 1739.
4170 1934 260 150 3
4274 1934 468 150 pages
4533 1934 364 150 in

1396 2050 281 140 Il
1537 2050 515 140 supplie
1911 2050 328 140 Son
2098 2050 608 140 ÉEminence
2566 2050 608 140 d’écouter
3034 2050 796 140 favorablement
3689 2050 281 140 la
3830 2050 796 140 justification
4485 2050 328 140 des
4625 2050 281 140 deux

1288 2149 644 135 chanoines
1784 2149 545 135 d’Arras
2180 2149 347 135 qui
2378 2149 594 135 viennent
2823 2149 495 135 d’être
3170 2149 545 135 exilés,
3566 2149 446 135 étant
3863 2149 891 135 très-innocents
4556 2149 347 135 d’une

1292 2249 423 141 faute
1574 2249 329 141 que
1762 2249 564 141 l'esprit
2184 2249 282 141 de
2325 2249 423 141 parti
2607 2249 376 141 leur
2842 2249 235 141 a
2936 2249 564 141 imputée;
3358 2249 376 141 leur
3593 2249 610 141 punition,
4063 2249 517 141 faisant
4391 2249 517 141 triompher

1298 2347 306 132 les
1473 2347 481 132 ennemis
1823 2347 263 132 de
1955 2347 569 132 l'Eglise,
2392 2347 350 132 fait
2611 2347 394 132 grand
2873 2347 350 132 tort
3092 2347 219 132 à
3180 2347 263 132 la
3311 2347 569 132 religion,
3705 2347 263 132 etc.

974 2458 437 204 21.
1223 2458 1249 204 <b>BÉRANGER</b>,
2285 2458 562 204 notre
2660 2458 562 204 poëte
3035 2458 812 204 national.
3660 2458 375 204 N.
3785 2458 437 204 1780.

1423 2640 302 150 L.
1574 2640 403 150 aut.
1826 2640 403 150 sig.
2078 2640 302 150 au
2229 2640 655 150 rédacteur
2733 2640 302 150 du
2884 2640 554 150 journal
3287 2640 454 150 <i>le
3590 2640 756 150 Pilote</i>.
4194 2640 302 150 Du
4346 2640 302 150 14
4446 2640 454 150 février

1298 2763 482 128 1823.
1620 2763 268 128 2
1727 2763 590 128 grandes
2156 2763 482 128 pages
2424 2763 375 128 in

1395 2878 577 140 Relative
1827 2878 240 140 à
1923 2878 288 140 sa
2068 2878 384 140 mise
2308 2878 288 140 en
2452 2878 577 140 jugement
2884 2878 288 140 en
3028 2878 480 140 police
3365 2878 961 140 correctionnelle,
4181 2878 384 140 pour
4422 2878 288 140 la
4518 2878 384 140 saisie

1288 2977 428 137 d'une
1574 2977 570 137 nouvelle
2001 2977 713 137 contrefaçon
2572 2977 285 137 de
2714 2977 333 137 ses
2905 2977 618 137 chansons,
3380 2977 380 137 dont
3618 2977 285 137 on
3760 2977 285 137 le
3903 2977 380 137 rend
4093 2977 808 137 responsable....

1286 3077 244 143 «
1384 3077 781 143 C’est-à-dire
2019 3077 342 143 que
2214 3077 391 143 moi,
2458 3077 781 143 propriétaire
3093 3077 440 143 lésé,
3386 3077 293 143 je
3533 3077 391 143 vais
3777 3077 733 143 comparaître
4363 3077 440 143 comme
4607 3077 293 143 pré-

1290 3179 238 141 «
1386 3179 380 141 venu
1623 3179 380 141 avec
1861 3179 380 141 ceux
2098 3179 333 141 que
2288 3179 285 141 je
2431 3179 475 141 serais
2763 3179 285 141 en
2906 3179 428 141 droit
3191 3179 285 141 de
3333 3179 713 141 poursuivre,
3903 3179 285 141 si
4046 3179 285 141 ce
4188 3179 428 141 droit
4473 3179 285 141 ne
4568 3179 333 141 m’eût

1297 3277 220 114 «
1385 3277 308 114 été
1561 3277 572 114 interdit,
2001 3277 352 114 etc.
2221 3277 220 114 »
2310 3277 484 114 Détails
2662 3277 352 114 très
2838 3277 440 114 curieux.

978 3434 457 174 22.
1239 3434 1176 174 <b>BERNIER</b>
2219 3434 850 174 (L’abbé),
2873 3434 523 174 l’un
3200 3434 457 174 des
3461 3434 588 174 chefs
3853 3434 457 174 des
4115 3434 654 174 armées
4507 3434 392 174 ven

1436 3593 796 173 déennes,
2033 3593 663 173 depuis
2497 3593 663 173 évêque
2961 3593 929 173 d’Orléans.
3691 3593 398 173 N.
3890 3593 597 173 1764.
4288 3593 398 173 M.
4421 3593 464 173 1806.

1423 3742 326 148 L.
1586 3742 707 148 pastorale
2129 3742 435 148 aut.
2401 3742 435 148 sig.
2673 3742 326 148 au
2836 3742 544 148 clergé
3217 3742 326 148 et
3380 3742 381 148 aux
3597 3742 598 148 fidèles
4032 3742 326 148 de
4195 3742 381 148 son
4358 3742 544 148 diocèse.

1296 3863 500 149 Datée
1630 3863 778 149 d’Orléans,
2241 3863 333 149 du
2407 3863 555 149 palais
2796 3863 778 149 épiscopal.
3407 3863 333 149 Le
3574 3863 278 149 5
3685 3863 611 149 février
4129 3863 500 149 1806.
4463 3863 278 149 2
4518 3863 389 149 pages

1252 3985 346 91 in

974 4134 458 174 23.
1235 4134 1307 174 <b>BERNOUILLI<b>
2346 4134 850 174 (Daniel),
3000 4134 654 174 savant
3392 4134 1046 174 mathématicien.

3603 4317 427 127 N.
3816 4317 641 127 1700.
4244 4317 427 127 M.
4386 4317 499 127 1782.

1425 4445 342 143 L.
1596 4445 456 143 aut.
1881 4445 456 143 sig.
2165 4445 285 143 à
2279 4445 342 143 M.
2450 4445 342 143 de
2621 4445 342 143 La
2792 4445 797 143 Condamine.
3418 4445 513 143 Bâle,
3760 4445 342 143 18
3931 4445 456 143 mars
4216 4445 513 143 1754.
4500 4445 399 143 Belle

1305 4563 521 155 lettre
1670 4563 469 155 toute
1982 4563 729 155 littéraire
2555 4563 313 155 et
2712 4563 886 155 scientifique.
3441 4563 261 155 3
3545 4563 573 155 grandes
3962 4563 469 155 pages
4275 4563 417 155 in-4
4535 4563 261 155 ;
4587 4563 313 155 avec

1247 4689 464 92 cachet.

995 4835 427 177 24.
1239 4835 975 177 <b>BERRY</b>
2031 4835 914 177 (Ch.-Ferd.,
2763 4835 427 177 duc
3006 4835 488 177 de).
3311 4835 366 177 N.
3494 4835 549 177 1778.
3860 4835 670 177 Assass.
4347 4835 366 177 en
4469 4835 427 177 1820.

1429 4995 348 147 L.
1603 4995 464 147 aut.
1893 4995 348 147 au
2067 4995 522 147 comte
2415 4995 348 147 de
2589 4995 580 147 Damas.
2995 4995 348 147 De
3169 4995 754 147 Hartwell,
3748 4995 290 147 2
3864 4995 406 147 mai
4096 4995 522 147 1810.
4386 4995 522 147 Détails

1308 5115 971 129 confidentiels.
2118 5115 702 129 Demi-page
2603 5115 378 129 in

1001 5269 456 181 25.
1261 5269 1238 181 <b>BERTHIER</b>
2304 5269 1042 181 (Alexandre),
3151 5269 652 181 prince
3607 5269 391 181 de
3802 5269 912 181 Neufchâlel
4519 5269 391 181 et
4649 5269 261 181 de

1446 5429 826 169 Wagram,
2047 5429 901 169 maréchal
2722 5429 451 169 de
2948 5429 826 169 France.
3548 5429 451 169 N.
3774 5429 676 169 1759.
4224 5429 451 169 M.
4374 5429 526 169 1815.

1444 5583 310 153 L.
1599 5583 413 153 aut.
1858 5583 413 153 sig.
2116 5583 310 153 au
2271 5583 827 153 maréchal....
2943 5583 517 153 Munich
3305 5583 258 153 ,
3408 5583 310 153 13
3563 5583 569 153 février
3977 5583 517 153 1806.1
4339 5583 413 153 page
4545 5583 362 153 in

1416 5698 419 142 Comme
1696 5698 419 142 c'est
1975 5698 559 142 toujours
2394 5698 279 142 le
2534 5698 372 142 plus
2767 5698 372 142 tard
2999 5698 559 142 possible
3418 5698 419 142 qu’il
3698 5698 372 142 fait
3930 5698 419 142 usage
4210 5698 326 142 des
4396 5698 466 142 choses
4675 5698 233 142 qui

1326 5794 488 149 peuvent
1680 5794 532 149 affliger
2079 5794 310 149 ses
2257 5794 621 149 camarades,
2744 5794 266 149 il
2877 5794 266 149 le
3010 5794 355 149 prie
3232 5794 266 149 de
3365 5794 621 149 considérer
3853 5794 355 149 tout
4075 5794 266 149 ce
4208 5794 399 149 qu’il
4474 5794 310 149 lui
4651 5794 222 149 a
4695 5794 222 149 dit

1320 5894 681 120 concernant
1856 5894 292 120 le
2002 5894 535 120 général
2391 5894 389 120 G...
2634 5894 438 120 comme
2926 5894 341 120 nul
3121 5894 292 120 et
3267 5894 341 120 non
3413 5894 389 120 avenu.

1013 6033 433 193 26.
1260 6033 1050 193 <b>BERTON</b>
2125 6033 1236 193 (Jean-Baptiste),
3176 6033 680 193 général
3670 6033 371 193 de
3856 6033 371 193 la
4041 6033 865 193 République
4659 6033 247 193 et

1474 6191 381 179 de
1665 6191 826 179 l’Empire;
2301 6191 763 179 entraîné
2873 6191 509 179 dans
3191 6191 381 179 la
3381 6191 1017 179 conspiration
4208 6191 381 179 de
4335 6191 572 179 Saumur,

1481 6347 429 174 par
1726 6347 429 174 des
1971 6347 613 174 agents
2401 6347 1043 174 provocateurs,
3260 6347 368 174 il
3444 6347 429 174 fut
3689 6347 675 174 arrêté,
4180 6347 552 174 livré
4548 6347 307 174 à
4609 6347 307 174 une

1482 6501 941 168 commission
2221 6501 941 168 militaire,
2961 6501 807 168 condamné
3566 6501 336 168 à
3700 6501 538 168 mort
4036 6501 403 168 et
4238 6501 739 168 exécuté
4708 6501 202 168 à

1476 6651 742 126 Poitiers
2033 6651 371 126 en
2156 6651 433 126 1822.

1463 6803 309 156 L.
1617 6803 412 156 aut.
1874 6803 412 156 sig.
2131 6803 309 156 au
2286 6803 360 156 duc
2491 6803 309 156 de
2646 6803 566 156 Feltre,
3057 6803 617 156 ministre
3520 6803 309 156 de
3674 6803 309 156 la
3829 6803 566 156 guerre.
4240 6803 309 156 De
4395 6803 309 156 la
4497 6803 412 156 maison

1337 6922 594 155 d’arrêt
1769 6922 324 155 de
1931 6922 702 155 l’Abbaye,
2471 6922 270 155 8
2579 6922 378 155 mai
2795 6922 486 155 1816.
3118 6922 270 155 1
3226 6922 540 155 grande
3604 6922 432 155 page
3874 6922 324 155 et
4036 6922 486 155 demie
4306 6922 486 155 in

1452 7039 301 150 Il
1602 7039 551 150 demande
2003 7039 451 150 qu'on
2304 7039 451 150 mette
2605 7039 301 150 un
2755 7039 451 150 terme
3056 7039 251 150 à
3156 7039 301 150 sa
3307 7039 702 150 détention,
3858 7039 351 150 qui
4059 7039 401 150 dure
4309 7039 501 150 depuis
4610 7039 301 150 cinq

1337 7138 402 90 mois.
1605 7138 402 90 Belle
1828 7138 402 90 lettre.
