1662.8031496062993 2582.9291338582675
643.7480314960629 208.06299212598427 297.6377952755906 37.41732283464567 —6—

290.26771653543307 269.8582677165354 132.66141732283464 47.05511811023622 34.
366.23622047244095 269.8582677165354 378.99212598425197 47.05511811023622 BONAPARTE
688.2519685039371 269.8582677165354 265.3228346456693 47.05511811023622 (Létitia),
896.5984251968504 269.8582677165354 208.3464566929134 47.05511811023622 Madame,
1048.251968503937 269.8582677165354 151.6535433070866 47.05511811023622 mère
1142.9291338582677 269.8582677165354 113.66929133858268 47.05511811023622 de
1180.9133858267717 269.8582677165354 227.33858267716536 47.05511811023622 l’empereur

403.93700787401576 314.92913385826773 473.6692913385827 43.93700787401575 Napoléon.
768.4724409448819 314.92913385826773 218.5511811023622 43.93700787401575 N.
877.8897637795276 314.92913385826773 327.9685039370079 43.93700787401575 1750.
1096.4409448818897 314.92913385826773 218.5511811023622 43.93700787401575 M.
1169.291338582677 314.92913385826773 255.11811023622047 43.93700787401575 1836.

416.40944881889766 356.88188976377955 94.11023622047244 38.83464566929134 1°
463.46456692913387 356.88188976377955 94.11023622047244 38.83464566929134 L.
510.5196850393701 356.88188976377955 125.5748031496063 38.83464566929134 aut.
589.0393700787401 356.88188976377955 125.5748031496063 38.83464566929134 sig.
667.5590551181102 356.88188976377955 78.51968503937007 38.83464566929134 à
699.0236220472441 356.88188976377955 109.98425196850394 38.83464566929134 son
761.6692913385826 356.88188976377955 125.5748031496063 38.83464566929134 fils
840.1889763779527 356.88188976377955 157.03937007874015 38.83464566929134 Lucien
950.1732283464567 356.88188976377955 219.68503937007873 38.83464566929134 Bonaparte.
1122.8031496062993 356.88188976377955 157.03937007874015 38.83464566929134 Paris,
1232.7874015748032 356.88188976377955 78.51968503937007 38.83464566929134 2
1248.3779527559054 356.88188976377955 157.03937007874015 38.83464566929134 germinal

381.54330708661416 392.59842519685037 90.99212598425197 33.44881889763779 an
427.18110236220474 392.59842519685037 106.2992125984252 33.44881889763779 IX,
487.84251968503935 392.59842519685037 106.2992125984252 33.44881889763779 une
548.503937007874 392.59842519685037 121.32283464566929 33.44881889763779 page
624.4724409448819 392.59842519685037 136.62992125984252 33.44881889763779 in-4.
700.1574803149606 392.59842519685037 136.62992125984252 33.44881889763779 Cachet.

410.74015748031496 425.4803149606299 103.74803149606299 33.16535433070866 Elle
475.65354330708664 425.4803149606299 142.58267716535434 33.16535433070866 profite
579.4015748031496 425.4803149606299 77.66929133858268 33.16535433070866 du
618.2362204724409 425.4803149606299 129.54330708661416 33.16535433070866 départ
708.9448818897638 425.4803149606299 77.66929133858268 33.16535433070866 du
747.7795275590552 425.4803149606299 194.45669291338584 33.16535433070866 citoyen....
903.4015748031496 425.4803149606299 103.74803149606299 33.16535433070866 pour
968.0314960629921 425.4803149606299 90.70866141732283 33.16535433070866 lui
1019.9055118110236 425.4803149606299 129.54330708661416 33.16535433070866 donner
1110.6141732283465 425.4803149606299 77.66929133858268 33.16535433070866 de
1149.732283464567 425.4803149606299 90.70866141732283 33.16535433070866 ses
1201.3228346456692 425.4803149606299 181.41732283464566 33.16535433070866 nouvelles.
1331.1496062992126 425.4803149606299 77.66929133858268 33.16535433070866 Elle

382.6771653543307 453.8267716535433 77.10236220472441 34.2992125984252 se
421.2283464566929 453.8267716535433 115.65354330708661 34.2992125984252 porte
498.0472440944882 453.8267716535433 115.65354330708661 34.2992125984252 bien,
575.1496062992126 453.8267716535433 77.10236220472441 34.2992125984252 et
613.7007874015748 453.8267716535433 77.10236220472441 34.2992125984252 ne
652.2519685039371 453.8267716535433 141.16535433070865 34.2992125984252 soupire
754.8661417322835 453.8267716535433 153.92125984251967 34.2992125984252 qu'après
870.5196850393701 453.8267716535433 77.10236220472441 34.2992125984252 le
909.0708661417323 453.8267716535433 128.40944881889763 34.2992125984252 moment
998.9291338582677 453.8267716535433 128.40944881889763 34.2992125984252 désiré
1088.7874015748032 453.8267716535433 77.10236220472441 34.2992125984252 où
1127.3385826771653 453.8267716535433 102.61417322834646 34.2992125984252 elle
1191.4015748031495 453.8267716535433 128.40944881889763 34.2992125984252 pourra
1281.259842519685 453.8267716535433 77.10236220472441 34.2992125984252 le
1307.0551181102362 453.8267716535433 102.61417322834646 34.2992125984252 serrer

379.5590551181102 482.1732283464567 112.81889763779527 28.62992125984252 dans
450.1417322834646 482.1732283464567 98.64566929133858 28.62992125984252 ses
506.5511811023622 482.1732283464567 126.70866141732283 28.62992125984252 bras.
591.0236220472441 482.1732283464567 126.70866141732283 28.62992125984252 Élisa
675.496062992126 482.1732283464567 84.4724409448819 28.62992125984252 et
717.7322834645669 482.1732283464567 183.11811023622047 28.62992125984252 Charlotte
858.6141732283464 482.1732283464567 112.81889763779527 28.62992125984252 vont
928.9133858267717 482.1732283464567 70.2992125984252 28.62992125984252 à
957.2598425196851 482.1732283464567 183.11811023622047 28.62992125984252 merveille
1098.1417322834645 482.1732283464567 84.4724409448819 28.62992125984252 et
1140.3779527559054 482.1732283464567 197.29133858267716 28.62992125984252 s’unissent
1295.1496062992126 482.1732283464567 70.2992125984252 28.62992125984252 à
1309.3228346456692 482.1732283464567 98.64566929133858 28.62992125984252 Louis

380.9763779527559 511.0866141732283 104.5984251968504 31.181102362204726 pour
446.45669291338584 511.0866141732283 248.5984251968504 31.181102362204726 l’embrasser....
655.6535433070866 511.0866141732283 104.5984251968504 31.181102362204726 Elle
721.1338582677165 511.0866141732283 117.63779527559055 31.181102362204726 finit
799.6535433070866 511.0866141732283 78.51968503937007 31.181102362204726 en
839.0551181102362 511.0866141732283 183.11811023622047 31.181102362204726 l’assurant
982.7716535433071 511.0866141732283 78.51968503937007 31.181102362204726 de
1022.1732283464567 511.0866141732283 78.51968503937007 31.181102362204726 sa
1061.291338582677 511.0866141732283 170.07874015748033 31.181102362204726 tendresse
1179.2125984251968 511.0866141732283 170.07874015748033 31.181102362204726 maternelle.

415.5590551181102 548.503937007874 91.55905511811024 36.0 2°
461.4803149606299 548.503937007874 106.58267716535433 36.0 Sur
522.4251968503937 548.503937007874 91.55905511811024 36.0 la
568.0629921259842 548.503937007874 121.88976377952756 36.0 même
644.3149606299213 548.503937007874 167.5275590551181 36.0 lettre,
766.2047244094488 548.503937007874 91.55905511811024 36.0 L.
811.8425196850394 548.503937007874 121.88976377952756 36.0 aut.
888.0944881889764 548.503937007874 121.88976377952756 36.0 sig.
964.0629921259842 548.503937007874 91.55905511811024 36.0 du
1009.9842519685039 548.503937007874 182.83464566929135 36.0 cardinal
1146.8976377952756 548.503937007874 152.50393700787401 36.0 Fesch,
1253.763779527559 548.503937007874 76.25196850393701 36.0 à
1284.0944881889764 548.503937007874 106.58267716535433 36.0 son
1329.732283464567 548.503937007874 76.25196850393701 36.0 ne-

378.99212598425197 583.0866141732283 127.55905511811024 33.44881889763779 veu,
458.6456692913386 583.0866141732283 159.59055118110237 33.44881889763779 Lucien
570.3307086614174 583.0866141732283 223.37007874015748 33.44881889763779 Bonaparte.
745.7952755905512 583.0866141732283 95.81102362204724 33.44881889763779 On
793.7007874015748 583.0866141732283 79.65354330708661 33.44881889763779 y
809.5748031496063 583.0866141732283 95.81102362204724 33.44881889763779 lit:

408.755905511811 615.4015748031496 69.44881889763779 33.732283464566926 «
436.53543307086613 615.4015748031496 83.33858267716535 33.732283464566926 Je
478.20472440944883 615.4015748031496 138.89763779527559 33.732283464566926 désire
575.4330708661417 615.4015748031496 111.11811023622047 33.732283464566926 bien
644.5984251968504 615.4015748031496 125.00787401574803 33.732283464566926 votre
727.9370078740158 615.4015748031496 152.78740157480314 33.732283464566926 retour;
839.0551181102362 615.4015748031496 83.33858267716535 33.732283464566926 je
880.7244094488188 615.4015748031496 152.78740157480314 33.732283464566926 pourrai
991.5590551181102 615.4015748031496 125.00787401574803 33.732283464566926 alors
1074.8976377952756 615.4015748031496 138.89763779527559 33.732283464566926 partir
1172.1259842519685 615.4015748031496 83.33858267716535 33.732283464566926 de
1213.7952755905512 615.4015748031496 125.00787401574803 33.732283464566926 Paris
1296.8503937007874 615.4015748031496 111.11811023622047 33.732283464566926 sans
1352.4094488188975 615.4015748031496 55.55905511811024 33.732283464566926 le

380.12598425196853 643.7480314960629 69.44881889763779 34.2992125984252 «
407.90551181102364 643.7480314960629 152.78740157480314 34.2992125984252 chagrin
519.0236220472441 643.7480314960629 83.33858267716535 34.2992125984252 de
560.6929133858267 643.7480314960629 152.78740157480314 34.2992125984252 laisser
671.5275590551181 643.7480314960629 83.33858267716535 34.2992125984252 ma
713.1968503937007 643.7480314960629 111.11811023622047 34.2992125984252 sœur
782.6456692913385 643.7480314960629 111.11811023622047 34.2992125984252 sans
852.0944881889764 643.7480314960629 166.6771653543307 34.2992125984252 personne
977.1023622047244 643.7480314960629 97.22834645669292 34.2992125984252 qui
1032.6614173228347 643.7480314960629 97.22834645669292 34.2992125984252 lui
1088.2204724409448 643.7480314960629 125.00787401574803 34.2992125984252 donne
1171.275590551181 643.7480314960629 97.22834645669292 34.2992125984252 des
1226.8346456692914 643.7480314960629 125.00787401574803 34.2992125984252 soins
1296.283464566929 643.7480314960629 111.11811023622047 34.2992125984252 parti-

378.99212598425197 672.0944881889764 69.44881889763779 29.763779527559056 «
406.7716535433071 672.0944881889764 208.62992125984252 29.763779527559056 culiers....
573.7322834645669 672.0944881889764 166.96062992125985 29.763779527559056 Berthier
699.0236220472441 672.0944881889764 69.44881889763779 29.763779527559056 a
726.8031496062993 672.0944881889764 125.29133858267717 29.763779527559056 donné
810.4251968503937 672.0944881889764 111.4015748031496 29.763779527559056 hier
879.8740157480315 672.0944881889764 97.51181102362204 29.763779527559056 une
935.7165354330708 672.0944881889764 125.29133858267717 29.763779527559056 belle
1019.0551181102362 672.0944881889764 125.29133858267717 29.763779527559056 fête,
1102.6771653543308 672.0944881889764 111.4015748031496 29.763779527559056 mais
1172.1259842519685 672.0944881889764 97.51181102362204 29.763779527559056 les
1214.0787401574803 672.0944881889764 194.74015748031496 29.763779527559056 ambassadeurs

379.84251968503935 701.007874015748 67.46456692913385 33.16535433070866 «
407.0551181102362 701.007874015748 162.14173228346456 33.16535433070866 trouvent
528.6614173228346 701.007874015748 108.0 33.16535433070866 bien
596.1259842519685 701.007874015748 148.53543307086613 33.16535433070866 étrange
704.1259842519685 701.007874015748 121.60629921259843 33.16535433070866 qu’un
785.1968503937007 701.007874015748 216.0 33.16535433070866 gouvernement
960.6614173228346 701.007874015748 81.07086614173228 33.16535433070866 si
1001.1968503937007 701.007874015748 162.14173228346456 33.16535433070866 puissant
1122.8031496062993 701.007874015748 94.67716535433071 33.16535433070866 ait
1176.9448818897638 701.007874015748 81.07086614173228 33.16535433070866 si
1217.4803149606298 701.007874015748 94.67716535433071 33.16535433070866 peu
1271.3385826771653 701.007874015748 81.07086614173228 33.16535433070866 de
1298.5511811023623 701.007874015748 108.0 33.16535433070866 repré-

380.12598425196853 728.7874015748032 65.76377952755905 33.732283464566926 «
406.20472440944883 728.7874015748032 184.53543307086613 33.732283464566926 sentation.
551.3385826771654 728.7874015748032 92.1259842519685 33.732283464566926 Ils
604.0629921259842 728.7874015748032 105.44881889763779 33.732283464566926 sont
669.8267716535433 728.7874015748032 144.8503937007874 33.732283464566926 obligés
775.2755905511812 728.7874015748032 144.8503937007874 33.732283464566926 d’aller
880.7244094488188 728.7874015748032 131.81102362204723 33.732283464566926 passer
972.8503937007874 728.7874015748032 118.48818897637796 33.732283464566926 leurs
1051.9370078740158 728.7874015748032 144.8503937007874 33.732283464566926 soirées
1157.3858267716535 728.7874015748032 105.44881889763779 33.732283464566926 chez
1223.1496062992126 728.7874015748032 92.1259842519685 33.732283464566926 les
1262.8346456692914 728.7874015748032 144.8503937007874 33.732283464566926 banquiers

378.4251968503937 757.7007874015748 73.41732283464567 33.16535433070866 «
407.90551181102364 757.7007874015748 88.15748031496064 33.16535433070866 ou
451.84251968503935 757.7007874015748 117.63779527559055 33.16535433070866 chez
525.5433070866142 757.7007874015748 102.89763779527559 33.16535433070866 les
584.2204724409448 757.7007874015748 205.79527559055117 33.16535433070866 ci-devant,
746.0787401574803 757.7007874015748 102.89763779527559 33.16535433070866 qui
804.7559055118111 757.7007874015748 117.63779527559055 33.16535433070866 sont
878.1732283464567 757.7007874015748 102.89763779527559 33.16535433070866 les
937.1338582677165 757.7007874015748 161.5748031496063 33.16535433070866 ennemis
1054.4881889763778 757.7007874015748 88.15748031496064 33.16535433070866 du
1098.708661417323 757.7007874015748 250.01574803149606 33.16535433070866 gouvernement.
1304.5039370078741 757.7007874015748 102.89763779527559 33.16535433070866 Pas
1348.724409448819 757.7007874015748 58.67716535433071 33.16535433070866 un

379.84251968503935 785.4803149606299 66.89763779527559 33.732283464566926 «
406.48818897637796 785.4803149606299 160.44094488188978 33.732283464566926 ministre
526.6771653543307 785.4803149606299 80.22047244094489 33.732283464566926 ne
566.9291338582677 785.4803149606299 146.83464566929135 33.732283464566926 reçoit.
673.7952755905512 785.4803149606299 80.22047244094489 33.732283464566926 Le
713.7637795275591 785.4803149606299 133.51181102362204 33.732283464566926 public
807.3070866141733 785.4803149606299 187.08661417322836 33.732283464566926 s’aperçoit
954.4251968503937 785.4803149606299 106.86614173228347 33.732283464566926 bien
1021.0393700787401 785.4803149606299 80.22047244094489 33.732283464566926 du
1061.291338582677 785.4803149606299 106.86614173228347 33.732283464566926 vide
1127.9055118110236 785.4803149606299 93.54330708661418 33.732283464566926 que
1181.4803149606298 785.4803149606299 106.86614173228347 33.732283464566926 vous
1248.0944881889764 785.4803149606299 146.83464566929135 33.732283464566926 faites.
1341.6377952755906 785.4803149606299 66.89763779527559 33.732283464566926 Pas

378.1417322834646 813.2598425196851 70.58267716535433 34.2992125984252 «
406.48818897637796 813.2598425196851 84.75590551181102 34.2992125984252 un
448.7244094488189 813.2598425196851 98.64566929133858 34.2992125984252 feu
505.13385826771656 813.2598425196851 197.5748031496063 34.2992125984252 d’artifice
660.4724409448819 813.2598425196851 112.81889763779527 34.2992125984252 pour
730.7716535433071 813.2598425196851 141.16535433070865 34.2992125984252 égayer
829.7007874015748 813.2598425196851 84.75590551181102 34.2992125984252 le
871.9370078740158 813.2598425196851 155.0551181102362 34.2992125984252 peuple;
984.7559055118111 813.2598425196851 126.99212598425197 34.2992125984252 aussi
1069.5118110236222 813.2598425196851 126.99212598425197 34.2992125984252 point
1153.984251968504 813.2598425196851 169.22834645669292 34.2992125984252 d’élans,
1280.976377952756 813.2598425196851 126.99212598425197 34.2992125984252 point
1351.5590551181103 813.2598425196851 56.40944881889764 34.2992125984252 de

382.1102362204724 842.7401574803149 56.40944881889764 28.913385826771652 «
404.78740157480314 842.7401574803149 135.49606299212599 28.913385826771652 joie....
495.21259842519686 842.7401574803149 34.01574803149607 28.913385826771652 »

290.5511811023622 891.2125984251968 115.08661417322834 44.503937007874015 35.
356.31496062992125 891.2125984251968 328.53543307086613 44.503937007874015 BONAPARTE
635.5275590551181 891.2125984251968 229.88976377952756 44.503937007874015 (Létitia),
816.0944881889764 891.2125984251968 180.56692913385828 44.503937007874015 Madame,
931.1811023622047 891.2125984251968 229.88976377952756 44.503937007874015 idem.

415.2755905511811 935.1496062992126 98.64566929133858 37.13385826771653 L.
464.59842519685037 935.1496062992126 131.5275590551181 37.13385826771653 sig.
546.8031496062993 935.1496062992126 213.73228346456693 37.13385826771653 BONAPARTE
711.2125984251968 935.1496062992126 147.96850393700788 37.13385826771653 MÈRE,
809.8582677165355 935.1496062992126 98.64566929133858 37.13385826771653 au
859.1811023622047 935.1496062992126 180.8503937007874 37.13385826771653 citoyen
990.7086614173228 935.1496062992126 213.73228346456693 37.13385826771653 Berthier,
1155.1181102362204 935.1496062992126 197.29133858267716 37.13385826771653 ministre
1303.0866141732283 935.1496062992126 98.64566929133858 37.13385826771653 de
1335.9685039370079 935.1496062992126 65.76377952755905 37.13385826771653 la

379.5590551181102 970.8661417322835 166.96062992125985 35.43307086614173 guerre.
500.88188976377955 970.8661417322835 151.6535433070866 35.43307086614173 Paris,
606.8976377952756 970.8661417322835 75.96850393700787 35.43307086614173 4
637.2283464566929 970.8661417322835 181.98425196850394 35.43307086614173 frimaire
773.8582677165355 970.8661417322835 90.99212598425197 35.43307086614173 an
819.2125984251968 970.8661417322835 121.32283464566929 35.43307086614173 XII,
895.1811023622047 970.8661417322835 75.96850393700787 35.43307086614173 1
925.511811023622 970.8661417322835 121.32283464566929 35.43307086614173 page
986.1732283464567 970.8661417322835 106.2992125984252 35.43307086614173 in

407.90551181102364 1003.7480314960629 188.2204724409449 33.732283464566926 Pressante
552.7559055118111 1003.7480314960629 260.78740157480314 33.732283464566926 recommandation
769.8897637795276 1003.7480314960629 87.02362204724409 33.732283464566926 en
813.2598425196851 1003.7480314960629 144.8503937007874 33.732283464566926 faveur
914.7401574803149 1003.7480314960629 87.02362204724409 33.732283464566926 du
958.1102362204724 1003.7480314960629 159.30708661417322 33.732283464566926 citoyen
1074.0472440944882 1003.7480314960629 144.8503937007874 33.732283464566926 Marius
1175.5275590551182 1003.7480314960629 144.8503937007874 33.732283464566926 Clary,
1276.724409448819 1003.7480314960629 115.93700787401575 33.732283464566926 pour
1334.8346456692914 1003.7480314960629 72.28346456692914 33.732283464566926 lui

377.29133858267716 1031.5275590551182 128.69291338582678 34.86614173228347 faire
462.8976377952756 1031.5275590551182 157.03937007874015 34.86614173228347 obtenir
577.1338582677165 1031.5275590551182 214.29921259842519 34.86614173228347 promptement
748.6299212598425 1031.5275590551182 100.06299212598425 34.86614173228347 son
805.8897637795276 1031.5275590551182 142.86614173228347 34.86614173228347 brevet
905.9527559055118 1031.5275590551182 142.86614173228347 34.86614173228347 d’aide
1006.0157480314961 1031.5275590551182 85.60629921259843 34.86614173228347 de
1048.8188976377953 1031.5275590551182 114.23622047244095 34.86614173228347 camp
1120.251968503937 1031.5275590551182 114.23622047244095 34.86614173228347 près
1191.6850393700788 1031.5275590551182 85.60629921259843 34.86614173228347 le
1234.4881889763778 1031.5275590551182 157.03937007874015 34.86614173228347 général
1334.5511811023623 1031.5275590551182 71.43307086614173 34.86614173228347 Sé-

376.7244094488189 1060.4409448818897 178.29921259842519 32.59842519685039 bastiani.
513.6377952755905 1060.4409448818897 109.7007874015748 32.59842519685039 Elle
582.2362204724409 1060.4409448818897 137.1968503937008 32.59842519685039 espère
678.3307086614174 1060.4409448818897 123.30708661417323 32.59842519685039 qu’il
760.5354330708661 1060.4409448818897 109.7007874015748 32.59842519685039 aura
829.1338582677165 1060.4409448818897 82.20472440944881 32.59842519685039 du
870.2362204724409 1060.4409448818897 150.8031496062992 32.59842519685039 plaisir
979.9370078740158 1060.4409448818897 68.5984251968504 32.59842519685039 à
1007.4330708661417 1060.4409448818897 123.30708661417323 32.59842519685039 faire
1089.6377952755906 1060.4409448818897 96.09448818897638 32.59842519685039 une
1144.6299212598426 1060.4409448818897 123.30708661417323 32.59842519685039 chose
1226.8346456692914 1060.4409448818897 96.09448818897638 32.59842519685039 qui
1281.8267716535433 1060.4409448818897 96.09448818897638 32.59842519685039 lui
1322.9291338582677 1060.4409448818897 82.20472440944881 32.59842519685039 sera

364.81889763779526 1089.3543307086613 146.26771653543307 28.062992125984252 agréable.

290.26771653543307 1144.0629921259842 127.84251968503936 45.07086614173228 36.
363.11811023622045 1144.0629921259842 365.1023622047244 45.07086614173228 BONAPARTE
673.511811023622 1144.0629921259842 237.25984251968504 45.07086614173228 (Joseph),
856.3464566929134 1144.0629921259842 182.5511811023622 45.07086614173228 ex-roi
965.7637795275591 1144.0629921259842 219.11811023622047 45.07086614173228 d’Espagne.

1040.8818897637796 1189.7007874015749 120.75590551181102 36.0 N.
1101.259842519685 1189.7007874015749 181.13385826771653 36.0 1768.
1222.015748031496 1189.7007874015749 120.75590551181102 36.0 M.
1262.267716535433 1189.7007874015749 140.88188976377953 36.0 1844.

411.0236220472441 1232.2204724409448 101.19685039370079 36.56692913385827 L.
461.4803149606299 1232.2204724409448 134.9291338582677 36.56692913385827 aut.
545.6692913385826 1232.2204724409448 134.9291338582677 36.56692913385827 sig.
630.1417322834645 1232.2204724409448 84.18897637795276 36.56692913385827 à
663.8740157480315 1232.2204724409448 117.92125984251969 36.56692913385827 son
731.3385826771654 1232.2204724409448 151.6535433070866 36.56692913385827 frère
832.5354330708661 1232.2204724409448 185.38582677165354 36.56692913385827 Lucien.
967.1811023622047 1232.2204724409448 185.38582677165354 36.56692913385827 Naples,
1102.1102362204724 1232.2204724409448 101.19685039370079 36.56692913385827 24
1152.8503937007874 1232.2204724409448 202.39370078740157 36.56692913385827 novembre
1287.7795275590552 1232.2204724409448 117.92125984251969 36.56692913385827 1806,

381.8267716535433 1266.8031496062993 77.66929133858268 33.44881889763779 1
413.00787401574803 1266.8031496062993 155.6220472440945 33.44881889763779 grande
521.8582677165355 1266.8031496062993 124.44094488188976 33.44881889763779 page
584.2204724409448 1266.8031496062993 108.85039370078741 33.44881889763779 in

408.755905511811 1300.251968503937 68.31496062992126 33.16535433070866 «
435.9685039370079 1300.251968503937 109.41732283464567 33.16535433070866 ....
504.2834645669291 1300.251968503937 109.41732283464567 33.16535433070866 Nous
572.5984251968504 1300.251968503937 150.23622047244095 33.16535433070866 faisons
682.0157480314961 1300.251968503937 164.1259842519685 33.16535433070866 toujours
805.0393700787401 1300.251968503937 81.92125984251969 33.16535433070866 la
846.1417322834645 1300.251968503937 136.62992125984252 33.16535433070866 guerre
941.6692913385826 1300.251968503937 95.81102362204724 33.16535433070866 des
996.3779527559055 1300.251968503937 164.1259842519685 33.16535433070866 Chouans;
1119.4015748031495 1300.251968503937 95.81102362204724 33.16535433070866 les
1174.1102362204724 1300.251968503937 150.23622047244095 33.16535433070866 Anglais
1269.9212598425197 1300.251968503937 136.62992125984252 33.16535433070866 viennent

376.4409448818898 1328.0314960629921 68.5984251968504 33.732283464566926 «
403.65354330708664 1328.0314960629921 82.48818897637796 33.732283464566926 de
445.03937007874015 1328.0314960629921 109.98425196850394 33.732283464566926 nous
513.6377952755905 1328.0314960629921 151.08661417322836 33.732283464566926 envoyer
623.6220472440945 1328.0314960629921 137.48031496062993 33.732283464566926 encore
720.0 1328.0314960629921 164.9763779527559 33.732283464566926 quelques
843.5905511811023 1328.0314960629921 164.9763779527559 33.732283464566926 milliers
967.1811023622047 1328.0314960629921 82.48818897637796 33.732283464566926 de
1008.5669291338583 1328.0314960629921 178.58267716535434 33.732283464566926 brigands,
1146.0472440944882 1328.0314960629921 96.09448818897638 33.732283464566926 qui
1201.0393700787401 1328.0314960629921 137.48031496062993 33.732283464566926 seront
1283.5275590551182 1328.0314960629921 123.59055118110236 33.732283464566926 bientôt

376.7244094488189 1355.8110236220473 70.58267716535433 34.86614173228347 «
405.07086614173227 1355.8110236220473 183.4015748031496 34.86614173228347 culbutés,
545.9527559055118 1355.8110236220473 112.81889763779527 34.86614173228347 mais
616.5354330708661 1355.8110236220473 98.64566929133858 34.86614173228347 qui
672.9448818897638 1355.8110236220473 211.46456692913387 34.86614173228347 fatigueront
842.1732283464567 1355.8110236220473 169.22834645669292 34.86614173228347 toujours
969.1653543307086 1355.8110236220473 98.64566929133858 34.86614173228347 nos
1025.5748031496064 1355.8110236220473 169.22834645669292 34.86614173228347 troupes,
1152.5669291338584 1355.8110236220473 84.75590551181102 34.86614173228347 et
1195.0866141732283 1355.8110236220473 141.16535433070865 34.86614173228347 feront
1279.5590551181103 1355.8110236220473 126.99212598425197 34.86614173228347 quelque

378.1417322834646 1384.1574803149606 63.496062992125985 34.58267716535433 «
403.65354330708664 1384.1574803149606 88.7244094488189 34.58267716535433 mal
454.3937007874016 1384.1574803149606 88.7244094488189 34.58267716535433 aux
505.13385826771656 1384.1574803149606 164.9763779527559 34.58267716535433 habitants
631.8425196850394 1384.1574803149606 76.25196850393701 34.58267716535433 du
670.1102362204724 1384.1574803149606 114.23622047244095 34.58267716535433 pays;
746.0787401574803 1384.1574803149606 88.7244094488189 34.58267716535433 ils
796.8188976377953 1384.1574803149606 152.2204724409449 34.58267716535433 pillent,
911.0551181102362 1384.1574803149606 88.7244094488189 34.58267716535433 ils
961.7952755905512 1384.1574803149606 139.46456692913387 34.58267716535433 volent,
1063.275590551181 1384.1574803149606 114.23622047244095 34.58267716535433 tuent
1139.244094488189 1384.1574803149606 76.25196850393701 34.58267716535433 et
1177.5118110236222 1384.1574803149606 139.46456692913387 34.58267716535433 fuient.
1266.236220472441 1384.1574803149606 37.98425196850393 34.58267716535433 »

286.5826771653543 1438.8661417322835 132.66141732283464 46.488188976377955 37.
362.5511811023622 1438.8661417322835 379.2755905511811 46.488188976377955 BONAPARTE
684.8503937007874 1438.8661417322835 227.6220472440945 46.488188976377955 (Julie),
855.496062992126 1438.8661417322835 227.6220472440945 46.488188976377955 ex-reine
1025.8582677165355 1438.8661417322835 265.3228346456693 46.488188976377955 d’Espagne,
1234.4881889763778 1438.8661417322835 170.64566929133858 46.488188976377955 femme
1329.1653543307086 1438.8661417322835 75.96850393700787 46.488188976377955 de

400.53543307086613 1483.3700787401574 169.22834645669292 40.818897637795274 Joseph.

411.3070866141732 1527.023622047244 89.00787401574803 37.13385826771653 L.
455.81102362204723 1527.023622047244 118.48818897637796 37.13385826771653 nul.
529.7952755905512 1527.023622047244 118.48818897637796 37.13385826771653 sig.
604.0629921259842 1527.023622047244 74.26771653543307 37.13385826771653 à
633.5433070866142 1527.023622047244 103.74803149606299 37.13385826771653 son
692.7874015748032 1527.023622047244 118.48818897637796 37.13385826771653 cher
767.0551181102362 1527.023622047244 148.251968503937 37.13385826771653 frère,
870.8031496062993 1527.023622047244 89.00787401574803 37.13385826771653 le
915.3070866141733 1527.023622047244 148.251968503937 37.13385826771653 prince
1019.0551181102362 1527.023622047244 162.99212598425197 37.13385826771653 Lucien.
1137.8267716535433 1527.023622047244 192.75590551181102 37.13385826771653 Spolette,
1286.0787401574803 1527.023622047244 89.00787401574803 37.13385826771653 28
1315.5590551181103 1527.023622047244 89.00787401574803 37.13385826771653 mars

382.96062992125985 1561.6062992125985 134.07874015748033 33.732283464566926 1808.
472.251968503937 1561.6062992125985 74.55118110236221 33.732283464566926 1
502.01574803149606 1561.6062992125985 119.05511811023622 33.732283464566926 page
576.2834645669292 1561.6062992125985 134.07874015748033 33.732283464566926 petit
650.8346456692914 1561.6062992125985 104.31496062992126 33.732283464566926 in

403.93700787401576 1593.3543307086613 106.58267716535433 34.86614173228347 Elle
470.5511811023622 1593.3543307086613 133.22834645669292 34.86614173228347 arrive
563.8110236220473 1593.3543307086613 66.61417322834646 34.86614173228347 à
590.4566929133858 1593.3543307086613 173.1968503937008 34.86614173228347 l’instant
723.6850393700787 1593.3543307086613 79.93700787401575 34.86614173228347 et
763.6535433070866 1593.3543307086613 79.93700787401575 34.86614173228347 va
803.6220472440945 1593.3543307086613 173.1968503937008 34.86614173228347 continuer
936.5669291338583 1593.3543307086613 79.93700787401575 34.86614173228347 sa
976.5354330708661 1593.3543307086613 119.90551181102362 34.86614173228347 route
1056.4724409448818 1593.3543307086613 106.58267716535433 34.86614173228347 pour
1123.0866141732283 1593.3543307086613 146.5511811023622 34.86614173228347 Naples.
1229.6692913385828 1593.3543307086613 106.58267716535433 34.86614173228347 Elle
1296.283464566929 1593.3543307086613 79.93700787401575 34.86614173228347 ne
1322.9291338582677 1593.3543307086613 79.93700787401575 34.86614173228347 fera

375.0236220472441 1622.8346456692914 97.22834645669292 32.59842519685039 que
430.5826771653543 1622.8346456692914 152.50393700787401 32.59842519685039 changer
541.4173228346457 1622.8346456692914 83.33858267716535 32.59842519685039 de
583.0866141732283 1622.8346456692914 152.50393700787401 32.59842519685039 chevaux
693.9212598425197 1622.8346456692914 69.44881889763779 32.59842519685039 à
721.7007874015748 1622.8346456692914 110.83464566929133 32.59842519685039 Rome
791.1496062992126 1622.8346456692914 83.33858267716535 32.59842519685039 la
832.8188976377953 1622.8346456692914 110.83464566929133 32.59842519685039 nuit
901.9842519685039 1622.8346456692914 83.33858267716535 32.59842519685039 du
943.6535433070866 1622.8346456692914 83.33858267716535 32.59842519685039 29
985.3228346456693 1622.8346456692914 83.33858267716535 32.59842519685039 au
1026.992125984252 1622.8346456692914 97.22834645669292 32.59842519685039 30,
1082.5511811023623 1622.8346456692914 83.33858267716535 32.59842519685039 et
1123.9370078740158 1622.8346456692914 110.83464566929133 32.59842519685039 elle
1193.3858267716535 1622.8346456692914 124.7244094488189 32.59842519685039 n’ose
1276.724409448819 1622.8346456692914 97.22834645669292 32.59842519685039 lui
1318.1102362204724 1622.8346456692914 83.33858267716535 32.59842519685039 pro

373.6062992125984 1651.1811023622047 127.2755905511811 32.31496062992126 poser
458.3622047244094 1651.1811023622047 84.75590551181102 32.31496062992126 de
500.88188976377955 1651.1811023622047 84.75590551181102 32.31496062992126 la
543.1181102362204 1651.1811023622047 127.2755905511811 32.31496062992126 venir
628.1574803149606 1651.1811023622047 113.10236220472441 32.31496062992126 voir
698.7401574803149 1651.1811023622047 183.68503937007873 32.31496062992126 incognito
840.1889763779527 1651.1811023622047 70.58267716535433 32.31496062992126 à
868.2519685039371 1651.1811023622047 155.33858267716536 32.31496062992126 Albano,
981.3543307086615 1651.1811023622047 84.75590551181102 32.31496062992126 où
1023.8740157480315 1651.1811023622047 113.10236220472441 32.31496062992126 elle
1094.4566929133857 1651.1811023622047 155.33858267716536 32.31496062992126 passera
1207.5590551181103 1651.1811023622047 84.75590551181102 32.31496062992126 le
1250.0787401574803 1651.1811023622047 98.92913385826772 32.31496062992126 30,
1306.4881889763778 1651.1811023622047 70.58267716535433 32.31496062992126 à
1320.6614173228347 1651.1811023622047 84.75590551181102 32.31496062992126 huit

375.87401574803147 1678.3937007874015 136.91338582677164 35.43307086614173 heures
471.68503937007875 1678.3937007874015 82.20472440944881 35.43307086614173 du
512.7874015748032 1678.3937007874015 136.91338582677164 35.43307086614173 matin,
608.5984251968504 1678.3937007874015 82.20472440944881 35.43307086614173 et
649.7007874015748 1678.3937007874015 95.81102362204724 35.43307086614173 s’y
704.4094488188977 1678.3937007874015 164.40944881889763 35.43307086614173 arrêtera
827.7165354330708 1678.3937007874015 95.81102362204724 35.43307086614173 une
882.4251968503937 1678.3937007874015 123.30708661417323 35.43307086614173 heure
964.3464566929134 1678.3937007874015 109.41732283464567 35.43307086614173 dans
1032.9448818897638 1678.3937007874015 205.22834645669292 35.43307086614173 l’espérance
1197.3543307086613 1678.3937007874015 82.20472440944881 35.43307086614173 de
1238.1732283464567 1678.3937007874015 82.20472440944881 35.43307086614173 le
1279.275590551181 1678.3937007874015 123.30708661417323 35.43307086614173 voir.
1347.8740157480315 1678.3937007874015 54.70866141732284 35.43307086614173 Il

375.0236220472441 1707.3070866141732 130.6771653543307 34.58267716535433 serait
466.2992125984252 1707.3070866141732 104.5984251968504 34.58267716535433 bien
531.7795275590552 1707.3070866141732 143.71653543307087 34.58267716535433 aimable
636.0944881889764 1707.3070866141732 78.23622047244095 34.58267716535433 de
675.2125984251968 1707.3070866141732 91.2755905511811 34.58267716535433 lui
727.6535433070866 1707.3070866141732 156.75590551181102 34.58267716535433 procurer
845.007874015748 1707.3070866141732 78.23622047244095 34.58267716535433 le
884.1259842519685 1707.3070866141732 143.71653543307087 34.58267716535433 plaisir
988.7244094488188 1707.3070866141732 78.23622047244095 34.58267716535433 de
1014.8031496062993 1707.3070866141732 182.83464566929135 34.58267716535433 l’embrasser.

399.9685039370079 1735.0866141732283 100.34645669291339 35.43307086614173 Sur
457.51181102362204 1735.0866141732283 85.88976377952756 35.43307086614173 la
500.31496062992125 1735.0866141732283 114.80314960629921 35.43307086614173 même
572.0314960629921 1735.0866141732283 143.43307086614172 35.43307086614173 lettre
672.3779527559055 1735.0866141732283 85.88976377952756 35.43307086614173 se
715.4645669291339 1735.0866141732283 143.43307086614172 35.43307086614173 trouve
815.8110236220473 1735.0866141732283 85.88976377952756 35.43307086614173 le
858.8976377952756 1735.0866141732283 186.23622047244095 35.43307086614173 brouillon
1002.0472440944882 1735.0866141732283 200.69291338582678 35.43307086614173 autographe
1159.6535433070867 1735.0866141732283 85.88976377952756 35.43307086614173 de
1202.740157480315 1735.0866141732283 85.88976377952756 35.43307086614173 la
1245.8267716535433 1735.0866141732283 157.60629921259843 35.43307086614173 réponse
1346.1732283464567 1735.0866141732283 57.25984251968504 35.43307086614173 du

372.755905511811 1764.0 139.1811023622047 32.59842519685039 prince
470.26771653543307 1764.0 139.1811023622047 32.59842519685039 Lucien
567.7795275590552 1764.0 69.73228346456693 32.59842519685039 à
595.5590551181102 1764.0 83.62204724409449 32.59842519685039 sa
637.2283464566929 1764.0 125.29133858267717 32.59842519685039 sœur;
720.8503937007874 1764.0 139.1811023622047 32.59842519685039 motifs
818.3622047244095 1764.0 83.62204724409449 32.59842519685039 de
860.0314960629921 1764.0 97.51181102362204 32.59842519685039 son
915.8740157480315 1764.0 125.29133858267717 32.59842519685039 refus
999.2125984251968 1764.0 83.62204724409449 32.59842519685039 de
1041.1653543307086 1764.0 83.62204724409449 32.59842519685039 se
1082.8346456692914 1764.0 153.0708661417323 32.59842519685039 trouver
1194.236220472441 1764.0 83.62204724409449 32.59842519685039 au
1222.015748031496 1764.0 181.13385826771653 32.59842519685039 rendez

373.8897637795276 1791.7795275590552 141.4488188976378 32.881889763779526 qu’elle
476.503937007874 1791.7795275590552 89.85826771653544 32.881889763779526 lui
528.0944881889764 1791.7795275590552 154.20472440944883 32.881889763779526 indique.
643.7480314960629 1791.7795275590552 64.34645669291339 32.881889763779526 2
669.5433070866142 1791.7795275590552 102.89763779527559 32.881889763779526 pag.
733.6062992125984 1791.7795275590552 128.40944881889763 32.881889763779526 in-4°.
810.7086614173228 1791.7795275590552 205.79527559055117 32.881889763779526 Très

282.8976377952756 1841.9527559055118 129.25984251968504 51.30708661417323 38.
356.88188976377955 1841.9527559055118 369.6377952755906 51.30708661417323 BONAPARTE
670.9606299212599 1841.9527559055118 240.3779527559055 51.30708661417323 (Lucien),
855.7795275590552 1841.9527559055118 184.8188976377953 51.30708661417323 prince
985.3228346456693 1841.9527559055118 110.83464566929133 51.30708661417323 de
1022.1732283464567 1841.9527559055118 166.39370078740157 51.30708661417323 Canino.

1033.5118110236222 1895.5275590551182 122.45669291338582 33.16535433070866 N.
1094.740157480315 1895.5275590551182 183.4015748031496 33.16535433070866 1775.
1217.1968503937007 1895.5275590551182 122.45669291338582 33.16535433070866 M.
1257.732283464567 1895.5275590551182 142.86614173228347 33.16535433070866 1840.

406.48818897637796 1935.7795275590552 90.99212598425197 36.8503937007874 L.
452.12598425196853 1935.7795275590552 121.60629921259843 36.8503937007874 aut.
528.0944881889764 1935.7795275590552 121.60629921259843 36.8503937007874 sig.
604.0629921259842 1935.7795275590552 75.96850393700787 36.8503937007874 à
634.3937007874016 1935.7795275590552 90.99212598425197 36.8503937007874 M.
680.0314960629921 1935.7795275590552 182.26771653543307 36.8503937007874 Patorni.
816.6614173228346 1935.7795275590552 182.26771653543307 36.8503937007874 Londres.
953.2913385826772 1935.7795275590552 75.96850393700787 36.8503937007874 4
983.6220472440945 1935.7795275590552 106.2992125984252 36.8503937007874 mai
1044.283464566929 1935.7795275590552 136.62992125984252 36.8503937007874 1838.
1135.5590551181103 1935.7795275590552 75.96850393700787 36.8503937007874 1
1165.8897637795276 1935.7795275590552 121.60629921259843 36.8503937007874 page
1226.5511811023623 1935.7795275590552 106.2992125984252 36.8503937007874 in

399.40157480314963 1968.6614173228347 77.95275590551181 34.2992125984252 Il
438.5196850393701 1968.6614173228347 65.19685039370079 34.2992125984252 a
464.59842519685037 1968.6614173228347 104.03149606299213 34.2992125984252 reçu
529.511811023622 1968.6614173228347 77.95275590551181 34.2992125984252 sa
568.6299212598425 1968.6614173228347 143.1496062992126 34.2992125984252 lettre,
672.6614173228346 1968.6614173228347 77.95275590551181 34.2992125984252 et
711.7795275590552 1968.6614173228347 130.11023622047244 34.2992125984252 trouve
802.7716535433071 1968.6614173228347 77.95275590551181 34.2992125984252 sa
841.8897637795276 1968.6614173228347 143.1496062992126 34.2992125984252 réponse
945.9212598425197 1968.6614173228347 65.19685039370079 34.2992125984252 à
972.0 1968.6614173228347 77.95275590551181 34.2992125984252 M.
1011.1181102362204 1968.6614173228347 143.1496062992126 34.2992125984252 Laffite
1115.1496062992126 1968.6614173228347 77.95275590551181 34.2992125984252 si
1154.267716535433 1968.6614173228347 117.07086614173228 34.2992125984252 forte
1232.2204724409448 1968.6614173228347 77.95275590551181 34.2992125984252 de
1271.3385826771653 1968.6614173228347 130.11023622047244 34.2992125984252 raison
1349.291338582677 1968.6614173228347 52.15748031496063 34.2992125984252 et

370.20472440944883 1996.4409448818897 79.37007874015748 34.2992125984252 de
409.8897637795276 1996.4409448818897 185.10236220472441 34.2992125984252 précision,
555.3070866141733 1996.4409448818897 119.05511811023622 34.2992125984252 qu’il
634.6771653543307 1996.4409448818897 66.04724409448819 34.2992125984252 a
661.3228346456693 1996.4409448818897 92.69291338582677 34.2992125984252 été
714.0472440944882 1996.4409448818897 132.09448818897638 34.2992125984252 étonné
806.7401574803149 1996.4409448818897 171.7795275590551 34.2992125984252 lorsqu’il
938.8346456692914 1996.4409448818897 66.04724409448819 34.2992125984252 a
965.4803149606299 1996.4409448818897 132.09448818897638 34.2992125984252 appris
1057.8897637795276 1996.4409448818897 171.7795275590551 34.2992125984252 l'opinion
1190.267716535433 1996.4409448818897 79.37007874015748 34.2992125984252 du
1229.9527559055118 1996.4409448818897 171.7795275590551 34.2992125984252 procureur
1348.724409448819 1996.4409448818897 53.00787401574803 34.2992125984252 du

371.90551181102364 2024.7874015748032 132.09448818897638 35.43307086614173 roi...
464.31496062992125 2024.7874015748032 79.08661417322834 35.43307086614173 la
504.0 2024.7874015748032 132.09448818897638 35.43307086614173 remise
596.4094488188977 2024.7874015748032 79.08661417322834 35.43307086614173 de
636.0944881889764 2024.7874015748032 79.08661417322834 35.43307086614173 la
675.7795275590552 2024.7874015748032 158.45669291338584 35.43307086614173 sentence
794.5511811023622 2024.7874015748032 79.08661417322834 35.43307086614173 ne
833.9527559055118 2024.7874015748032 92.40944881889764 35.43307086614173 lui
886.9606299212599 2024.7874015748032 118.77165354330708 35.43307086614173 plaît
966.0472440944882 2024.7874015748032 92.40944881889764 35.43307086614173 pas
1018.7716535433071 2024.7874015748032 224.50393700787401 35.43307086614173 davantage....
1203.5905511811025 2024.7874015748032 66.04724409448819 35.43307086614173 «
1230.236220472441 2024.7874015748032 132.09448818897638 35.43307086614173 Est-ce
1309.3228346456692 2024.7874015748032 92.40944881889764 35.43307086614173 qu’il

368.503937007874 2052.0 68.03149606299213 36.0 «
395.7165354330709 2052.0 95.24409448818898 36.0 n’y
450.1417322834646 2052.0 135.7795275590551 36.0 aurait
545.1023622047244 2052.0 108.56692913385827 36.0 donc
613.1338582677165 2052.0 95.24409448818898 36.0 pas
667.5590551181102 2052.0 108.56692913385827 36.0 plus
735.3070866141733 2052.0 81.63779527559055 36.0 de
776.1259842519685 2052.0 149.38582677165354 36.0 justice
884.9763779527559 2052.0 135.7795275590551 36.0 civile
979.9370078740158 2052.0 81.63779527559055 36.0 en
1020.7559055118111 2052.0 135.7795275590551 36.0 France
1115.716535433071 2052.0 95.24409448818898 36.0 que
1170.1417322834645 2052.0 81.63779527559055 36.0 de
1210.9606299212599 2052.0 149.38582677165354 36.0 justice
1305.9212598425197 2052.0 95.24409448818898 36.0 poli-

369.9212598425197 2082.047244094488 61.511811023622045 28.913385826771652 «
394.2992125984252 2082.047244094488 122.74015748031496 28.913385826771652 tique,
480.4724409448819 2082.047244094488 98.36220472440945 28.913385826771652 etc.
529.511811023622 2082.047244094488 36.8503937007874 28.913385826771652 »
