5866 9004
2613 688 510 100 —
2817 688 612 100 11
3021 688 306 100 —

1030 900 445 161 67.
1285 900 1145 161 <b>CAUMONT</b>
2239 900 1145 161 (Jacq.-Nompart
3193 900 509 161 de),
3511 900 445 161 duc
3765 900 382 161 de
3956 900 382 161 la
4147 900 636 161 Force,
4528 900 382 161 mar.

1482 1024 421 186 de
1692 1024 773 186 France.
2254 1024 773 186 Échappa
2816 1024 632 186 comme
3238 1024 492 186 par
3518 1024 773 186 miracle
4080 1024 421 186 au
4221 1024 702 186 massacre

1469 1202 490 152 de
1714 1202 490 152 la
1960 1202 1716 152 Saint-Barthélemy.
3430 1202 490 152 N.
3675 1202 735 152 1559.
4166 1202 490 152 M.
4329 1202 572 152 1652.

1473 1352 314 134 L.
1630 1352 418 134 aut.
1891 1352 470 134 sig.,
2204 1352 314 134 au
2361 1352 470 134 card.
2675 1352 314 134 de
2832 1352 732 134 Richelieu.
3406 1352 314 134 Du
3563 1352 366 134 Cap
3772 1352 941 134 Saint-Nicolas,
4556 1352 314 134 10
4661 1352 261 134 oc-

1363 1477 463 129 tobre
1671 1477 463 129 1635.
1980 1477 257 129 1
2082 1477 463 129 belle
2391 1477 411 129 page
2648 1477 668 129 in-folio.
3162 1477 514 129 Cachet
3522 1477 308 129 et
3625 1477 411 129 soies.

1446 1592 275 108 Il
1584 1592 595 108 sollicite
2041 1592 275 108 de
2179 1592 275 108 la
2316 1592 412 108 bonté
2591 1592 275 108 du
2728 1592 549 108 cardinal
3140 1592 275 108 de
3278 1592 504 108 vouloir
3644 1592 366 108 bien
3873 1592 595 108 confirmer
4331 1592 275 108 la
4468 1592 412 108 grâce
4697 1592 229 108 que

1352 1694 282 114 S.
1493 1694 282 114 M.
1634 1694 423 114 vient
1916 1694 282 114 de
2058 1694 329 114 lui
2246 1694 612 114 accorder,
2716 1694 329 114 qui
2904 1694 329 114 est
3092 1694 282 114 de
3234 1694 517 114 prendre
3610 1694 282 114 un
3751 1694 329 114 peu
3939 1694 282 114 de
4080 1694 470 114 repos,
4410 1694 282 114 vu
4551 1694 329 114 son
4692 1694 235 114 âge

1353 1786 275 116 et
1491 1786 321 116 ses
1674 1786 687 116 infirmités.
2223 1786 229 116 «
2315 1786 366 116 ....
2544 1786 275 116 Et
2681 1786 366 116 s'il
2910 1786 412 116 m’est
3185 1786 412 116 donné
3460 1786 504 116 quelque
3826 1786 504 116 relâche
4192 1786 366 116 pour
4421 1786 275 116 me
4513 1786 412 116 guérir,

1348 1886 233 134 «
1442 1886 558 134 j’espère
1860 1886 419 134 qu’il
2139 1886 279 134 me
2279 1886 512 134 restera
2651 1886 465 134 encore
2976 1886 279 134 de
3116 1886 279 134 la
3256 1886 419 134 force
3535 1886 372 134 pour
3767 1886 605 134 continuer
4232 1886 279 134 le
4372 1886 512 134 service
4697 1886 233 134 que

1373 2000 216 104 «
1459 2000 259 104 je
1589 2000 346 104 dois
1805 2000 216 104 à
1891 2000 259 104 Sa
2021 2000 518 104 Majesté,
2410 2000 346 104 etc.
2582 2000 130 104 »

1037 2175 428 150 68.
1281 2175 1223 150 <b>CAVENDISH</b>
2321 2175 734 150 (Henri),
2871 2175 734 150 chimiste
3422 2175 367 150 et
3605 2175 795 150 physicien
4156 2175 612 150 anglais.

3652 2324 451 116 N.
3877 2324 601 116 1729
4253 2324 451 116 M.
4403 2324 526 116 1810.

1470 2472 330 128 L.
1635 2472 440 128 aut.
1910 2472 495 128 sig.,
2240 2472 275 128 à
2350 2472 385 128 MM.
2570 2472 385 128 les
2790 2472 825 128 secrétaires
3451 2472 330 128 de
3616 2472 770 128 l’Institut
4221 2472 715 128 national.
4716 2472 220 128 Du

1365 2603 316 119 11
1523 2603 580 119 février
1945 2603 474 119 1803.
2261 2603 263 119 1
2366 2603 422 119 page
2577 2603 369 119 in

1446 2707 581 101 Relative
1881 2707 242 101 à
1978 2707 339 101 son
2172 2707 629 101 admission
2656 2707 436 101 comme
2946 2707 484 101 membre
3285 2707 532 101 associé
3672 2707 290 101 de
3817 2707 678 101 l’Institut
4302 2707 532 101 national.

1040 2894 454 151 69.
1299 2894 1880 151 <b>CHAMPOLLION-FIGEAC</b>
2985 2894 1167 151 (Jean-François
3957 2894 454 151 dit
4216 2894 389 151 le
4346 2894 583 151 jeune),

1504 3044 634 154 savant
1947 3044 951 154 archéologue
2708 3044 380 154 et
2899 3044 1078 154 orientaliste.
3787 3044 380 154 N.
3977 3044 571 154 1790.
4357 3044 380 154 M.
4484 3044 444 154 1832.

1485 3196 340 130 L.
1655 3196 453 130 aut.
1938 3196 453 130 sig.
2221 3196 736 130 MEÏAMOUN,
2787 3196 792 130 pseudonyme
3410 3196 340 130 de
3580 3196 849 130 Champollion
4259 3196 623 130 pendant
4655 3196 283 130 son

1366 3298 521 150 voyage
1731 3298 313 150 en
1887 3298 521 150 Égypte
2252 3298 261 150 ,
2357 3298 313 150 au
2513 3298 574 150 docteur
2930 3298 626 150 Pariset.
3399 3298 261 150 1
3504 3298 417 150 page
3764 3298 469 150 petit
4025 3298 365 150 in

1456 3430 242 124 «
1552 3430 339 124 Que
1746 3430 290 124 le
1891 3430 435 124 grand
2181 3430 435 124 Ammon
2472 3430 387 124 soit
2714 3430 435 124 loué!
3004 3430 726 124 J’attendais
3584 3430 387 124 avec
3826 3430 677 124 impatience
4358 3430 435 124 cette
4600 3430 339 124 bonne

1350 3528 257 122 «
1452 3528 669 122 nouvelle;
1967 3528 463 122 ayant
2276 3528 463 122 parlé
2584 3528 257 122 à
2687 3528 360 122 MM.
2893 3528 309 122 de
3047 3528 669 122 Martignac
3562 3528 309 122 et
3716 3528 309 122 de
3871 3528 309 122 la
4025 3528 720 122 Ferronays,
4591 3528 309 122 je
4694 3528 257 122 les

1355 3630 242 120 «
1451 3630 533 120 trouvai
1839 3630 581 120 disposés
2275 3630 242 120 à
2372 3630 436 120 ravir
2662 3630 388 120 pour
2905 3630 436 120 votre
3195 3630 533 120 affaire
3583 3630 388 120 ....
3825 3630 388 120 Loué
4067 3630 388 120 soit
4309 3630 291 120 le
4455 3630 436 120 grand
4697 3630 242 120 Am-

1356 3754 237 74 «
1450 3754 380 74 mon!
1688 3754 380 74 etc.
1878 3754 142 74 »

1038 3908 447 151 70.
1294 3908 1150 151 <b>CHAPTAL</b>
2252 3908 447 151 (Le
2507 3908 575 151 comte
2890 3908 1150 151 Jean-Antoine),
3848 3908 639 151 savant
4231 3908 703 151 chimiste.

3709 4060 406 116 N.
3912 4060 609 116 1756.
4318 4060 406 116 M.
4453 4060 474 116 1832.

1483 4208 315 132 L.
1640 4208 367 132 aut
1850 4208 472 132 sig.,
2164 4208 315 132 au
2321 4208 682 132 ministre.
2846 4208 524 132 Paris,
3213 4208 262 132 8
3318 4208 629 132 germinal
3790 4208 315 132 an
3947 4208 472 132 VIII.
4261 4208 262 132 2
4366 4208 472 132 pages
4628 4208 315 132 in

1369 4346 413 114 avec
1576 4346 568 114 vignette.

1465 4440 294 122 Il
1612 4440 392 122 prie
1857 4440 294 122 le
2004 4440 587 122 ministre
2444 4440 294 122 de
2591 4440 441 122 venir
2885 4440 294 122 au
3032 4440 539 122 secours
3423 4440 294 122 du
3570 4440 441 122 jeune
3864 4440 587 122 Caraffa,
4305 4440 392 122 dont
4549 4440 294 122 le
4647 4440 343 122 père,

1376 4546 476 114 ancien
1710 4546 476 114 consul
2043 4546 238 114 à
2139 4546 715 114 Céphalonie,
2710 4546 238 114 a
2805 4546 333 114 été
2996 4546 572 114 massacré
3425 4546 286 114 et
3568 4546 476 114 toutes
3901 4546 333 114 ses
4092 4546 667 114 propriétés
4568 4546 381 114 incen-

1370 4642 478 120 diées.
1705 4642 239 120 «
1800 4642 382 120 ....
2039 4642 287 120 Ce
2182 4642 573 120 vertueux
2612 4642 717 120 républicain
3186 4642 239 120 a
3281 4642 573 120 sacrifié
3711 4642 287 120 sa
3854 4642 525 120 fortune
4236 4642 382 120 pour
4428 4642 525 120 alimenter

1364 4750 227 112 «
1454 4750 408 112 notre
1727 4750 544 112 garnison
2135 4750 499 112 pendant
2498 4750 272 112 le
2634 4750 408 112 siège
2906 4750 272 112 de
3042 4750 408 112 cette
3314 4750 454 112 place,
3632 4750 363 112 etc.
3813 4750 136 112 »

1042 4946 515 163 71.
1337 4946 1030 163 <b>CHARLES
2146 4946 1177 163 D’ANJOU</b>,
3103 4946 515 163 duc
3397 4946 441 163 de
3618 4946 883 163 Calabre,
4280 4946 662 163 comte
4648 4946 294 163 du

1484 5102 723 126 Maine
1965 5102 482 126 et
2206 5102 562 126 duc
2527 5102 482 126 de
2768 5102 1044 126 Provence.
3571 5102 482 126 N.
3812 5102 642 126 ....
4213 5102 482 126 M.
4374 5102 562 126 1481.

1483 5250 315 128 Sa
1640 5250 682 128 signature
2165 5250 315 128 au
2322 5250 367 128 bas
2532 5250 472 128 d’une
2847 5250 577 128 lettre,
3266 5250 262 128 à
3371 5250 367 128 mon
3581 5250 682 128 très-cher
4106 5250 315 128 et
4263 5250 420 128 bien
4525 5250 367 128 bon
4683 5250 262 128 ami

1365 5372 589 128 Laurent
1794 5372 321 128 de
1954 5372 642 128 Médicis.
2436 5372 321 128 Du
2596 5372 375 128 13e
2810 5372 428 128 jour
3078 5372 535 128 d’août
3453 5372 482 128 1478.
3774 5372 268 128 1
3881 5372 428 128 page
4148 5372 642 128 in-folio
4576 5372 375 128 d’une

1365 5498 628 118 parfaite
1783 5498 785 118 conservation.

1041 5714 497 155 72.
1325 5714 995 155 <b>CHARLES
2107 5714 426 155 II
2320 5714 426 155 DE
2533 5714 1066 155 BOURBON</b>
3386 5714 355 155 (
3528 5714 426 155 Le
3741 5714 995 155 cardinal),
4452 5714 497 155 frère

1503 5872 676 152 d’Ant.
1976 5872 405 152 de
2179 5872 811 152 Bourbon,
2787 5872 473 152 roi
3057 5872 405 152 de
3260 5872 811 152 Navarre,
3868 5872 811 152 proclamé
4476 5872 473 152 roi
4679 5872 270 152 de

1499 6024 701 138 France,
2009 6024 510 138 sous
2328 6024 382 138 le
2519 6024 573 138 titre
2901 6024 382 138 de
3092 6024 701 138 Charles
3602 6024 382 138 X.
3793 6024 382 138 N.
3984 6024 573 138 1523.
4367 6024 382 138 M.
4494 6024 446 138 1590.

1476 6174 326 124 Sa
1639 6174 760 124 signature,
2235 6174 326 124 C.
2398 6174 651 124 CARDINAL
2886 6174 326 124 DE
3049 6174 651 124 BOURBON,
3537 6174 380 124 sur
3754 6174 326 124 un
3917 6174 434 124 acte
4188 6174 326 124 de
4351 6174 597 124 cession
4731 6174 217 124 et

1354 6292 755 128 d’abandon
1935 6292 348 128 en
2109 6292 581 128 faveur
2515 6292 348 128 du
2689 6292 465 128 roi,
2980 6292 348 128 de
3154 6292 406 128 ses
3386 6292 581 128 droits
3793 6292 987 128 seigneuriaux,
4548 6292 406 128 rede-

1373 6414 548 128 vances,
1772 6414 448 128 etc.,
2071 6414 349 128 sur
2270 6414 299 128 le
2420 6414 448 128 grand
2719 6414 299 128 et
2868 6414 448 128 petit
3167 6414 448 128 hôtel
3466 6414 299 128 de
3616 6414 498 128 Nesle,
3964 6414 249 128 «
4064 6414 448 128 assiz
4363 6414 299 128 en
4513 6414 299 128 la
4612 6414 349 128 ville

1360 6536 318 122 de
1519 6536 530 122 Paris,
1890 6536 265 122 »
1996 6536 424 122 daté
2262 6536 318 122 de
2421 6536 530 122 Paris,
2792 6536 318 122 le
2951 6536 371 122 26e
3163 6536 424 122 jour
3428 6536 689 122 d’octobre
3906 6536 371 122 1566.

1456 6651 425 119 Belle
1739 6651 425 119 pièce
2022 6651 330 119 sur
2211 6651 613 119 parchemin
2682 6651 236 119 d
2777 6651 330 119 une
2965 6651 566 119 parfaite
3343 6651 708 119 conservation.

1035 6822 480 163 73.
1310 6822 1646 163 <b>CHARLES-QUINT</b>
2750 6822 1166 163 (L’empereur).
3710 6822 411 163 N.
3915 6822 617 163 1500.
4327 6822 411 163 M.
4464 6822 480 163 1558.

1482 6976 325 132 Sa
1644 6976 596 132 signat.
2078 6976 325 132 et
2240 6976 325 132 le
2403 6976 758 132 compliment
2999 6976 542 132 autog.
3378 6976 271 132 «
3486 6976 542 132 vostre
3866 6976 379 132 bon
4082 6976 542 132 neveu,
4461 6976 271 132 »
4570 6976 325 132 au
4678 6976 271 132 bas

1355 7096 522 138 d’une
1703 7096 580 138 lettre
2109 7096 290 138 à
2225 7096 580 138 madame
2632 7096 348 138 ma
2806 7096 522 138 bonne
3154 7096 522 138 tante
3502 7096 580 138 (Loyse
3908 7096 348 138 de
4083 7096 696 138 Savoye),
4547 7096 406 138 datée

1362 7220 307 132 de
1515 7220 820 132 Barcellonne,
2182 7220 307 132 22
2335 7220 564 132 juillet
2745 7220 461 132 1529.
3053 7220 256 132 1
3155 7220 410 132 page
3360 7220 564 132 in
