<?xml-stylesheet type="text/xsl" href="remove_tags.xsl"?>
<alto xmlns:xsi="http://www.w3.org/2001/XMLSchema-instance" xmlns="http://www.loc.gov/standards/alto/ns-v2#" xmlns:page="http://schema.primaresearch.org/PAGE/gts/pagecontent/2013-07-15" xsi:schemaLocation="http://www.loc.gov/standards/alto/ns-v2# http://www.loc.gov/standards/alto/alto.xsd">
  <Description>
    <MeasurementUnit>pixel</MeasurementUnit>
    <sourceImageInformation>
         <fileName>1845_05_14_CHA-0012.xml</fileName>
      </sourceImageInformation>
    <OCRProcessing ID="IdOcr">
      <ocrProcessingStep>
        <processingDateTime>2020-05-13T10:41:45.386+02:00</processingDateTime>
        <processingSoftware>
               <softwareCreator>CONTRIBUTORS</softwareCreator>
               <softwareName>pdfalto</softwareName>
               <softwareVersion>0.1</softwareVersion>
            </processingSoftware>
      </ocrProcessingStep>
    </OCRProcessing>
  </Description>
  <Styles>
     <TextStyle ID="FONT0" FONTFAMILY="unknown" FONTSIZE="unknown" FONTTYPE="unknown" FONTWIDTH="unknown" FONTCOLOR="unknown" FONTSTYLE=""/>
     <TextStyle ID="FONT1" FONTFAMILY="unknown" FONTSIZE="unknown" FONTTYPE="unknown" FONTWIDTH="unknown" FONTCOLOR="unknown" FONTSTYLE="bold"/>
     <TextStyle ID="FONT2" FONTFAMILY="unknown" FONTSIZE="unknown" FONTTYPE="unknown" FONTWIDTH="unknown" FONTCOLOR="unknown" FONTSTYLE="italics"/>
</Styles>
  <Tags/>
  <Layout>
    <Page ID="Page1" PHYSICAL_IMG_NR="1" HEIGHT="2588.8818897637793" WIDTH="1662.8031496062993">
      <PrintSpace HEIGHT="2588.8818897637793" WIDTH="1662.8031496062993" VPOS="0.0" HPOS="0.0">
        <TextBlock ID="r_1_1" HEIGHT="73.7007874015748" WIDTH="623.3385826771654" VPOS="289.4173228346457" HPOS="534.8976377952756">
          <TextLine ID="tl_1" BASELINE="1280" HEIGHT="73.13385826771653" WIDTH="622.7716535433071" VPOS="289.7007874015748" HPOS="535.1811023622047">
            <String HEIGHT="73.13385826771653" WIDTH="700.7244094488188" VPOS="289.7007874015748" HPOS="457.2283464566929" CONTENT="CATALOGUE" ID="tl_1_1" STYLEREFS="FONT1"/>
          </TextLine>
        </TextBlock>
        <TextBlock ID="r_2_1" HEIGHT="32.881889763779526" WIDTH="94.67716535433071" VPOS="413.5748031496063" HPOS="803.0551181102362">
          <TextLine ID="tl_2" BASELINE="1574" HEIGHT="32.31496062992126" WIDTH="94.11023622047244" VPOS="413.8582677165354" HPOS="803.3385826771654">
            <String HEIGHT="32.31496062992126" WIDTH="131.81102362204723" VPOS="413.8582677165354" HPOS="765.6377952755905" CONTENT="D'UNE" ID="tl_2_1" STYLEREFS="FONT0"/>
          </TextLine>
        </TextBlock>
        <TextBlock ID="r_2_2" HEIGHT="47.05511811023622" WIDTH="458.3622047244094" VPOS="503.7165354330709" HPOS="617.1023622047244">
          <TextLine ID="tl_3" BASELINE="1942" HEIGHT="46.488188976377955" WIDTH="457.79527559055117" VPOS="504.0" HPOS="617.3858267716536">
            <String HEIGHT="46.488188976377955" WIDTH="238.96062992125985" VPOS="504.0" HPOS="597.5433070866142" CONTENT="BELLE" ID="tl_3_1" STYLEREFS="FONT1"/>
            <SP HEIGHT="46.488188976377955" WIDTH="19.84251968503937" VPOS="504.0" HPOS="836.2204724409448"/>
            <String HEIGHT="46.488188976377955" WIDTH="318.3307086614173" VPOS="504.0" HPOS="756.8503937007874" CONTENT="COLLECTION" ID="tl_3_2" STYLEREFS="FONT1"/>
          </TextLine>
        </TextBlock>
        <TextBlock ID="r_2_3" HEIGHT="17.291338582677167" WIDTH="31.46456692913386" VPOS="607.7480314960629" HPOS="833.6692913385826">
          <TextLine ID="tl_4" BASELINE="2204" HEIGHT="16.724409448818896" WIDTH="30.89763779527559" VPOS="608.0314960629921" HPOS="833.9527559055118">
            <String HEIGHT="16.724409448818896" WIDTH="61.79527559055118" VPOS="608.0314960629921" HPOS="803.0551181102362" CONTENT="DE" ID="tl_4_1" STYLEREFS="FONT0"/>
          </TextLine>
        </TextBlock>
        <TextBlock ID="r_2_4" HEIGHT="95.5275590551181" WIDTH="1090.4881889763778" VPOS="676.6299212598425" HPOS="301.3228346456693">
          <TextLine ID="tl_5" BASELINE="2723" HEIGHT="94.96062992125984" WIDTH="1089.9212598425197" VPOS="676.9133858267717" HPOS="301.6062992125984">
            <String HEIGHT="94.96062992125984" WIDTH="565.2283464566929" VPOS="676.9133858267717" HPOS="261.3543307086614" CONTENT="LETTRES" ID="tl_5_1" STYLEREFS="FONT1"/>
            <SP HEIGHT="94.96062992125984" WIDTH="40.25196850393701" VPOS="676.9133858267717" HPOS="826.2992125984252"/>
            <String HEIGHT="94.96062992125984" WIDTH="726.5196850393701" VPOS="676.9133858267717" HPOS="665.007874015748" CONTENT="AUTOGRAPHES." ID="tl_5_2" STYLEREFS="FONT1"/>
          </TextLine>
        </TextBlock>
        <TextBlock ID="r_3_1" HEIGHT="51.30708661417323" WIDTH="518.4566929133858" VPOS="978.8031496062993" HPOS="584.7874015748032">
          <TextLine ID="tl_6" BASELINE="3633" HEIGHT="50.74015748031496" WIDTH="517.8897637795276" VPOS="979.0866141732283" HPOS="585.0708661417323">
            <String HEIGHT="50.74015748031496" WIDTH="310.6771653543307" VPOS="979.0866141732283" HPOS="564.3779527559055" CONTENT="PREMIÈRE" ID="tl_6_1" STYLEREFS="FONT1"/>
            <SP HEIGHT="50.74015748031496" WIDTH="20.69291338582677" VPOS="979.0866141732283" HPOS="875.0551181102362"/>
            <String HEIGHT="50.74015748031496" WIDTH="310.6771653543307" VPOS="979.0866141732283" HPOS="792.2834645669292" CONTENT="VACATION." ID="tl_6_2" STYLEREFS="FONT1"/>
          </TextLine>
        </TextBlock>
        <TextBlock ID="r_3_2" HEIGHT="48.75590551181102" WIDTH="805.0393700787401" VPOS="1057.0393700787401" HPOS="439.0866141732283">
          <TextLine ID="tl_7" BASELINE="3900" HEIGHT="48.188976377952756" WIDTH="804.4724409448819" VPOS="1057.3228346456692" HPOS="439.37007874015745">
            <String HEIGHT="48.188976377952756" WIDTH="294.23622047244095" VPOS="1057.3228346456692" HPOS="419.81102362204723" CONTENT="Mercredi" ID="tl_7_1" STYLEREFS="FONT1"/>
            <SP HEIGHT="48.188976377952756" WIDTH="19.559055118110237" VPOS="1057.3228346456692" HPOS="714.0472440944882"/>
            <String HEIGHT="48.188976377952756" WIDTH="117.63779527559055" VPOS="1057.3228346456692" HPOS="655.0866141732283" CONTENT="14" ID="tl_7_2" STYLEREFS="FONT1"/>
            <SP HEIGHT="48.188976377952756" WIDTH="19.559055118110237" VPOS="1057.3228346456692" HPOS="773.007874015748"/>
            <String HEIGHT="48.188976377952756" WIDTH="137.48031496062993" VPOS="1057.3228346456692" HPOS="714.0472440944882" CONTENT="mai" ID="tl_7_3" STYLEREFS="FONT1"/>
            <SP HEIGHT="48.188976377952756" WIDTH="19.559055118110237" VPOS="1057.3228346456692" HPOS="851.5275590551181"/>
            <String HEIGHT="48.188976377952756" WIDTH="176.5984251968504" VPOS="1057.3228346456692" HPOS="792.5669291338583" CONTENT="1845." ID="tl_7_4" STYLEREFS="FONT1"/>
            <SP HEIGHT="48.188976377952756" WIDTH="19.559055118110237" VPOS="1057.3228346456692" HPOS="969.1653543307086"/>
            <String HEIGHT="48.188976377952756" WIDTH="98.07874015748031" VPOS="1057.3228346456692" HPOS="910.2047244094488" CONTENT="—" ID="tl_7_5" STYLEREFS="FONT1"/>
            <SP HEIGHT="48.188976377952756" WIDTH="19.559055118110237" VPOS="1057.3228346456692" HPOS="1008.2834645669292"/>
            <String HEIGHT="48.188976377952756" WIDTH="117.63779527559055" VPOS="1057.3228346456692" HPOS="949.6062992125984" CONTENT="Nº" ID="tl_7_6" STYLEREFS="FONT1"/>
            <SP HEIGHT="48.188976377952756" WIDTH="19.559055118110237" VPOS="1057.3228346456692" HPOS="1067.244094488189"/>
            <String HEIGHT="48.188976377952756" WIDTH="98.07874015748031" VPOS="1057.3228346456692" HPOS="1008.2834645669292" CONTENT="1" ID="tl_7_7" STYLEREFS="FONT1"/>
            <SP HEIGHT="48.188976377952756" WIDTH="19.559055118110237" VPOS="1057.3228346456692" HPOS="1106.3622047244094"/>
            <String HEIGHT="48.188976377952756" WIDTH="98.07874015748031" VPOS="1057.3228346456692" HPOS="1047.6850393700788" CONTENT="à" ID="tl_7_8" STYLEREFS="FONT1"/>
            <SP HEIGHT="48.188976377952756" WIDTH="19.559055118110237" VPOS="1057.3228346456692" HPOS="1145.763779527559"/>
            <String HEIGHT="48.188976377952756" WIDTH="176.5984251968504" VPOS="1057.3228346456692" HPOS="1067.244094488189" CONTENT="94." ID="tl_7_9" STYLEREFS="FONT1"/>
          </TextLine>
        </TextBlock>
        <TextBlock ID="r_3_3" HEIGHT="63.21259842519685" WIDTH="589.3228346456693" VPOS="1115.4330708661416" HPOS="316.06299212598424">
          <TextLine ID="tl_8" BASELINE="4157" HEIGHT="62.645669291338585" WIDTH="588.7559055118111" VPOS="1115.716535433071" HPOS="316.34645669291336">
            <String HEIGHT="62.645669291338585" WIDTH="105.16535433070867" VPOS="1115.716535433071" HPOS="295.37007874015745" CONTENT="1" ID="tl_8_1" STYLEREFS="FONT0"/>
            <SP HEIGHT="62.645669291338585" WIDTH="20.976377952755904" VPOS="1115.716535433071" HPOS="400.53543307086613"/>
            <String HEIGHT="62.645669291338585" WIDTH="315.496062992126" VPOS="1115.716535433071" HPOS="337.3228346456693" CONTENT="ACADÉMIE" ID="tl_8_2" STYLEREFS="FONT1"/>
            <SP HEIGHT="62.645669291338585" WIDTH="20.976377952755904" VPOS="1115.716535433071" HPOS="652.8188976377953"/>
            <String HEIGHT="62.645669291338585" WIDTH="336.4724409448819" VPOS="1115.716535433071" HPOS="568.6299212598425" CONTENT="FRANÇAISE." ID="tl_8_3" STYLEREFS="FONT1"/>
          </TextLine>
        </TextBlock>
        <TextBlock ID="r_3_4" HEIGHT="350.3622047244094" WIDTH="1016.2204724409448" VPOS="1168.724409448819" HPOS="373.8897637795276">
          <TextLine ID="tl_9" BASELINE="4314" HEIGHT="53.85826771653543" WIDTH="976.8188976377953" VPOS="1169.007874015748" HPOS="413.00787401574803">
            <String HEIGHT="53.85826771653543" WIDTH="152.50393700787401" VPOS="1169.007874015748" HPOS="397.7007874015748" CONTENT="Arrêté" ID="tl_9_1" STYLEREFS="FONT0"/>
            <SP HEIGHT="53.85826771653543" WIDTH="15.307086614173228" VPOS="1169.007874015748" HPOS="550.488188976378"/>
            <String HEIGHT="53.85826771653543" WIDTH="91.55905511811024" VPOS="1169.007874015748" HPOS="504.56692913385825" CONTENT="de" ID="tl_9_2" STYLEREFS="FONT0"/>
            <SP HEIGHT="53.85826771653543" WIDTH="15.307086614173228" VPOS="1169.007874015748" HPOS="596.1259842519685"/>
            <String HEIGHT="53.85826771653543" WIDTH="198.4251968503937" VPOS="1169.007874015748" HPOS="550.488188976378" CONTENT="Messieurs" ID="tl_9_3" STYLEREFS="FONT0"/>
            <SP HEIGHT="53.85826771653543" WIDTH="15.307086614173228" VPOS="1169.007874015748" HPOS="748.9133858267717"/>
            <String HEIGHT="53.85826771653543" WIDTH="91.55905511811024" VPOS="1169.007874015748" HPOS="702.992125984252" CONTENT="de" ID="tl_9_4" STYLEREFS="FONT0"/>
            <SP HEIGHT="53.85826771653543" WIDTH="15.307086614173228" VPOS="1169.007874015748" HPOS="794.5511811023622"/>
            <String HEIGHT="53.85826771653543" WIDTH="213.73228346456693" VPOS="1169.007874015748" HPOS="748.9133858267717" CONTENT="l’Académie" ID="tl_9_5" STYLEREFS="FONT0"/>
            <SP HEIGHT="53.85826771653543" WIDTH="15.307086614173228" VPOS="1169.007874015748" HPOS="962.3622047244095"/>
            <String HEIGHT="53.85826771653543" WIDTH="213.73228346456693" VPOS="1169.007874015748" HPOS="916.7244094488188" CONTENT="française," ID="tl_9_6" STYLEREFS="FONT0"/>
            <SP HEIGHT="53.85826771653543" WIDTH="15.307086614173228" VPOS="1169.007874015748" HPOS="1130.4566929133857"/>
            <String HEIGHT="53.85826771653543" WIDTH="106.86614173228347" VPOS="1169.007874015748" HPOS="1084.5354330708662" CONTENT="mis" ID="tl_9_7" STYLEREFS="FONT0"/>
            <SP HEIGHT="53.85826771653543" WIDTH="15.307086614173228" VPOS="1169.007874015748" HPOS="1191.4015748031495"/>
            <String HEIGHT="53.85826771653543" WIDTH="137.48031496062993" VPOS="1169.007874015748" HPOS="1145.763779527559" CONTENT="entre" ID="tl_9_8" STYLEREFS="FONT0"/>
            <SP HEIGHT="53.85826771653543" WIDTH="15.307086614173228" VPOS="1169.007874015748" HPOS="1282.9606299212599"/>
            <String HEIGHT="53.85826771653543" WIDTH="106.86614173228347" VPOS="1169.007874015748" HPOS="1237.3228346456692" CONTENT="les" ID="tl_9_9" STYLEREFS="FONT0"/>
            <SP HEIGHT="53.85826771653543" WIDTH="15.307086614173228" VPOS="1169.007874015748" HPOS="1343.9055118110236"/>
            <String HEIGHT="53.85826771653543" WIDTH="106.86614173228347" VPOS="1169.007874015748" HPOS="1282.9606299212599" CONTENT="mains" ID="tl_9_10" STYLEREFS="FONT0"/>
          </TextLine>
          <TextLine ID="tl_10" BASELINE="4444" HEIGHT="56.40944881889764" WIDTH="1011.9685039370079" VPOS="1203.3070866141732" HPOS="377.00787401574803">
            <String HEIGHT="56.40944881889764" WIDTH="92.1259842519685" VPOS="1203.3070866141732" HPOS="361.7007874015748" CONTENT="de" ID="tl_10_1" STYLEREFS="FONT0"/>
            <SP HEIGHT="56.40944881889764" WIDTH="15.307086614173228" VPOS="1203.3070866141732" HPOS="453.54330708661416"/>
            <String HEIGHT="56.40944881889764" WIDTH="229.88976377952756" VPOS="1203.3070866141732" HPOS="407.62204724409446" CONTENT="Monseigneur" ID="tl_10_2" STYLEREFS="FONT0"/>
            <SP HEIGHT="56.40944881889764" WIDTH="15.307086614173228" VPOS="1203.3070866141732" HPOS="637.7952755905512"/>
            <String HEIGHT="56.40944881889764" WIDTH="92.1259842519685" VPOS="1203.3070866141732" HPOS="591.5905511811023" CONTENT="le" ID="tl_10_3" STYLEREFS="FONT0"/>
            <SP HEIGHT="56.40944881889764" WIDTH="15.307086614173228" VPOS="1203.3070866141732" HPOS="683.7165354330708"/>
            <String HEIGHT="56.40944881889764" WIDTH="214.58267716535434" VPOS="1203.3070866141732" HPOS="637.7952755905512" CONTENT="chancelier" ID="tl_10_4" STYLEREFS="FONT0"/>
            <SP HEIGHT="56.40944881889764" WIDTH="15.307086614173228" VPOS="1203.3070866141732" HPOS="852.3779527559055"/>
            <String HEIGHT="56.40944881889764" WIDTH="229.88976377952756" VPOS="1203.3070866141732" HPOS="806.4566929133858" CONTENT="Protecteur," ID="tl_10_5" STYLEREFS="FONT0"/>
            <SP HEIGHT="56.40944881889764" WIDTH="15.307086614173228" VPOS="1203.3070866141732" HPOS="1036.3464566929133"/>
            <String HEIGHT="56.40944881889764" WIDTH="92.1259842519685" VPOS="1203.3070866141732" HPOS="990.4251968503937" CONTENT="en" ID="tl_10_6" STYLEREFS="FONT0"/>
            <SP HEIGHT="56.40944881889764" WIDTH="15.307086614173228" VPOS="1203.3070866141732" HPOS="1082.267716535433"/>
            <String HEIGHT="56.40944881889764" WIDTH="122.74015748031496" VPOS="1203.3070866141732" HPOS="1036.3464566929133" CONTENT="date" ID="tl_10_7" STYLEREFS="FONT0"/>
            <SP HEIGHT="56.40944881889764" WIDTH="15.307086614173228" VPOS="1203.3070866141732" HPOS="1159.0866141732283"/>
            <String HEIGHT="56.40944881889764" WIDTH="92.1259842519685" VPOS="1203.3070866141732" HPOS="1112.8818897637796" CONTENT="du" ID="tl_10_8" STYLEREFS="FONT0"/>
            <SP HEIGHT="56.40944881889764" WIDTH="15.307086614173228" VPOS="1203.3070866141732" HPOS="1205.007874015748"/>
            <String HEIGHT="56.40944881889764" WIDTH="92.1259842519685" VPOS="1203.3070866141732" HPOS="1159.0866141732283" CONTENT="15" ID="tl_10_9" STYLEREFS="FONT0"/>
            <SP HEIGHT="56.40944881889764" WIDTH="15.307086614173228" VPOS="1203.3070866141732" HPOS="1250.9291338582677"/>
            <String HEIGHT="56.40944881889764" WIDTH="138.04724409448818" VPOS="1203.3070866141732" HPOS="1205.007874015748" CONTENT="avril" ID="tl_10_10" STYLEREFS="FONT0"/>
            <SP HEIGHT="56.40944881889764" WIDTH="15.307086614173228" VPOS="1203.3070866141732" HPOS="1343.0551181102362"/>
            <String HEIGHT="56.40944881889764" WIDTH="107.43307086614173" VPOS="1203.3070866141732" HPOS="1281.5433070866143" CONTENT="1659," ID="tl_10_11" STYLEREFS="FONT0"/>
          </TextLine>
          <TextLine ID="tl_11" BASELINE="4568" HEIGHT="58.110236220472444" WIDTH="1010.8346456692914" VPOS="1236.755905511811" HPOS="378.4251968503937">
            <String HEIGHT="58.110236220472444" WIDTH="119.05511811023622" VPOS="1236.755905511811" HPOS="363.68503937007875" CONTENT="pour" ID="tl_11_1" STYLEREFS="FONT0"/>
            <SP HEIGHT="58.110236220472444" WIDTH="14.740157480314961" VPOS="1236.755905511811" HPOS="482.45669291338584"/>
            <String HEIGHT="58.110236220472444" WIDTH="104.03149606299213" VPOS="1236.755905511811" HPOS="437.9527559055118" CONTENT="lui" ID="tl_11_2" STYLEREFS="FONT0"/>
            <SP HEIGHT="58.110236220472444" WIDTH="14.740157480314961" VPOS="1236.755905511811" HPOS="541.9842519685039"/>
            <String HEIGHT="58.110236220472444" WIDTH="193.3228346456693" VPOS="1236.755905511811" HPOS="497.4803149606299" CONTENT="témoigner" ID="tl_11_3" STYLEREFS="FONT0"/>
            <SP HEIGHT="58.110236220472444" WIDTH="14.740157480314961" VPOS="1236.755905511811" HPOS="690.5196850393701"/>
            <String HEIGHT="58.110236220472444" WIDTH="89.29133858267717" VPOS="1236.755905511811" HPOS="646.0157480314961" CONTENT="le" ID="tl_11_4" STYLEREFS="FONT0"/>
            <SP HEIGHT="58.110236220472444" WIDTH="14.740157480314961" VPOS="1236.755905511811" HPOS="735.3070866141733"/>
            <String HEIGHT="58.110236220472444" WIDTH="133.79527559055117" VPOS="1236.755905511811" HPOS="690.5196850393701" CONTENT="grand" ID="tl_11_5" STYLEREFS="FONT0"/>
            <SP HEIGHT="58.110236220472444" WIDTH="14.740157480314961" VPOS="1236.755905511811" HPOS="824.3149606299213"/>
            <String HEIGHT="58.110236220472444" WIDTH="133.79527559055117" VPOS="1236.755905511811" HPOS="779.8110236220473" CONTENT="désir" ID="tl_11_6" STYLEREFS="FONT0"/>
            <SP HEIGHT="58.110236220472444" WIDTH="14.740157480314961" VPOS="1236.755905511811" HPOS="913.6062992125984"/>
            <String HEIGHT="58.110236220472444" WIDTH="148.53543307086613" VPOS="1236.755905511811" HPOS="869.1023622047244" CONTENT="qu'ils" ID="tl_11_7" STYLEREFS="FONT0"/>
            <SP HEIGHT="58.110236220472444" WIDTH="14.740157480314961" VPOS="1236.755905511811" HPOS="1017.6377952755905"/>
            <String HEIGHT="58.110236220472444" WIDTH="104.03149606299213" VPOS="1236.755905511811" HPOS="973.1338582677165" CONTENT="ont" ID="tl_11_8" STYLEREFS="FONT0"/>
            <SP HEIGHT="58.110236220472444" WIDTH="14.740157480314961" VPOS="1236.755905511811" HPOS="1077.1653543307086"/>
            <String HEIGHT="58.110236220472444" WIDTH="89.29133858267717" VPOS="1236.755905511811" HPOS="1032.3779527559054" CONTENT="de" ID="tl_11_9" STYLEREFS="FONT0"/>
            <SP HEIGHT="58.110236220472444" WIDTH="14.740157480314961" VPOS="1236.755905511811" HPOS="1121.6692913385828"/>
            <String HEIGHT="58.110236220472444" WIDTH="119.05511811023622" VPOS="1236.755905511811" HPOS="1077.1653543307086" CONTENT="voir" ID="tl_11_10" STYLEREFS="FONT0"/>
            <SP HEIGHT="58.110236220472444" WIDTH="14.740157480314961" VPOS="1236.755905511811" HPOS="1195.9370078740158"/>
            <String HEIGHT="58.110236220472444" WIDTH="133.79527559055117" VPOS="1236.755905511811" HPOS="1151.4330708661416" CONTENT="finir" ID="tl_11_11" STYLEREFS="FONT0"/>
            <SP HEIGHT="58.110236220472444" WIDTH="14.740157480314961" VPOS="1236.755905511811" HPOS="1285.2283464566929"/>
            <String HEIGHT="58.110236220472444" WIDTH="104.03149606299213" VPOS="1236.755905511811" HPOS="1240.724409448819" CONTENT="les" ID="tl_11_12" STYLEREFS="FONT0"/>
            <SP HEIGHT="58.110236220472444" WIDTH="14.740157480314961" VPOS="1236.755905511811" HPOS="1344.755905511811"/>
            <String HEIGHT="58.110236220472444" WIDTH="104.03149606299213" VPOS="1236.755905511811" HPOS="1285.2283464566929" CONTENT="divi" SUBS_TYPE="HypPart1" SUBS_CONTENT="divisions" ID="tl_11_13" STYLEREFS="FONT0"/>
            <HYP CONTENT="-"/>
          </TextLine>
          <TextLine ID="tl_12" BASELINE="4688" HEIGHT="56.976377952755904" WIDTH="1009.4173228346457" VPOS="1271.9055118110236" HPOS="378.4251968503937">
            <String HEIGHT="56.976377952755904" WIDTH="129.82677165354332" VPOS="1271.9055118110236" HPOS="363.9685039370079" CONTENT="sions" SUBS_TYPE="HypPart2" SUBS_CONTENT="divisions" ID="tl_12_1" STYLEREFS="FONT0"/>
            <SP HEIGHT="56.976377952755904" WIDTH="14.456692913385826" VPOS="1271.9055118110236" HPOS="493.79527559055117"/>
            <String HEIGHT="56.976377952755904" WIDTH="100.91338582677166" VPOS="1271.9055118110236" HPOS="450.4251968503937" CONTENT="qui" ID="tl_12_2" STYLEREFS="FONT0"/>
            <SP HEIGHT="56.976377952755904" WIDTH="14.456692913385826" VPOS="1271.9055118110236" HPOS="551.3385826771654"/>
            <String HEIGHT="56.976377952755904" WIDTH="86.45669291338582" VPOS="1271.9055118110236" HPOS="508.251968503937" CONTENT="la" ID="tl_12_3" STYLEREFS="FONT0"/>
            <SP HEIGHT="56.976377952755904" WIDTH="14.456692913385826" VPOS="1271.9055118110236" HPOS="594.7086614173228"/>
            <String HEIGHT="56.976377952755904" WIDTH="245.1968503937008" VPOS="1271.9055118110236" HPOS="551.3385826771654" CONTENT="troublent...." ID="tl_12_4" STYLEREFS="FONT0"/>
            <SP HEIGHT="56.976377952755904" WIDTH="14.456692913385826" VPOS="1271.9055118110236" HPOS="796.5354330708661"/>
            <String HEIGHT="56.976377952755904" WIDTH="86.45669291338582" VPOS="1271.9055118110236" HPOS="753.4488188976378" CONTENT="«A" ID="tl_12_5" STYLEREFS="FONT0"/>
            <SP HEIGHT="56.976377952755904" WIDTH="14.456692913385826" VPOS="1271.9055118110236" HPOS="839.9055118110236"/>
            <String HEIGHT="56.976377952755904" WIDTH="100.91338582677166" VPOS="1271.9055118110236" HPOS="796.5354330708661" CONTENT="cet" ID="tl_12_6" STYLEREFS="FONT0"/>
            <SP HEIGHT="56.976377952755904" WIDTH="14.456692913385826" VPOS="1271.9055118110236" HPOS="897.4488188976378"/>
            <String HEIGHT="56.976377952755904" WIDTH="129.82677165354332" VPOS="1271.9055118110236" HPOS="854.3622047244095" CONTENT="effet" ID="tl_12_7" STYLEREFS="FONT0"/>
            <SP HEIGHT="56.976377952755904" WIDTH="14.456692913385826" VPOS="1271.9055118110236" HPOS="984.1889763779527"/>
            <String HEIGHT="56.976377952755904" WIDTH="72.0" VPOS="1271.9055118110236" HPOS="940.8188976377953" CONTENT="a" ID="tl_12_8" STYLEREFS="FONT0"/>
            <SP HEIGHT="56.976377952755904" WIDTH="14.456692913385826" VPOS="1271.9055118110236" HPOS="1012.8188976377953"/>
            <String HEIGHT="56.976377952755904" WIDTH="100.91338582677166" VPOS="1271.9055118110236" HPOS="969.7322834645669" CONTENT="été" ID="tl_12_9" STYLEREFS="FONT0"/>
            <SP HEIGHT="56.976377952755904" WIDTH="14.456692913385826" VPOS="1271.9055118110236" HPOS="1070.6456692913387"/>
            <String HEIGHT="56.976377952755904" WIDTH="158.74015748031496" VPOS="1271.9055118110236" HPOS="1027.275590551181" CONTENT="adressé" ID="tl_12_10" STYLEREFS="FONT0"/>
            <SP HEIGHT="56.976377952755904" WIDTH="14.456692913385826" VPOS="1271.9055118110236" HPOS="1186.015748031496"/>
            <String HEIGHT="56.976377952755904" WIDTH="86.45669291338582" VPOS="1271.9055118110236" HPOS="1142.6456692913387" CONTENT="le" ID="tl_12_11" STYLEREFS="FONT0"/>
            <SP HEIGHT="56.976377952755904" WIDTH="14.456692913385826" VPOS="1271.9055118110236" HPOS="1229.1023622047244"/>
            <String HEIGHT="56.976377952755904" WIDTH="158.74015748031496" VPOS="1271.9055118110236" HPOS="1186.015748031496" CONTENT="présent" ID="tl_12_12" STYLEREFS="FONT0"/>
            <SP HEIGHT="56.976377952755904" WIDTH="14.456692913385826" VPOS="1271.9055118110236" HPOS="1344.4724409448818"/>
            <String HEIGHT="56.976377952755904" WIDTH="100.91338582677166" VPOS="1271.9055118110236" HPOS="1286.9291338582677" CONTENT="acte," ID="tl_12_13" STYLEREFS="FONT0"/>
          </TextLine>
          <TextLine ID="tl_13" BASELINE="4812" HEIGHT="56.976377952755904" WIDTH="1008.5669291338583" VPOS="1307.0551181102362" HPOS="380.40944881889766">
            <String HEIGHT="56.976377952755904" WIDTH="157.60629921259843" VPOS="1307.0551181102362" HPOS="364.53543307086613" CONTENT="«signé" ID="tl_13_1" STYLEREFS="FONT0"/>
            <SP HEIGHT="56.976377952755904" WIDTH="15.874015748031496" VPOS="1307.0551181102362" HPOS="522.1417322834645"/>
            <String HEIGHT="56.976377952755904" WIDTH="110.26771653543307" VPOS="1307.0551181102362" HPOS="475.0866141732283" CONTENT="des" ID="tl_13_2" STYLEREFS="FONT0"/>
            <SP HEIGHT="56.976377952755904" WIDTH="15.874015748031496" VPOS="1307.0551181102362" HPOS="585.3543307086615"/>
            <String HEIGHT="56.976377952755904" WIDTH="236.40944881889763" VPOS="1307.0551181102362" HPOS="538.0157480314961" CONTENT="vingt-trois" ID="tl_13_3" STYLEREFS="FONT0"/>
            <SP HEIGHT="56.976377952755904" WIDTH="15.874015748031496" VPOS="1307.0551181102362" HPOS="774.4251968503937"/>
            <String HEIGHT="56.976377952755904" WIDTH="173.48031496062993" VPOS="1307.0551181102362" HPOS="727.0866141732283" CONTENT="membres" ID="tl_13_4" STYLEREFS="FONT0"/>
            <SP HEIGHT="56.976377952755904" WIDTH="15.874015748031496" VPOS="1307.0551181102362" HPOS="900.5669291338583"/>
            <String HEIGHT="56.976377952755904" WIDTH="220.53543307086613" VPOS="1307.0551181102362" HPOS="853.2283464566929" CONTENT="présents.»" ID="tl_13_5" STYLEREFS="FONT0"/>
            <SP HEIGHT="56.976377952755904" WIDTH="15.874015748031496" VPOS="1307.0551181102362" HPOS="1073.763779527559"/>
            <String HEIGHT="56.976377952755904" WIDTH="173.48031496062993" VPOS="1307.0551181102362" HPOS="1026.4251968503936" CONTENT="Suivent" ID="tl_13_6" STYLEREFS="FONT0"/>
            <SP HEIGHT="56.976377952755904" WIDTH="15.874015748031496" VPOS="1307.0551181102362" HPOS="1199.9055118110236"/>
            <String HEIGHT="56.976377952755904" WIDTH="110.26771653543307" VPOS="1307.0551181102362" HPOS="1152.5669291338584" CONTENT="les" ID="tl_13_7" STYLEREFS="FONT0"/>
            <SP HEIGHT="56.976377952755904" WIDTH="15.874015748031496" VPOS="1307.0551181102362" HPOS="1262.8346456692914"/>
            <String HEIGHT="56.976377952755904" WIDTH="189.0708661417323" VPOS="1307.0551181102362" HPOS="1199.9055118110236" CONTENT="signatures" ID="tl_13_8" STYLEREFS="FONT0"/>
          </TextLine>
          <TextLine ID="tl_14" BASELINE="4934" HEIGHT="57.54330708661417" WIDTH="1009.1338582677165" VPOS="1341.0708661417323" HPOS="377.29133858267716">
            <String HEIGHT="57.54330708661417" WIDTH="99.21259842519684" VPOS="1341.0708661417323" HPOS="360.8503937007874" CONTENT="de" ID="tl_14_1" STYLEREFS="FONT0"/>
            <SP HEIGHT="57.54330708661417" WIDTH="16.440944881889763" VPOS="1341.0708661417323" HPOS="460.06299212598424"/>
            <String HEIGHT="57.54330708661417" WIDTH="181.98425196850394" VPOS="1341.0708661417323" HPOS="410.45669291338584" CONTENT="«l’abbé" ID="tl_14_2" STYLEREFS="FONT0"/>
            <SP HEIGHT="57.54330708661417" WIDTH="16.440944881889763" VPOS="1341.0708661417323" HPOS="592.4409448818898"/>
            <String HEIGHT="57.54330708661417" WIDTH="231.59055118110237" VPOS="1341.0708661417323" HPOS="542.8346456692914" CONTENT="Tallemant," ID="tl_14_3" STYLEREFS="FONT0"/>
            <SP HEIGHT="57.54330708661417" WIDTH="16.440944881889763" VPOS="1341.0708661417323" HPOS="774.4251968503937"/>
            <String HEIGHT="57.54330708661417" WIDTH="181.98425196850394" VPOS="1341.0708661417323" HPOS="724.8188976377953" CONTENT="Hardoin" ID="tl_14_4" STYLEREFS="FONT0"/>
            <SP HEIGHT="57.54330708661417" WIDTH="16.440944881889763" VPOS="1341.0708661417323" HPOS="906.8031496062993"/>
            <String HEIGHT="57.54330708661417" WIDTH="99.21259842519684" VPOS="1341.0708661417323" HPOS="856.9133858267717" CONTENT="de" ID="tl_14_5" STYLEREFS="FONT0"/>
            <SP HEIGHT="57.54330708661417" WIDTH="16.440944881889763" VPOS="1341.0708661417323" HPOS="956.4094488188977"/>
            <String HEIGHT="57.54330708661417" WIDTH="215.1496062992126" VPOS="1341.0708661417323" HPOS="906.8031496062993" CONTENT="Péréfixe," ID="tl_14_6" STYLEREFS="FONT0"/>
            <SP HEIGHT="57.54330708661417" WIDTH="16.440944881889763" VPOS="1341.0708661417323" HPOS="1121.6692913385828"/>
            <String HEIGHT="57.54330708661417" WIDTH="181.98425196850394" VPOS="1341.0708661417323" HPOS="1072.0629921259842" CONTENT="Bautru," ID="tl_14_7" STYLEREFS="FONT0"/>
            <SP HEIGHT="57.54330708661417" WIDTH="16.440944881889763" VPOS="1341.0708661417323" HPOS="1254.0472440944882"/>
            <String HEIGHT="57.54330708661417" WIDTH="198.4251968503937" VPOS="1341.0708661417323" HPOS="1188.0" CONTENT="Chapelain," ID="tl_14_8" STYLEREFS="FONT0"/>
          </TextLine>
          <TextLine ID="tl_15" BASELINE="5048" HEIGHT="54.14173228346457" WIDTH="1009.1338582677165" VPOS="1376.7874015748032" HPOS="377.5748031496063">
            <String HEIGHT="54.14173228346457" WIDTH="248.03149606299212" VPOS="1376.7874015748032" HPOS="361.13385826771656" CONTENT="«Desmarest," ID="tl_15_1" STYLEREFS="FONT0"/>
            <SP HEIGHT="54.14173228346457" WIDTH="16.440944881889763" VPOS="1376.7874015748032" HPOS="609.1653543307086"/>
            <String HEIGHT="54.14173228346457" WIDTH="181.98425196850394" VPOS="1376.7874015748032" HPOS="559.5590551181102" CONTENT="Olivier" ID="tl_15_2" STYLEREFS="FONT0"/>
            <SP HEIGHT="54.14173228346457" WIDTH="16.440944881889763" VPOS="1376.7874015748032" HPOS="741.5433070866142"/>
            <String HEIGHT="54.14173228346457" WIDTH="165.54330708661416" VPOS="1376.7874015748032" HPOS="691.9370078740158" CONTENT="Patru," ID="tl_15_3" STYLEREFS="FONT0"/>
            <SP HEIGHT="54.14173228346457" WIDTH="16.440944881889763" VPOS="1376.7874015748032" HPOS="857.1968503937007"/>
            <String HEIGHT="54.14173228346457" WIDTH="264.755905511811" VPOS="1376.7874015748032" HPOS="807.5905511811023" CONTENT="Charpentier," ID="tl_15_4" STYLEREFS="FONT0"/>
            <SP HEIGHT="54.14173228346457" WIDTH="16.440944881889763" VPOS="1376.7874015748032" HPOS="1072.3464566929133"/>
            <String HEIGHT="54.14173228346457" WIDTH="231.59055118110237" VPOS="1376.7874015748032" HPOS="1022.7401574803149" CONTENT="Lachambre," ID="tl_15_5" STYLEREFS="FONT0"/>
            <SP HEIGHT="54.14173228346457" WIDTH="16.440944881889763" VPOS="1376.7874015748032" HPOS="1254.3307086614172"/>
            <String HEIGHT="54.14173228346457" WIDTH="198.4251968503937" VPOS="1376.7874015748032" HPOS="1188.283464566929" CONTENT="Pellisson" SUBS_TYPE="HypPart1" SUBS_CONTENT="Pellisson«Fontanier," ID="tl_15_6" STYLEREFS="FONT0"/>
            <HYP CONTENT="-"/>
          </TextLine>
          <TextLine ID="tl_16" BASELINE="5172" HEIGHT="56.976377952755904" WIDTH="1008.5669291338583" VPOS="1409.1023622047244" HPOS="377.5748031496063">
            <String HEIGHT="56.976377952755904" WIDTH="265.3228346456693" VPOS="1409.1023622047244" HPOS="360.0" CONTENT="«Fontanier," SUBS_TYPE="HypPart2" SUBS_CONTENT="Pellisson«Fontanier," ID="tl_16_1" STYLEREFS="FONT0"/>
            <SP HEIGHT="56.976377952755904" WIDTH="17.5748031496063" VPOS="1409.1023622047244" HPOS="625.3228346456693"/>
            <String HEIGHT="56.976377952755904" WIDTH="106.2992125984252" VPOS="1409.1023622047244" HPOS="572.3149606299213" CONTENT="La" ID="tl_16_2" STYLEREFS="FONT0"/>
            <SP HEIGHT="56.976377952755904" WIDTH="17.5748031496063" VPOS="1409.1023622047244" HPOS="678.3307086614174"/>
            <String HEIGHT="56.976377952755904" WIDTH="265.3228346456693" VPOS="1409.1023622047244" HPOS="625.3228346456693" CONTENT="Meinadière," ID="tl_16_3" STYLEREFS="FONT0"/>
            <SP HEIGHT="56.976377952755904" WIDTH="17.5748031496063" VPOS="1409.1023622047244" HPOS="890.6456692913385"/>
            <String HEIGHT="56.976377952755904" WIDTH="106.2992125984252" VPOS="1409.1023622047244" HPOS="837.6377952755905" CONTENT="De" ID="tl_16_4" STYLEREFS="FONT0"/>
            <SP HEIGHT="56.976377952755904" WIDTH="17.5748031496063" VPOS="1409.1023622047244" HPOS="943.6535433070866"/>
            <String HEIGHT="56.976377952755904" WIDTH="106.2992125984252" VPOS="1409.1023622047244" HPOS="890.6456692913385" CONTENT="La" ID="tl_16_5" STYLEREFS="FONT0"/>
            <SP HEIGHT="56.976377952755904" WIDTH="17.5748031496063" VPOS="1409.1023622047244" HPOS="996.9448818897638"/>
            <String HEIGHT="56.976377952755904" WIDTH="176.88188976377953" VPOS="1409.1023622047244" HPOS="943.6535433070866" CONTENT="Mothe," ID="tl_16_6" STYLEREFS="FONT0"/>
            <SP HEIGHT="56.976377952755904" WIDTH="17.5748031496063" VPOS="1409.1023622047244" HPOS="1120.8188976377953"/>
            <String HEIGHT="56.976377952755904" WIDTH="194.74015748031496" VPOS="1409.1023622047244" HPOS="1067.5275590551182" CONTENT="Doujat," ID="tl_16_7" STYLEREFS="FONT0"/>
            <SP HEIGHT="56.976377952755904" WIDTH="17.5748031496063" VPOS="1409.1023622047244" HPOS="1262.267716535433"/>
            <String HEIGHT="56.976377952755904" WIDTH="194.74015748031496" VPOS="1409.1023622047244" HPOS="1191.4015748031495" CONTENT="Chaumont," ID="tl_16_8" STYLEREFS="FONT0"/>
          </TextLine>
          <TextLine ID="tl_17" BASELINE="5304" HEIGHT="58.110236220472444" WIDTH="1009.1338582677165" VPOS="1445.3858267716535" HPOS="375.59055118110234">
            <String HEIGHT="58.110236220472444" WIDTH="162.70866141732284" VPOS="1445.3858267716535" HPOS="359.43307086614175" CONTENT="«Giry," ID="tl_17_1" STYLEREFS="FONT0"/>
            <SP HEIGHT="58.110236220472444" WIDTH="16.15748031496063" VPOS="1445.3858267716535" HPOS="522.1417322834645"/>
            <String HEIGHT="58.110236220472444" WIDTH="211.46456692913387" VPOS="1445.3858267716535" HPOS="473.38582677165357" CONTENT="Gombault," ID="tl_17_2" STYLEREFS="FONT0"/>
            <SP HEIGHT="58.110236220472444" WIDTH="16.15748031496063" VPOS="1445.3858267716535" HPOS="684.8503937007874"/>
            <String HEIGHT="58.110236220472444" WIDTH="146.5511811023622" VPOS="1445.3858267716535" HPOS="636.0944881889764" CONTENT="César" ID="tl_17_3" STYLEREFS="FONT0"/>
            <SP HEIGHT="58.110236220472444" WIDTH="16.15748031496063" VPOS="1445.3858267716535" HPOS="782.3622047244095"/>
            <String HEIGHT="58.110236220472444" WIDTH="227.90551181102362" VPOS="1445.3858267716535" HPOS="733.6062992125984" CONTENT="d’Estrées," ID="tl_17_4" STYLEREFS="FONT0"/>
            <SP HEIGHT="58.110236220472444" WIDTH="16.15748031496063" VPOS="1445.3858267716535" HPOS="961.511811023622"/>
            <String HEIGHT="58.110236220472444" WIDTH="195.30708661417322" VPOS="1445.3858267716535" HPOS="912.7559055118111" CONTENT="Priézac," ID="tl_17_5" STYLEREFS="FONT0"/>
            <SP HEIGHT="58.110236220472444" WIDTH="16.15748031496063" VPOS="1445.3858267716535" HPOS="1108.0629921259842"/>
            <String HEIGHT="58.110236220472444" WIDTH="113.95275590551181" VPOS="1445.3858267716535" HPOS="1059.3070866141732" CONTENT="Ch." ID="tl_17_6" STYLEREFS="FONT0"/>
            <SP HEIGHT="58.110236220472444" WIDTH="16.15748031496063" VPOS="1445.3858267716535" HPOS="1173.259842519685"/>
            <String HEIGHT="58.110236220472444" WIDTH="162.70866141732284" VPOS="1445.3858267716535" HPOS="1124.2204724409448" CONTENT="Cotin," ID="tl_17_7" STYLEREFS="FONT0"/>
            <SP HEIGHT="58.110236220472444" WIDTH="16.15748031496063" VPOS="1445.3858267716535" HPOS="1286.9291338582677"/>
            <String HEIGHT="58.110236220472444" WIDTH="162.70866141732284" VPOS="1445.3858267716535" HPOS="1222.015748031496" CONTENT="Mézeray," ID="tl_17_8" STYLEREFS="FONT0"/>
          </TextLine>
          <TextLine ID="tl_18" BASELINE="5358" HEIGHT="36.0" WIDTH="265.3228346456693" VPOS="1482.8031496062993" HPOS="374.1732283464567">
            <String HEIGHT="36.0" WIDTH="123.8740157480315" VPOS="1482.8031496062993" HPOS="356.59842519685037" CONTENT="«De" ID="tl_18_1" STYLEREFS="FONT0"/>
            <SP HEIGHT="36.0" WIDTH="17.5748031496063" VPOS="1482.8031496062993" HPOS="480.18897637795277"/>
            <String HEIGHT="36.0" WIDTH="159.30708661417322" VPOS="1482.8031496062993" HPOS="427.18110236220474" CONTENT="Metz," ID="tl_18_2" STYLEREFS="FONT0"/>
            <SP HEIGHT="36.0" WIDTH="17.5748031496063" VPOS="1482.8031496062993" HPOS="586.488188976378"/>
            <String HEIGHT="36.0" WIDTH="123.8740157480315" VPOS="1482.8031496062993" HPOS="515.6220472440945" CONTENT="etc.»" ID="tl_18_3" STYLEREFS="FONT0"/>
          </TextLine>
        </TextBlock>
        <TextBlock ID="r_3_5" HEIGHT="74.26771653543307" WIDTH="1073.4803149606298" VPOS="1521.3543307086613" HPOS="308.40944881889766">
          <TextLine ID="tl_19" BASELINE="5628" HEIGHT="73.7007874015748" WIDTH="1072.9133858267717" VPOS="1521.6377952755906" HPOS="308.6929133858268">
            <String HEIGHT="73.7007874015748" WIDTH="115.08661417322834" VPOS="1521.6377952755906" HPOS="289.4173228346457" CONTENT="2." ID="tl_19_1" STYLEREFS="FONT0"/>
            <SP HEIGHT="73.7007874015748" WIDTH="19.275590551181104" VPOS="1521.6377952755906" HPOS="404.503937007874"/>
            <String HEIGHT="73.7007874015748" WIDTH="287.43307086614175" VPOS="1521.6377952755906" HPOS="346.96062992125985" CONTENT="ACADÉMIE" ID="tl_19_2" STYLEREFS="FONT1"/>
            <SP HEIGHT="73.7007874015748" WIDTH="19.275590551181104" VPOS="1521.6377952755906" HPOS="634.3937007874016"/>
            <String HEIGHT="73.7007874015748" WIDTH="325.7007874015748" VPOS="1521.6377952755906" HPOS="576.8503937007874" CONTENT="FRANÇAISE" ID="tl_19_3" STYLEREFS="FONT1"/>
            <SP HEIGHT="73.7007874015748" WIDTH="19.275590551181104" VPOS="1521.6377952755906" HPOS="902.5511811023622"/>
            <String HEIGHT="73.7007874015748" WIDTH="229.88976377952756" VPOS="1521.6377952755906" HPOS="845.2913385826772" CONTENT="(Membres" ID="tl_19_4" STYLEREFS="FONT0"/>
            <SP HEIGHT="73.7007874015748" WIDTH="19.275590551181104" VPOS="1521.6377952755906" HPOS="1075.1811023622047"/>
            <String HEIGHT="73.7007874015748" WIDTH="115.08661417322834" VPOS="1521.6377952755906" HPOS="1017.6377952755905" CONTENT="de" ID="tl_19_5" STYLEREFS="FONT0"/>
            <SP HEIGHT="73.7007874015748" WIDTH="19.275590551181104" VPOS="1521.6377952755906" HPOS="1132.4409448818897"/>
            <String HEIGHT="73.7007874015748" WIDTH="153.35433070866142" VPOS="1521.6377952755906" HPOS="1075.1811023622047" CONTENT="l’)," ID="tl_19_6" STYLEREFS="FONT0"/>
            <SP HEIGHT="73.7007874015748" WIDTH="19.275590551181104" VPOS="1521.6377952755906" HPOS="1228.251968503937"/>
            <String HEIGHT="73.7007874015748" WIDTH="95.81102362204724" VPOS="1521.6377952755906" HPOS="1170.992125984252" CONTENT="4" ID="tl_19_7" STYLEREFS="FONT0"/>
            <SP HEIGHT="73.7007874015748" WIDTH="19.275590551181104" VPOS="1521.6377952755906" HPOS="1266.5196850393702"/>
            <String HEIGHT="73.7007874015748" WIDTH="191.6220472440945" VPOS="1521.6377952755906" HPOS="1189.984251968504" CONTENT="lettres." ID="tl_19_8" STYLEREFS="FONT0"/>
          </TextLine>
        </TextBlock>
        <TextBlock ID="r_3_6" HEIGHT="77.95275590551181" WIDTH="1010.8346456692914" VPOS="1574.0787401574803" HPOS="374.45669291338584">
          <TextLine ID="tl_20" BASELINE="5758" HEIGHT="57.826771653543304" WIDTH="977.3858267716536" VPOS="1574.3622047244094" HPOS="407.62204724409446">
            <String HEIGHT="57.826771653543304" WIDTH="149.10236220472441" VPOS="1574.3622047244094" HPOS="391.18110236220474" CONTENT="BISSY" ID="tl_20_1" STYLEREFS="FONT0"/>
            <SP HEIGHT="57.826771653543304" WIDTH="16.440944881889763" VPOS="1574.3622047244094" HPOS="540.2834645669292"/>
            <String HEIGHT="57.826771653543304" WIDTH="182.26771653543307" VPOS="1574.3622047244094" HPOS="490.3937007874016" CONTENT="(Claude" ID="tl_20_2" STYLEREFS="FONT0"/>
            <SP HEIGHT="57.826771653543304" WIDTH="16.440944881889763" VPOS="1574.3622047244094" HPOS="672.6614173228346"/>
            <String HEIGHT="57.826771653543304" WIDTH="165.54330708661416" VPOS="1574.3622047244094" HPOS="623.0551181102362" CONTENT="Thiard" ID="tl_20_3" STYLEREFS="FONT0"/>
            <SP HEIGHT="57.826771653543304" WIDTH="16.440944881889763" VPOS="1574.3622047244094" HPOS="788.5984251968504"/>
            <String HEIGHT="57.826771653543304" WIDTH="132.66141732283464" VPOS="1574.3622047244094" HPOS="738.992125984252" CONTENT="de)." ID="tl_20_4" STYLEREFS="FONT0"/>
            <SP HEIGHT="57.826771653543304" WIDTH="16.440944881889763" VPOS="1574.3622047244094" HPOS="871.3700787401575"/>
            <String HEIGHT="57.826771653543304" WIDTH="132.66141732283464" VPOS="1574.3622047244094" HPOS="821.7637795275591" CONTENT="Aut." ID="tl_20_5" STYLEREFS="FONT0"/>
            <SP HEIGHT="57.826771653543304" WIDTH="16.440944881889763" VPOS="1574.3622047244094" HPOS="954.4251968503937"/>
            <String HEIGHT="57.826771653543304" WIDTH="132.66141732283464" VPOS="1574.3622047244094" HPOS="904.5354330708661" CONTENT="sig." ID="tl_20_6" STYLEREFS="FONT0"/>
            <SP HEIGHT="57.826771653543304" WIDTH="16.440944881889763" VPOS="1574.3622047244094" HPOS="1037.1968503937007"/>
            <String HEIGHT="57.826771653543304" WIDTH="82.77165354330708" VPOS="1574.3622047244094" HPOS="987.3070866141733" CONTENT="à" ID="tl_20_7" STYLEREFS="FONT0"/>
            <SP HEIGHT="57.826771653543304" WIDTH="16.440944881889763" VPOS="1574.3622047244094" HPOS="1070.3622047244094"/>
            <String HEIGHT="57.826771653543304" WIDTH="99.49606299212599" VPOS="1574.3622047244094" HPOS="1020.4724409448819" CONTENT="M." ID="tl_20_8" STYLEREFS="FONT0"/>
            <SP HEIGHT="57.826771653543304" WIDTH="16.440944881889763" VPOS="1574.3622047244094" HPOS="1119.9685039370079"/>
            <String HEIGHT="57.826771653543304" WIDTH="231.8740157480315" VPOS="1574.3622047244094" HPOS="1070.3622047244094" CONTENT="Desmarest." ID="tl_20_9" STYLEREFS="FONT0"/>
            <SP HEIGHT="57.826771653543304" WIDTH="16.440944881889763" VPOS="1574.3622047244094" HPOS="1302.236220472441"/>
            <String HEIGHT="57.826771653543304" WIDTH="99.49606299212599" VPOS="1574.3622047244094" HPOS="1252.3464566929133" CONTENT="18" ID="tl_20_10" STYLEREFS="FONT0"/>
            <SP HEIGHT="57.826771653543304" WIDTH="16.440944881889763" VPOS="1574.3622047244094" HPOS="1351.8425196850394"/>
            <String HEIGHT="57.826771653543304" WIDTH="99.49606299212599" VPOS="1574.3622047244094" HPOS="1285.5118110236222" CONTENT="août" ID="tl_20_11" STYLEREFS="FONT0"/>
          </TextLine>
          <TextLine ID="tl_21" BASELINE="5827" HEIGHT="41.38582677165354" WIDTH="392.31496062992125" VPOS="1610.3622047244094" HPOS="374.74015748031496">
            <String HEIGHT="41.38582677165354" WIDTH="135.7795275590551" VPOS="1610.3622047244094" HPOS="359.7165354330709" CONTENT="1773." ID="tl_21_1" STYLEREFS="FONT0"/>
            <SP HEIGHT="41.38582677165354" WIDTH="15.023622047244094" VPOS="1610.3622047244094" HPOS="495.496062992126"/>
            <String HEIGHT="41.38582677165354" WIDTH="75.4015748031496" VPOS="1610.3622047244094" HPOS="450.1417322834646" CONTENT="1" ID="tl_21_2" STYLEREFS="FONT0"/>
            <SP HEIGHT="41.38582677165354" WIDTH="15.023622047244094" VPOS="1610.3622047244094" HPOS="525.5433070866142"/>
            <String HEIGHT="41.38582677165354" WIDTH="120.75590551181102" VPOS="1610.3622047244094" HPOS="480.4724409448819" CONTENT="page" ID="tl_21_3" STYLEREFS="FONT0"/>
            <SP HEIGHT="41.38582677165354" WIDTH="15.023622047244094" VPOS="1610.3622047244094" HPOS="600.9448818897638"/>
            <String HEIGHT="41.38582677165354" WIDTH="135.7795275590551" VPOS="1610.3622047244094" HPOS="555.8740157480315" CONTENT="in-4;" ID="tl_21_4" STYLEREFS="FONT0"/>
            <SP HEIGHT="41.38582677165354" WIDTH="15.023622047244094" VPOS="1610.3622047244094" HPOS="691.6535433070866"/>
            <String HEIGHT="41.38582677165354" WIDTH="135.7795275590551" VPOS="1610.3622047244094" HPOS="631.2755905511812" CONTENT="cachet." ID="tl_21_5" STYLEREFS="FONT0"/>
          </TextLine>
        </TextBlock>
        <TextBlock ID="r_3_7" HEIGHT="76.25196850393701" WIDTH="1010.5511811023622" VPOS="1644.3779527559054" HPOS="373.8897637795276">
          <TextLine ID="tl_22" BASELINE="6004" HEIGHT="57.25984251968504" WIDTH="975.6850393700787" VPOS="1644.6614173228347" HPOS="408.4724409448819">
            <String HEIGHT="57.25984251968504" WIDTH="198.70866141732284" VPOS="1644.6614173228347" HPOS="390.3307086614173" CONTENT="LANGUET" ID="tl_22_1" STYLEREFS="FONT0"/>
            <SP HEIGHT="57.25984251968504" WIDTH="18.141732283464567" VPOS="1644.6614173228347" HPOS="589.0393700787401"/>
            <String HEIGHT="57.25984251968504" WIDTH="108.28346456692914" VPOS="1644.6614173228347" HPOS="534.8976377952756" CONTENT="DE" ID="tl_22_2" STYLEREFS="FONT0"/>
            <SP HEIGHT="57.25984251968504" WIDTH="18.141732283464567" VPOS="1644.6614173228347" HPOS="643.4645669291339"/>
            <String HEIGHT="57.25984251968504" WIDTH="180.56692913385828" VPOS="1644.6614173228347" HPOS="589.0393700787401" CONTENT="GERGY," ID="tl_22_3" STYLEREFS="FONT0"/>
            <SP HEIGHT="57.25984251968504" WIDTH="18.141732283464567" VPOS="1644.6614173228347" HPOS="769.8897637795276"/>
            <String HEIGHT="57.25984251968504" WIDTH="198.70866141732284" VPOS="1644.6614173228347" HPOS="715.7480314960629" CONTENT="archev." ID="tl_22_4" STYLEREFS="FONT0"/>
            <SP HEIGHT="57.25984251968504" WIDTH="18.141732283464567" VPOS="1644.6614173228347" HPOS="914.4566929133858"/>
            <String HEIGHT="57.25984251968504" WIDTH="108.28346456692914" VPOS="1644.6614173228347" HPOS="860.3149606299213" CONTENT="de" ID="tl_22_5" STYLEREFS="FONT0"/>
            <SP HEIGHT="57.25984251968504" WIDTH="18.141732283464567" VPOS="1644.6614173228347" HPOS="968.5984251968504"/>
            <String HEIGHT="57.25984251968504" WIDTH="162.70866141732284" VPOS="1644.6614173228347" HPOS="914.4566929133858" CONTENT="Sens." ID="tl_22_6" STYLEREFS="FONT0"/>
            <SP HEIGHT="57.25984251968504" WIDTH="18.141732283464567" VPOS="1644.6614173228347" HPOS="1076.8818897637796"/>
            <String HEIGHT="57.25984251968504" WIDTH="144.56692913385828" VPOS="1644.6614173228347" HPOS="1022.7401574803149" CONTENT="Aut." ID="tl_22_7" STYLEREFS="FONT0"/>
            <SP HEIGHT="57.25984251968504" WIDTH="18.141732283464567" VPOS="1644.6614173228347" HPOS="1167.3070866141732"/>
            <String HEIGHT="57.25984251968504" WIDTH="144.56692913385828" VPOS="1644.6614173228347" HPOS="1113.1653543307086" CONTENT="sig." ID="tl_22_8" STYLEREFS="FONT0"/>
            <SP HEIGHT="57.25984251968504" WIDTH="18.141732283464567" VPOS="1644.6614173228347" HPOS="1257.732283464567"/>
            <String HEIGHT="57.25984251968504" WIDTH="90.4251968503937" VPOS="1644.6614173228347" HPOS="1203.5905511811025" CONTENT="à" ID="tl_22_9" STYLEREFS="FONT0"/>
            <SP HEIGHT="57.25984251968504" WIDTH="18.141732283464567" VPOS="1644.6614173228347" HPOS="1293.732283464567"/>
            <String HEIGHT="57.25984251968504" WIDTH="108.28346456692914" VPOS="1644.6614173228347" HPOS="1239.5905511811025" CONTENT="M." ID="tl_22_10" STYLEREFS="FONT0"/>
            <SP HEIGHT="57.25984251968504" WIDTH="18.141732283464567" VPOS="1644.6614173228347" HPOS="1348.1574803149606"/>
            <String HEIGHT="57.25984251968504" WIDTH="108.28346456692914" VPOS="1644.6614173228347" HPOS="1275.8740157480315" CONTENT="Mar" SUBS_TYPE="HypPart1" SUBS_CONTENT="Marville." ID="tl_22_11" STYLEREFS="FONT0"/>
            <HYP CONTENT="-"/>
          </TextLine>
          <TextLine ID="tl_23" BASELINE="6069" HEIGHT="40.818897637795274" WIDTH="394.01574803149606" VPOS="1679.5275590551182" HPOS="374.1732283464567">
            <String HEIGHT="40.818897637795274" WIDTH="145.98425196850394" VPOS="1679.5275590551182" HPOS="359.7165354330709" CONTENT="ville." SUBS_TYPE="HypPart2" SUBS_CONTENT="Marville." ID="tl_23_1" STYLEREFS="FONT0"/>
            <SP HEIGHT="40.818897637795274" WIDTH="14.456692913385826" VPOS="1679.5275590551182" HPOS="505.4173228346457"/>
            <String HEIGHT="40.818897637795274" WIDTH="72.85039370078741" VPOS="1679.5275590551182" HPOS="461.76377952755905" CONTENT="1" ID="tl_23_2" STYLEREFS="FONT0"/>
            <SP HEIGHT="40.818897637795274" WIDTH="14.456692913385826" VPOS="1679.5275590551182" HPOS="534.6141732283464"/>
            <String HEIGHT="40.818897637795274" WIDTH="116.78740157480316" VPOS="1679.5275590551182" HPOS="490.96062992125985" CONTENT="page" ID="tl_23_3" STYLEREFS="FONT0"/>
            <SP HEIGHT="40.818897637795274" WIDTH="14.456692913385826" VPOS="1679.5275590551182" HPOS="607.7480314960629"/>
            <String HEIGHT="40.818897637795274" WIDTH="131.24409448818898" VPOS="1679.5275590551182" HPOS="563.8110236220473" CONTENT="in-4;" ID="tl_23_4" STYLEREFS="FONT0"/>
            <SP HEIGHT="40.818897637795274" WIDTH="14.456692913385826" VPOS="1679.5275590551182" HPOS="695.3385826771654"/>
            <String HEIGHT="40.818897637795274" WIDTH="131.24409448818898" VPOS="1679.5275590551182" HPOS="636.9448818897638" CONTENT="cachet." ID="tl_23_5" STYLEREFS="FONT0"/>
          </TextLine>
        </TextBlock>
        <TextBlock ID="r_3_8" HEIGHT="73.98425196850394" WIDTH="1007.4330708661417" VPOS="1712.976377952756" HPOS="373.03937007874015">
          <TextLine ID="tl_24" BASELINE="6252" HEIGHT="58.960629921259844" WIDTH="975.6850393700787" VPOS="1713.259842519685" HPOS="404.503937007874">
            <String HEIGHT="58.960629921259844" WIDTH="157.3228346456693" VPOS="1713.259842519685" HPOS="388.62992125984255" CONTENT="CAYLUS" ID="tl_24_1" STYLEREFS="FONT0"/>
            <SP HEIGHT="58.960629921259844" WIDTH="15.874015748031496" VPOS="1713.259842519685" HPOS="546.2362204724409"/>
            <String HEIGHT="58.960629921259844" WIDTH="141.73228346456693" VPOS="1713.259842519685" HPOS="498.8976377952756" CONTENT="(de)," ID="tl_24_2" STYLEREFS="FONT0"/>
            <SP HEIGHT="58.960629921259844" WIDTH="15.874015748031496" VPOS="1713.259842519685" HPOS="640.6299212598425"/>
            <String HEIGHT="58.960629921259844" WIDTH="157.3228346456693" VPOS="1713.259842519685" HPOS="593.2913385826772" CONTENT="évêque" ID="tl_24_3" STYLEREFS="FONT0"/>
            <SP HEIGHT="58.960629921259844" WIDTH="15.874015748031496" VPOS="1713.259842519685" HPOS="750.6141732283464"/>
            <String HEIGHT="58.960629921259844" WIDTH="220.251968503937" VPOS="1713.259842519685" HPOS="703.5590551181102" CONTENT="d’Auxerre." ID="tl_24_4" STYLEREFS="FONT0"/>
            <SP HEIGHT="58.960629921259844" WIDTH="15.874015748031496" VPOS="1713.259842519685" HPOS="923.8110236220473"/>
            <String HEIGHT="58.960629921259844" WIDTH="125.85826771653544" VPOS="1713.259842519685" HPOS="876.4724409448819" CONTENT="Aut." ID="tl_24_5" STYLEREFS="FONT0"/>
            <SP HEIGHT="58.960629921259844" WIDTH="15.874015748031496" VPOS="1713.259842519685" HPOS="1002.6141732283464"/>
            <String HEIGHT="58.960629921259844" WIDTH="125.85826771653544" VPOS="1713.259842519685" HPOS="955.2755905511812" CONTENT="sig." ID="tl_24_6" STYLEREFS="FONT0"/>
            <SP HEIGHT="58.960629921259844" WIDTH="15.874015748031496" VPOS="1713.259842519685" HPOS="1081.1338582677165"/>
            <String HEIGHT="58.960629921259844" WIDTH="78.80314960629921" VPOS="1713.259842519685" HPOS="1034.0787401574803" CONTENT="à" ID="tl_24_7" STYLEREFS="FONT0"/>
            <SP HEIGHT="58.960629921259844" WIDTH="15.874015748031496" VPOS="1713.259842519685" HPOS="1112.5984251968505"/>
            <String HEIGHT="58.960629921259844" WIDTH="94.39370078740157" VPOS="1713.259842519685" HPOS="1065.5433070866143" CONTENT="M." ID="tl_24_8" STYLEREFS="FONT0"/>
            <SP HEIGHT="58.960629921259844" WIDTH="15.874015748031496" VPOS="1713.259842519685" HPOS="1159.9370078740158"/>
            <String HEIGHT="58.960629921259844" WIDTH="188.78740157480314" VPOS="1713.259842519685" HPOS="1112.5984251968505" CONTENT="Grosset." ID="tl_24_9" STYLEREFS="FONT0"/>
            <SP HEIGHT="58.960629921259844" WIDTH="15.874015748031496" VPOS="1713.259842519685" HPOS="1301.3858267716535"/>
            <String HEIGHT="58.960629921259844" WIDTH="94.39370078740157" VPOS="1713.259842519685" HPOS="1254.3307086614172" CONTENT="10" ID="tl_24_10" STYLEREFS="FONT0"/>
            <SP HEIGHT="58.960629921259844" WIDTH="15.874015748031496" VPOS="1713.259842519685" HPOS="1348.724409448819"/>
            <String HEIGHT="58.960629921259844" WIDTH="94.39370078740157" VPOS="1713.259842519685" HPOS="1285.7952755905512" CONTENT="juin" ID="tl_24_11" STYLEREFS="FONT0"/>
          </TextLine>
          <TextLine ID="tl_25" BASELINE="6303" HEIGHT="38.55118110236221" WIDTH="271.5590551181102" VPOS="1748.1259842519685" HPOS="373.3228346456693">
            <String HEIGHT="38.55118110236221" WIDTH="135.7795275590551" VPOS="1748.1259842519685" HPOS="358.2992125984252" CONTENT="1742." ID="tl_25_1" STYLEREFS="FONT0"/>
            <SP HEIGHT="38.55118110236221" WIDTH="15.023622047244094" VPOS="1748.1259842519685" HPOS="494.0787401574803"/>
            <String HEIGHT="38.55118110236221" WIDTH="75.4015748031496" VPOS="1748.1259842519685" HPOS="448.7244094488189" CONTENT="2" ID="tl_25_2" STYLEREFS="FONT0"/>
            <SP HEIGHT="38.55118110236221" WIDTH="15.023622047244094" VPOS="1748.1259842519685" HPOS="524.1259842519685"/>
            <String HEIGHT="38.55118110236221" WIDTH="120.75590551181102" VPOS="1748.1259842519685" HPOS="479.0551181102362" CONTENT="page" ID="tl_25_3" STYLEREFS="FONT0"/>
            <SP HEIGHT="38.55118110236221" WIDTH="15.023622047244094" VPOS="1748.1259842519685" HPOS="599.5275590551181"/>
            <String HEIGHT="38.55118110236221" WIDTH="105.73228346456693" VPOS="1748.1259842519685" HPOS="539.1496062992126" CONTENT="in" ID="tl_25_4" STYLEREFS="FONT0"/>
          </TextLine>
        </TextBlock>
        <TextBlock ID="r_3_9" HEIGHT="59.24409448818898" WIDTH="819.2125984251968" VPOS="1777.0393700787401" HPOS="403.37007874015745">
          <TextLine ID="tl_26" BASELINE="6477" HEIGHT="58.67716535433071" WIDTH="818.6456692913385" VPOS="1777.3228346456692" HPOS="403.65354330708664">
            <String HEIGHT="58.67716535433071" WIDTH="102.33070866141732" VPOS="1777.3228346456692" HPOS="386.6456692913386" CONTENT="LA" ID="tl_26_1" STYLEREFS="FONT0"/>
            <SP HEIGHT="58.67716535433071" WIDTH="17.007874015748033" VPOS="1777.3228346456692" HPOS="488.9763779527559"/>
            <String HEIGHT="58.67716535433071" WIDTH="221.66929133858267" VPOS="1777.3228346456692" HPOS="437.6692913385827" CONTENT="TRÉMOILLE" ID="tl_26_2" STYLEREFS="FONT0"/>
            <SP HEIGHT="58.67716535433071" WIDTH="17.007874015748033" VPOS="1777.3228346456692" HPOS="659.6220472440945"/>
            <String HEIGHT="58.67716535433071" WIDTH="119.33858267716535" VPOS="1777.3228346456692" HPOS="608.3149606299213" CONTENT="(Le" ID="tl_26_3" STYLEREFS="FONT0"/>
            <SP HEIGHT="58.67716535433071" WIDTH="17.007874015748033" VPOS="1777.3228346456692" HPOS="727.6535433070866"/>
            <String HEIGHT="58.67716535433071" WIDTH="119.33858267716535" VPOS="1777.3228346456692" HPOS="676.6299212598425" CONTENT="duc" ID="tl_26_4" STYLEREFS="FONT0"/>
            <SP HEIGHT="58.67716535433071" WIDTH="17.007874015748033" VPOS="1777.3228346456692" HPOS="795.9685039370079"/>
            <String HEIGHT="58.67716535433071" WIDTH="136.3464566929134" VPOS="1777.3228346456692" HPOS="744.6614173228346" CONTENT="de)." ID="tl_26_5" STYLEREFS="FONT0"/>
            <SP HEIGHT="58.67716535433071" WIDTH="17.007874015748033" VPOS="1777.3228346456692" HPOS="881.2913385826772"/>
            <String HEIGHT="58.67716535433071" WIDTH="136.3464566929134" VPOS="1777.3228346456692" HPOS="829.9842519685039" CONTENT="Aut." ID="tl_26_6" STYLEREFS="FONT0"/>
            <SP HEIGHT="58.67716535433071" WIDTH="17.007874015748033" VPOS="1777.3228346456692" HPOS="966.6141732283464"/>
            <String HEIGHT="58.67716535433071" WIDTH="136.3464566929134" VPOS="1777.3228346456692" HPOS="915.3070866141733" CONTENT="sig." ID="tl_26_7" STYLEREFS="FONT0"/>
            <SP HEIGHT="58.67716535433071" WIDTH="17.007874015748033" VPOS="1777.3228346456692" HPOS="1051.6535433070867"/>
            <String HEIGHT="58.67716535433071" WIDTH="102.33070866141732" VPOS="1777.3228346456692" HPOS="1000.6299212598425" CONTENT="15" ID="tl_26_8" STYLEREFS="FONT0"/>
            <SP HEIGHT="58.67716535433071" WIDTH="17.007874015748033" VPOS="1777.3228346456692" HPOS="1102.9606299212599"/>
            <String HEIGHT="58.67716535433071" WIDTH="119.33858267716535" VPOS="1777.3228346456692" HPOS="1051.6535433070867" CONTENT="mai" ID="tl_26_9" STYLEREFS="FONT0"/>
            <SP HEIGHT="58.67716535433071" WIDTH="17.007874015748033" VPOS="1777.3228346456692" HPOS="1171.275590551181"/>
            <String HEIGHT="58.67716535433071" WIDTH="119.33858267716535" VPOS="1777.3228346456692" HPOS="1102.9606299212599" CONTENT="1732." ID="tl_26_10" STYLEREFS="FONT0"/>
          </TextLine>
        </TextBlock>
        <TextBlock ID="r_3_10" HEIGHT="73.7007874015748" WIDTH="1074.0472440944882" VPOS="1826.0787401574803" HPOS="303.59055118110234">
          <TextLine ID="tl_27" BASELINE="6701" HEIGHT="73.13385826771653" WIDTH="1073.4803149606298" VPOS="1826.3622047244094" HPOS="303.87401574803147">
            <String HEIGHT="73.13385826771653" WIDTH="115.08661417322834" VPOS="1826.3622047244094" HPOS="284.59842519685037" CONTENT="3." ID="tl_27_1" STYLEREFS="FONT0"/>
            <SP HEIGHT="73.13385826771653" WIDTH="19.275590551181104" VPOS="1826.3622047244094" HPOS="399.68503937007875"/>
            <String HEIGHT="73.13385826771653" WIDTH="287.43307086614175" VPOS="1826.3622047244094" HPOS="342.1417322834646" CONTENT="ACADÉMIE" ID="tl_27_2" STYLEREFS="FONT1"/>
            <SP HEIGHT="73.13385826771653" WIDTH="19.275590551181104" VPOS="1826.3622047244094" HPOS="629.8582677165355"/>
            <String HEIGHT="73.13385826771653" WIDTH="325.98425196850394" VPOS="1826.3622047244094" HPOS="572.3149606299213" CONTENT="FRANÇAISE" ID="tl_27_3" STYLEREFS="FONT1"/>
            <SP HEIGHT="73.13385826771653" WIDTH="19.275590551181104" VPOS="1826.3622047244094" HPOS="898.0157480314961"/>
            <String HEIGHT="73.13385826771653" WIDTH="230.17322834645668" VPOS="1826.3622047244094" HPOS="840.7559055118111" CONTENT="(Membres" ID="tl_27_4" STYLEREFS="FONT0"/>
            <SP HEIGHT="73.13385826771653" WIDTH="19.275590551181104" VPOS="1826.3622047244094" HPOS="1070.6456692913387"/>
            <String HEIGHT="73.13385826771653" WIDTH="115.08661417322834" VPOS="1826.3622047244094" HPOS="1013.1023622047244" CONTENT="de" ID="tl_27_5" STYLEREFS="FONT0"/>
            <SP HEIGHT="73.13385826771653" WIDTH="19.275590551181104" VPOS="1826.3622047244094" HPOS="1128.1889763779527"/>
            <String HEIGHT="73.13385826771653" WIDTH="153.35433070866142" VPOS="1826.3622047244094" HPOS="1070.6456692913387" CONTENT="l’)," ID="tl_27_6" STYLEREFS="FONT0"/>
            <SP HEIGHT="73.13385826771653" WIDTH="19.275590551181104" VPOS="1826.3622047244094" HPOS="1224.0"/>
            <String HEIGHT="73.13385826771653" WIDTH="95.81102362204724" VPOS="1826.3622047244094" HPOS="1166.4566929133857" CONTENT="4" ID="tl_27_7" STYLEREFS="FONT0"/>
            <SP HEIGHT="73.13385826771653" WIDTH="19.275590551181104" VPOS="1826.3622047244094" HPOS="1262.267716535433"/>
            <String HEIGHT="73.13385826771653" WIDTH="191.6220472440945" VPOS="1826.3622047244094" HPOS="1185.732283464567" CONTENT="lettres." ID="tl_27_8" STYLEREFS="FONT0"/>
          </TextLine>
        </TextBlock>
        <TextBlock ID="r_3_11" HEIGHT="79.65354330708661" WIDTH="1012.8188976377953" VPOS="1878.5196850393702" HPOS="367.93700787401576">
          <TextLine ID="tl_28" BASELINE="6824" HEIGHT="55.55905511811024" WIDTH="976.2519685039371" VPOS="1878.8031496062993" HPOS="404.2204724409449">
            <String HEIGHT="55.55905511811024" WIDTH="102.89763779527559" VPOS="1878.8031496062993" HPOS="387.21259842519686" CONTENT="DE" ID="tl_28_1" STYLEREFS="FONT0"/>
            <SP HEIGHT="55.55905511811024" WIDTH="17.007874015748033" VPOS="1878.8031496062993" HPOS="489.8267716535433"/>
            <String HEIGHT="55.55905511811024" WIDTH="171.21259842519686" VPOS="1878.8031496062993" HPOS="438.5196850393701" CONTENT="MESMES" ID="tl_28_2" STYLEREFS="FONT0"/>
            <SP HEIGHT="55.55905511811024" WIDTH="17.007874015748033" VPOS="1878.8031496062993" HPOS="609.7322834645669"/>
            <String HEIGHT="55.55905511811024" WIDTH="222.51968503937007" VPOS="1878.8031496062993" HPOS="558.4251968503937" CONTENT="(J.-Ant.," ID="tl_28_3" STYLEREFS="FONT0"/>
            <SP HEIGHT="55.55905511811024" WIDTH="17.007874015748033" VPOS="1878.8031496062993" HPOS="780.9448818897638"/>
            <String HEIGHT="55.55905511811024" WIDTH="154.20472440944883" VPOS="1878.8031496062993" HPOS="729.6377952755905" CONTENT="comte" ID="tl_28_4" STYLEREFS="FONT0"/>
            <SP HEIGHT="55.55905511811024" WIDTH="17.007874015748033" VPOS="1878.8031496062993" HPOS="883.8425196850394"/>
            <String HEIGHT="55.55905511811024" WIDTH="222.51968503937007" VPOS="1878.8031496062993" HPOS="832.5354330708661" CONTENT="d’Avaux)." ID="tl_28_5" STYLEREFS="FONT0"/>
            <SP HEIGHT="55.55905511811024" WIDTH="17.007874015748033" VPOS="1878.8031496062993" HPOS="1055.0551181102362"/>
            <String HEIGHT="55.55905511811024" WIDTH="136.91338582677164" VPOS="1878.8031496062993" HPOS="1003.7480314960629" CONTENT="Aut." ID="tl_28_6" STYLEREFS="FONT0"/>
            <SP HEIGHT="55.55905511811024" WIDTH="17.007874015748033" VPOS="1878.8031496062993" HPOS="1140.6614173228347"/>
            <String HEIGHT="55.55905511811024" WIDTH="136.91338582677164" VPOS="1878.8031496062993" HPOS="1089.3543307086613" CONTENT="sig." ID="tl_28_7" STYLEREFS="FONT0"/>
            <SP HEIGHT="55.55905511811024" WIDTH="17.007874015748033" VPOS="1878.8031496062993" HPOS="1226.267716535433"/>
            <String HEIGHT="55.55905511811024" WIDTH="85.60629921259843" VPOS="1878.8031496062993" HPOS="1174.9606299212599" CONTENT="à" ID="tl_28_8" STYLEREFS="FONT0"/>
            <SP HEIGHT="55.55905511811024" WIDTH="17.007874015748033" VPOS="1878.8031496062993" HPOS="1260.5669291338584"/>
            <String HEIGHT="55.55905511811024" WIDTH="102.89763779527559" VPOS="1878.8031496062993" HPOS="1209.259842519685" CONTENT="M." ID="tl_28_9" STYLEREFS="FONT0"/>
            <SP HEIGHT="55.55905511811024" WIDTH="17.007874015748033" VPOS="1878.8031496062993" HPOS="1311.8740157480315"/>
            <String HEIGHT="55.55905511811024" WIDTH="136.91338582677164" VPOS="1878.8031496062993" HPOS="1243.5590551181103" CONTENT="l’abbé" ID="tl_28_10" STYLEREFS="FONT0"/>
          </TextLine>
          <TextLine ID="tl_29" BASELINE="6907" HEIGHT="45.354330708661415" WIDTH="576.2834645669292" VPOS="1912.5354330708662" HPOS="368.2204724409449">
            <String HEIGHT="45.354330708661415" WIDTH="181.98425196850394" VPOS="1912.5354330708662" HPOS="353.1968503937008" CONTENT="Pucelle." ID="tl_29_1" STYLEREFS="FONT0"/>
            <SP HEIGHT="45.354330708661415" WIDTH="15.307086614173228" VPOS="1912.5354330708662" HPOS="535.1811023622047"/>
            <String HEIGHT="45.354330708661415" WIDTH="90.99212598425197" VPOS="1912.5354330708662" HPOS="489.54330708661416" CONTENT="23" ID="tl_29_2" STYLEREFS="FONT0"/>
            <SP HEIGHT="45.354330708661415" WIDTH="15.307086614173228" VPOS="1912.5354330708662" HPOS="580.5354330708661"/>
            <String HEIGHT="45.354330708661415" WIDTH="166.96062992125985" VPOS="1912.5354330708662" HPOS="535.1811023622047" CONTENT="février" ID="tl_29_3" STYLEREFS="FONT0"/>
            <SP HEIGHT="45.354330708661415" WIDTH="15.307086614173228" VPOS="1912.5354330708662" HPOS="701.8582677165355"/>
            <String HEIGHT="45.354330708661415" WIDTH="136.62992125984252" VPOS="1912.5354330708662" HPOS="656.503937007874" CONTENT="1712." ID="tl_29_4" STYLEREFS="FONT0"/>
            <SP HEIGHT="45.354330708661415" WIDTH="15.307086614173228" VPOS="1912.5354330708662" HPOS="792.8503937007874"/>
            <String HEIGHT="45.354330708661415" WIDTH="75.96850393700787" VPOS="1912.5354330708662" HPOS="747.496062992126" CONTENT="1" ID="tl_29_5" STYLEREFS="FONT0"/>
            <SP HEIGHT="45.354330708661415" WIDTH="15.307086614173228" VPOS="1912.5354330708662" HPOS="823.1811023622047"/>
            <String HEIGHT="45.354330708661415" WIDTH="121.32283464566929" VPOS="1912.5354330708662" HPOS="777.8267716535433" CONTENT="page" ID="tl_29_6" STYLEREFS="FONT0"/>
            <SP HEIGHT="45.354330708661415" WIDTH="15.307086614173228" VPOS="1912.5354330708662" HPOS="899.1496062992126"/>
            <String HEIGHT="45.354330708661415" WIDTH="106.2992125984252" VPOS="1912.5354330708662" HPOS="838.488188976378" CONTENT="in" ID="tl_29_7" STYLEREFS="FONT0"/>
          </TextLine>
        </TextBlock>
        <TextBlock ID="r_3_12" HEIGHT="81.92125984251969" WIDTH="1013.3858267716536" VPOS="1945.4173228346456" HPOS="365.38582677165357">
          <TextLine ID="tl_30" BASELINE="7074" HEIGHT="59.52755905511811" WIDTH="976.5354330708661" VPOS="1945.7007874015749" HPOS="401.9527559055118">
            <String HEIGHT="59.52755905511811" WIDTH="213.16535433070865" VPOS="1945.7007874015749" HPOS="384.09448818897636" CONTENT="HARCOURT" ID="tl_30_1" STYLEREFS="FONT0"/>
            <SP HEIGHT="59.52755905511811" WIDTH="17.858267716535433" VPOS="1945.7007874015749" HPOS="597.2598425196851"/>
            <String HEIGHT="59.52755905511811" WIDTH="301.8897637795276" VPOS="1945.7007874015749" HPOS="543.9685039370079" CONTENT="(Franç-Henri," ID="tl_30_2" STYLEREFS="FONT0"/>
            <SP HEIGHT="59.52755905511811" WIDTH="17.858267716535433" VPOS="1945.7007874015749" HPOS="845.8582677165355"/>
            <String HEIGHT="59.52755905511811" WIDTH="124.15748031496064" VPOS="1945.7007874015749" HPOS="792.5669291338583" CONTENT="duc" ID="tl_30_3" STYLEREFS="FONT0"/>
            <SP HEIGHT="59.52755905511811" WIDTH="17.858267716535433" VPOS="1945.7007874015749" HPOS="916.7244094488188"/>
            <String HEIGHT="59.52755905511811" WIDTH="142.01574803149606" VPOS="1945.7007874015749" HPOS="863.7165354330708" CONTENT="d’)." ID="tl_30_4" STYLEREFS="FONT0"/>
            <SP HEIGHT="59.52755905511811" WIDTH="17.858267716535433" VPOS="1945.7007874015749" HPOS="1005.7322834645669"/>
            <String HEIGHT="59.52755905511811" WIDTH="142.01574803149606" VPOS="1945.7007874015749" HPOS="952.4409448818898" CONTENT="Aut." ID="tl_30_5" STYLEREFS="FONT0"/>
            <SP HEIGHT="59.52755905511811" WIDTH="17.858267716535433" VPOS="1945.7007874015749" HPOS="1094.4566929133857"/>
            <String HEIGHT="59.52755905511811" WIDTH="142.01574803149606" VPOS="1945.7007874015749" HPOS="1041.1653543307086" CONTENT="sig." ID="tl_30_6" STYLEREFS="FONT0"/>
            <SP HEIGHT="59.52755905511811" WIDTH="17.858267716535433" VPOS="1945.7007874015749" HPOS="1183.1811023622047"/>
            <String HEIGHT="59.52755905511811" WIDTH="106.58267716535433" VPOS="1945.7007874015749" HPOS="1129.8897637795276" CONTENT="au" ID="tl_30_7" STYLEREFS="FONT0"/>
            <SP HEIGHT="59.52755905511811" WIDTH="17.858267716535433" VPOS="1945.7007874015749" HPOS="1236.4724409448818"/>
            <String HEIGHT="59.52755905511811" WIDTH="195.30708661417322" VPOS="1945.7007874015749" HPOS="1183.1811023622047" CONTENT="marquis" ID="tl_30_8" STYLEREFS="FONT0"/>
            <SP HEIGHT="59.52755905511811" WIDTH="17.858267716535433" VPOS="1945.7007874015749" HPOS="1378.4881889763778"/>
            <String HEIGHT="59.52755905511811" WIDTH="71.14960629921259" VPOS="1945.7007874015749" HPOS="1307.3385826771653" CONTENT="de" ID="tl_30_9" STYLEREFS="FONT0"/>
          </TextLine>
          <TextLine ID="tl_31" BASELINE="7151" HEIGHT="44.78740157480315" WIDTH="579.4015748031496" VPOS="1982.267716535433" HPOS="365.6692913385827">
            <String HEIGHT="44.78740157480315" WIDTH="193.03937007874015" VPOS="1982.267716535433" HPOS="350.92913385826773" CONTENT="Castries." ID="tl_31_1" STYLEREFS="FONT0"/>
            <SP HEIGHT="44.78740157480315" WIDTH="14.740157480314961" VPOS="1982.267716535433" HPOS="543.9685039370079"/>
            <String HEIGHT="44.78740157480315" WIDTH="89.00787401574803" VPOS="1982.267716535433" HPOS="499.46456692913387" CONTENT="18" ID="tl_31_2" STYLEREFS="FONT0"/>
            <SP HEIGHT="44.78740157480315" WIDTH="14.740157480314961" VPOS="1982.267716535433" HPOS="588.4724409448819"/>
            <String HEIGHT="44.78740157480315" WIDTH="163.55905511811022" VPOS="1982.267716535433" HPOS="543.9685039370079" CONTENT="février" ID="tl_31_3" STYLEREFS="FONT0"/>
            <SP HEIGHT="44.78740157480315" WIDTH="14.740157480314961" VPOS="1982.267716535433" HPOS="707.2440944881889"/>
            <String HEIGHT="44.78740157480315" WIDTH="133.79527559055117" VPOS="1982.267716535433" HPOS="662.7401574803149" CONTENT="1783." ID="tl_31_4" STYLEREFS="FONT0"/>
            <SP HEIGHT="44.78740157480315" WIDTH="14.740157480314961" VPOS="1982.267716535433" HPOS="796.5354330708661"/>
            <String HEIGHT="44.78740157480315" WIDTH="74.26771653543307" VPOS="1982.267716535433" HPOS="752.0314960629921" CONTENT="1" ID="tl_31_5" STYLEREFS="FONT0"/>
            <SP HEIGHT="44.78740157480315" WIDTH="14.740157480314961" VPOS="1982.267716535433" HPOS="826.2992125984252"/>
            <String HEIGHT="44.78740157480315" WIDTH="118.77165354330708" VPOS="1982.267716535433" HPOS="781.511811023622" CONTENT="page" ID="tl_31_6" STYLEREFS="FONT0"/>
            <SP HEIGHT="44.78740157480315" WIDTH="14.740157480314961" VPOS="1982.267716535433" HPOS="900.5669291338583"/>
            <String HEIGHT="44.78740157480315" WIDTH="104.03149606299213" VPOS="1982.267716535433" HPOS="841.0393700787401" CONTENT="in" ID="tl_31_7" STYLEREFS="FONT0"/>
          </TextLine>
        </TextBlock>
        <TextBlock ID="r_3_13" HEIGHT="90.70866141732283" WIDTH="1015.0866141732283" VPOS="2016.8503937007874" HPOS="364.251968503937">
          <TextLine ID="tl_32" BASELINE="7316" HEIGHT="56.69291338582677" WIDTH="979.6535433070866" VPOS="2017.1338582677165" HPOS="399.40157480314963">
            <String HEIGHT="56.69291338582677" WIDTH="189.0708661417323" VPOS="2017.1338582677165" HPOS="382.1102362204724" CONTENT="GUIBERT" ID="tl_32_1" STYLEREFS="FONT0"/>
            <SP HEIGHT="56.69291338582677" WIDTH="17.291338582677167" VPOS="2017.1338582677165" HPOS="571.1811023622047"/>
            <String HEIGHT="56.69291338582677" WIDTH="395.43307086614175" VPOS="2017.1338582677165" HPOS="519.5905511811023" CONTENT="(Jacq.-Ant.-Hippol," ID="tl_32_2" STYLEREFS="FONT0"/>
            <SP HEIGHT="56.69291338582677" WIDTH="17.291338582677167" VPOS="2017.1338582677165" HPOS="915.0236220472441"/>
            <String HEIGHT="56.69291338582677" WIDTH="154.77165354330708" VPOS="2017.1338582677165" HPOS="863.4330708661417" CONTENT="comte" ID="tl_32_3" STYLEREFS="FONT0"/>
            <SP HEIGHT="56.69291338582677" WIDTH="17.291338582677167" VPOS="2017.1338582677165" HPOS="1018.2047244094488"/>
            <String HEIGHT="56.69291338582677" WIDTH="137.48031496062993" VPOS="2017.1338582677165" HPOS="966.6141732283464" CONTENT="de)." ID="tl_32_4" STYLEREFS="FONT0"/>
            <SP HEIGHT="56.69291338582677" WIDTH="17.291338582677167" VPOS="2017.1338582677165" HPOS="1104.0944881889764"/>
            <String HEIGHT="56.69291338582677" WIDTH="154.77165354330708" VPOS="2017.1338582677165" HPOS="1052.5039370078741" CONTENT="Copie" ID="tl_32_5" STYLEREFS="FONT0"/>
            <SP HEIGHT="56.69291338582677" WIDTH="17.291338582677167" VPOS="2017.1338582677165" HPOS="1207.275590551181"/>
            <String HEIGHT="56.69291338582677" WIDTH="154.77165354330708" VPOS="2017.1338582677165" HPOS="1155.6850393700788" CONTENT="d’une" ID="tl_32_6" STYLEREFS="FONT0"/>
            <SP HEIGHT="56.69291338582677" WIDTH="17.291338582677167" VPOS="2017.1338582677165" HPOS="1310.1732283464567"/>
            <String HEIGHT="56.69291338582677" WIDTH="137.48031496062993" VPOS="2017.1338582677165" HPOS="1241.5748031496064" CONTENT="lettre" ID="tl_32_7" STYLEREFS="FONT0"/>
          </TextLine>
          <TextLine ID="tl_33" BASELINE="7434" HEIGHT="55.84251968503937" WIDTH="1010.2677165354331" VPOS="2051.433070866142" HPOS="364.53543307086613">
            <String HEIGHT="55.84251968503937" WIDTH="102.61417322834646" VPOS="2051.433070866142" HPOS="347.5275590551181" CONTENT="de" ID="tl_33_1" STYLEREFS="FONT0"/>
            <SP HEIGHT="55.84251968503937" WIDTH="17.007874015748033" VPOS="2051.433070866142" HPOS="450.1417322834646"/>
            <String HEIGHT="55.84251968503937" WIDTH="102.61417322834646" VPOS="2051.433070866142" HPOS="398.8346456692913" CONTENT="M." ID="tl_33_2" STYLEREFS="FONT0"/>
            <SP HEIGHT="55.84251968503937" WIDTH="17.007874015748033" VPOS="2051.433070866142" HPOS="501.4488188976378"/>
            <String HEIGHT="55.84251968503937" WIDTH="102.61417322834646" VPOS="2051.433070866142" HPOS="450.1417322834646" CONTENT="de" ID="tl_33_3" STYLEREFS="FONT0"/>
            <SP HEIGHT="55.84251968503937" WIDTH="17.007874015748033" VPOS="2051.433070866142" HPOS="552.7559055118111"/>
            <String HEIGHT="55.84251968503937" WIDTH="222.51968503937007" VPOS="2051.433070866142" HPOS="501.4488188976378" CONTENT="Choiseuil" ID="tl_33_4" STYLEREFS="FONT0"/>
            <SP HEIGHT="55.84251968503937" WIDTH="17.007874015748033" VPOS="2051.433070866142" HPOS="724.2519685039371"/>
            <String HEIGHT="55.84251968503937" WIDTH="85.60629921259843" VPOS="2051.433070866142" HPOS="672.6614173228346" CONTENT="à" ID="tl_33_5" STYLEREFS="FONT0"/>
            <SP HEIGHT="55.84251968503937" WIDTH="17.007874015748033" VPOS="2051.433070866142" HPOS="758.2677165354331"/>
            <String HEIGHT="55.84251968503937" WIDTH="102.61417322834646" VPOS="2051.433070866142" HPOS="706.9606299212599" CONTENT="M." ID="tl_33_6" STYLEREFS="FONT0"/>
            <SP HEIGHT="55.84251968503937" WIDTH="17.007874015748033" VPOS="2051.433070866142" HPOS="809.8582677165355"/>
            <String HEIGHT="55.84251968503937" WIDTH="205.51181102362204" VPOS="2051.433070866142" HPOS="758.2677165354331" CONTENT="Guibert," ID="tl_33_7" STYLEREFS="FONT0"/>
            <SP HEIGHT="55.84251968503937" WIDTH="17.007874015748033" VPOS="2051.433070866142" HPOS="963.7795275590552"/>
            <String HEIGHT="55.84251968503937" WIDTH="102.61417322834646" VPOS="2051.433070866142" HPOS="912.4724409448819" CONTENT="et" ID="tl_33_8" STYLEREFS="FONT0"/>
            <SP HEIGHT="55.84251968503937" WIDTH="17.007874015748033" VPOS="2051.433070866142" HPOS="1015.0866141732283"/>
            <String HEIGHT="55.84251968503937" WIDTH="171.21259842519686" VPOS="2051.433070866142" HPOS="963.7795275590552" CONTENT="donnée" ID="tl_33_9" STYLEREFS="FONT0"/>
            <SP HEIGHT="55.84251968503937" WIDTH="17.007874015748033" VPOS="2051.433070866142" HPOS="1134.992125984252"/>
            <String HEIGHT="55.84251968503937" WIDTH="119.90551181102362" VPOS="2051.433070866142" HPOS="1083.6850393700788" CONTENT="par" ID="tl_33_10" STYLEREFS="FONT0"/>
            <SP HEIGHT="55.84251968503937" WIDTH="17.007874015748033" VPOS="2051.433070866142" HPOS="1203.5905511811025"/>
            <String HEIGHT="55.84251968503937" WIDTH="102.61417322834646" VPOS="2051.433070866142" HPOS="1152.283464566929" CONTENT="M." ID="tl_33_11" STYLEREFS="FONT0"/>
            <SP HEIGHT="55.84251968503937" WIDTH="17.007874015748033" VPOS="2051.433070866142" HPOS="1254.8976377952756"/>
            <String HEIGHT="55.84251968503937" WIDTH="188.2204724409449" VPOS="2051.433070866142" HPOS="1203.5905511811025" CONTENT="Guibert" ID="tl_33_12" STYLEREFS="FONT0"/>
            <SP HEIGHT="55.84251968503937" WIDTH="17.007874015748033" VPOS="2051.433070866142" HPOS="1391.8110236220473"/>
            <String HEIGHT="55.84251968503937" WIDTH="51.30708661417323" VPOS="2051.433070866142" HPOS="1323.4960629921259" CONTENT="à" ID="tl_33_13" STYLEREFS="FONT0"/>
          </TextLine>
        </TextBlock>
        <TextBlock ID="r_3_14" HEIGHT="28.062992125984252" WIDTH="12.472440944881889" VPOS="2116.3464566929133" HPOS="1185.732283464567">
          <TextLine ID="tl_34" BASELINE="7564" HEIGHT="27.496062992125985" WIDTH="11.905511811023622" VPOS="2116.6299212598424" HPOS="1186.015748031496">
            <String HEIGHT="27.496062992125985" WIDTH="35.71653543307087" VPOS="2116.6299212598424" HPOS="1162.2047244094488" CONTENT="1" ID="tl_34_1" STYLEREFS="FONT0"/>
          </TextLine>
        </TextBlock>
        <GraphicalElement ID="r_4" HEIGHT="11.05511811023622" WIDTH="182.83464566929135" VPOS="869.6692913385826" HPOS="759.1181102362204"/>
        <GraphicalElement ID="r_5" HEIGHT="5.102362204724409" WIDTH="75.68503937007874" VPOS="2573.8582677165355" HPOS="1587.1181102362204"/>
        <GraphicalElement ID="r_6" HEIGHT="5.669291338582677" WIDTH="399.11811023622045" VPOS="2573.8582677165355" HPOS="1188.0"/>
        <GraphicalElement ID="r_7" HEIGHT="5.669291338582677" WIDTH="400.53543307086613" VPOS="2573.8582677165355" HPOS="787.4645669291339"/>
        <GraphicalElement ID="r_8" HEIGHT="2.267716535433071" WIDTH="366.23622047244095" VPOS="2586.6141732283463" HPOS="1296.5669291338584"/>
        <GraphicalElement ID="r_9" HEIGHT="5.669291338582677" WIDTH="400.251968503937" VPOS="2573.8582677165355" HPOS="387.21259842519686"/>
        <GraphicalElement ID="r_10" HEIGHT="2.267716535433071" WIDTH="394.86614173228344" VPOS="2586.6141732283463" HPOS="897.1653543307086"/>
        <GraphicalElement ID="r_11" HEIGHT="5.669291338582677" WIDTH="306.1417322834646" VPOS="2573.8582677165355" HPOS="81.07086614173228"/>
        <GraphicalElement ID="r_12" HEIGHT="2.267716535433071" WIDTH="394.2992125984252" VPOS="2586.6141732283463" HPOS="498.0472440944882"/>
        <GraphicalElement ID="r_13" HEIGHT="2.267716535433071" WIDTH="394.01574803149606" VPOS="2586.6141732283463" HPOS="98.92913385826772"/>
        <GraphicalElement ID="r_14" HEIGHT="2.267716535433071" WIDTH="93.54330708661418" VPOS="2586.6141732283463" HPOS="0.0"/>
        <GraphicalElement ID="r_15" HEIGHT="93.25984251968504" WIDTH="2.267716535433071" VPOS="0.0" HPOS="0.0"/>
        <GraphicalElement ID="r_16" HEIGHT="394.2992125984252" WIDTH="2.267716535433071" VPOS="98.36220472440945" HPOS="0.0"/>
        <GraphicalElement ID="r_17" HEIGHT="393.73228346456693" WIDTH="2.267716535433071" VPOS="498.61417322834643" HPOS="0.0"/>
        <GraphicalElement ID="r_18" HEIGHT="277.79527559055117" WIDTH="14.173228346456693" VPOS="0.0" HPOS="5.102362204724409"/>
        <GraphicalElement ID="r_19" HEIGHT="300.4724409448819" WIDTH="5.669291338582677" VPOS="277.79527559055117" HPOS="9.637795275590552"/>
        <GraphicalElement ID="r_20" HEIGHT="393.73228346456693" WIDTH="2.267716535433071" VPOS="898.0157480314961" HPOS="0.0"/>
        <GraphicalElement ID="r_21" HEIGHT="299.62204724409446" WIDTH="5.669291338582677" VPOS="578.2677165354331" HPOS="9.637795275590552"/>
        <GraphicalElement ID="r_22" HEIGHT="394.2992125984252" WIDTH="2.267716535433071" VPOS="1297.1338582677165" HPOS="0.0"/>
        <GraphicalElement ID="r_23" HEIGHT="299.33858267716533" WIDTH="5.669291338582677" VPOS="877.8897637795276" HPOS="9.637795275590552"/>
        <GraphicalElement ID="r_24" HEIGHT="393.4488188976378" WIDTH="2.267716535433071" VPOS="1697.3858267716535" HPOS="0.0"/>
        <GraphicalElement ID="r_25" HEIGHT="299.33858267716533" WIDTH="14.740157480314961" VPOS="1177.2283464566929" HPOS="5.102362204724409"/>
        <GraphicalElement ID="r_26" HEIGHT="300.4724409448819" WIDTH="14.740157480314961" VPOS="1476.5669291338584" HPOS="5.102362204724409"/>
        <GraphicalElement ID="r_27" HEIGHT="393.4488188976378" WIDTH="2.267716535433071" VPOS="2096.787401574803" HPOS="0.0"/>
        <GraphicalElement ID="r_28" HEIGHT="298.48818897637796" WIDTH="14.740157480314961" VPOS="1777.0393700787401" HPOS="5.102362204724409"/>
        <GraphicalElement ID="r_29" HEIGHT="92.97637795275591" WIDTH="2.267716535433071" VPOS="2495.9055118110236" HPOS="0.0"/>
        <GraphicalElement ID="r_30" HEIGHT="298.20472440944883" WIDTH="14.740157480314961" VPOS="2075.527559055118" HPOS="5.102362204724409"/>
        <GraphicalElement ID="r_31" HEIGHT="204.09448818897638" WIDTH="10.204724409448819" VPOS="2373.732283464567" HPOS="7.3700787401574805"/>
      </PrintSpace>
    </Page>
  </Layout>
</alto>
