1662.8031496062993 2579.527559055118
656.2204724409448 166.39370078740157 271.5590551181102 33.44881889763779 —4—

371.0551181102362 223.6535433070866 92.40944881889764 41.10236220472441 lui
424.06299212598424 223.6535433070866 119.05511811023622 41.10236220472441 avoir
503.43307086614175 223.6535433070866 145.41732283464566 41.10236220472441 accordé
609.1653543307086 223.6535433070866 92.40944881889764 41.10236220472441 son
661.8897637795276 223.6535433070866 198.14173228346456 41.10236220472441 pardon;....
820.3464566929134 223.6535433070866 224.78740157480314 41.10236220472441 Protestations
1005.4488188976378 223.6535433070866 79.37007874015748 41.10236220472441 de
1045.1338582677165 223.6535433070866 158.45669291338584 41.10236220472441 fidélité
1163.9055118110236 223.6535433070866 79.37007874015748 41.10236220472441 et
1203.5905511811025 223.6535433070866 79.37007874015748 41.10236220472441 de
1230.236220472441 223.6535433070866 158.45669291338584 41.10236220472441 dévouement

370.48818897637796 254.83464566929135 105.16535433070867 32.881889763779526 pour
436.251968503937 254.83464566929135 92.1259842519685 32.881889763779526 son
488.6929133858268 254.83464566929135 157.88976377952756 32.881889763779526 service,
594.1417322834645 254.83464566929135 78.80314960629921 32.881889763779526 etc.

281.76377952755905 294.8031496062992 133.51181102362204 58.39370078740158 19.
358.01574803149606 294.8031496062992 381.25984251968504 58.39370078740158 BELLIÈVRE
682.0157480314961 294.8031496062992 247.748031496063 58.39370078740158 (Pomponne
872.7874015748032 294.8031496062992 152.50393700787401 58.39370078740158 de),
968.0314960629921 294.8031496062992 267.0236220472441 58.39370078740158 chancelier
1177.7952755905512 294.8031496062992 114.51968503937007 58.39370078740158 de
1216.0629921259842 294.8031496062992 171.49606299212599 58.39370078740158 France.

1031.244094488189 352.9133858267717 118.77165354330708 34.86614173228347 N.
1090.7716535433071 352.9133858267717 178.01574803149606 34.86614173228347 1529.
1209.5433070866143 352.9133858267717 118.77165354330708 34.86614173228347 M.
1248.9448818897638 352.9133858267717 138.61417322834646 34.86614173228347 1607.

410.45669291338584 388.06299212598424 90.4251968503937 42.803149606299215 L.
455.5275590551181 388.06299212598424 120.4724409448819 42.803149606299215 aut.
530.9291338582677 388.06299212598424 120.4724409448819 42.803149606299215 sig.
606.3307086614174 388.06299212598424 75.4015748031496 42.803149606299215 à
636.3779527559055 388.06299212598424 90.4251968503937 42.803149606299215 M.
681.4488188976378 388.06299212598424 90.4251968503937 42.803149606299215 de
726.8031496062993 388.06299212598424 180.8503937007874 42.803149606299215 Villeroy
862.2992125984252 388.06299212598424 150.51968503937007 42.803149606299215 Paris,
967.7480314960629 388.06299212598424 90.4251968503937 42.803149606299215 11
1012.8188976377953 388.06299212598424 105.44881889763779 42.803149606299215 mai
1073.1968503937007 388.06299212598424 135.49606299212599 42.803149606299215 1604.
1163.6220472440946 388.06299212598424 75.4015748031496 42.803149606299215 1
1193.6692913385828 388.06299212598424 120.4724409448819 42.803149606299215 page
1269.0708661417323 388.06299212598424 90.4251968503937 42.803149606299215 in
1299.1181102362204 388.06299212598424 90.4251968503937 42.803149606299215 fol.

395.1496062992126 422.3622047244094 162.70866141732284 37.41732283464567 Relative
517.3228346456693 422.3622047244094 67.74803149606299 37.41732283464567 à
544.5354330708661 422.3622047244094 94.96062992125984 37.41732283464567 une
598.6771653543307 422.3622047244094 176.31496062992127 37.41732283464567 procédure
734.4566929133858 422.3622047244094 135.7795275590551 37.41732283464567 contre
829.4173228346457 422.3622047244094 94.96062992125984 37.41732283464567 les
883.5590551181102 422.3622047244094 189.92125984251967 37.41732283464567 huguenots.
1032.6614173228347 422.3622047244094 149.10236220472441 37.41732283464567 Détails
1127.6220472440946 422.3622047244094 135.7795275590551 37.41732283464567 curieux.

278.6456692913386 461.4803149606299 124.15748031496064 50.74015748031496 20.
349.79527559055117 461.4803149606299 337.03937007874015 50.74015748031496 BELZUNCE
633.5433070866142 461.4803149606299 177.4488188976378 50.74015748031496 (Henri
757.7007874015748 461.4803149606299 141.73228346456693 50.74015748031496 de),
846.1417322834645 461.4803149606299 177.4488188976378 50.74015748031496 évêque
970.2992125984252 461.4803149606299 106.2992125984252 50.74015748031496 de
1005.7322834645669 461.4803149606299 212.88188976377953 50.74015748031496 Marseille.

1021.8897637795276 511.65354330708664 122.1732283464567 35.43307086614173 N.
1083.1181102362204 511.65354330708664 183.11811023622047 35.43307086614173 1671.
1205.291338582677 511.65354330708664 122.1732283464567 35.43307086614173 M.
1245.8267716535433 511.65354330708664 142.58267716535434 35.43307086614173 1755.

401.38582677165357 548.2204724409448 88.44094488188976 42.51968503937008 L.
445.6062992125984 548.2204724409448 117.92125984251969 42.51968503937008 aut.
519.3070866141733 548.2204724409448 117.92125984251969 42.51968503937008 sig.
592.7244094488188 548.2204724409448 88.44094488188976 42.51968503937008 au
636.9448818897638 548.2204724409448 176.5984251968504 42.51968503937008 cardinal
769.6062992125984 548.2204724409448 88.44094488188976 42.51968503937008 de
813.8267716535433 548.2204724409448 162.14173228346456 42.51968503937008 Fleury.
931.4645669291339 548.2204724409448 88.44094488188976 42.51968503937008 Ce
975.6850393700787 548.2204724409448 88.44094488188976 42.51968503937008 15
1019.9055118110236 548.2204724409448 117.92125984251969 42.51968503937008 août
1093.6062992125985 548.2204724409448 132.66141732283464 42.51968503937008 1739.
1182.0472440944882 548.2204724409448 73.7007874015748 42.51968503937008 3
1211.5275590551182 548.2204724409448 132.66141732283464 42.51968503937008 pages
1284.9448818897638 548.2204724409448 103.18110236220473 42.51968503937008 in

395.7165354330709 581.1023622047244 79.65354330708661 39.68503937007874 Il
435.68503937007875 581.1023622047244 145.98425196850394 39.68503937007874 supplie
541.7007874015748 581.1023622047244 92.97637795275591 39.68503937007874 Son
594.7086614173228 581.1023622047244 172.3464566929134 39.68503937007874 ÉEminence
727.3700787401575 581.1023622047244 172.3464566929134 39.68503937007874 d’écouter
860.0314960629921 581.1023622047244 225.63779527559055 39.68503937007874 favorablement
1045.7007874015749 581.1023622047244 79.65354330708661 39.68503937007874 la
1085.6692913385828 581.1023622047244 225.63779527559055 39.68503937007874 justification
1271.3385826771653 581.1023622047244 92.97637795275591 39.68503937007874 des
1311.023622047244 581.1023622047244 79.65354330708661 39.68503937007874 deux

365.1023622047244 609.1653543307086 182.5511811023622 38.267716535433074 chanoines
505.7007874015748 609.1653543307086 154.48818897637796 38.267716535433074 d’Arras
617.9527559055118 609.1653543307086 98.36220472440945 38.267716535433074 qui
674.0787401574803 609.1653543307086 168.3779527559055 38.267716535433074 viennent
800.2204724409448 609.1653543307086 140.31496062992127 38.267716535433074 d’être
898.5826771653543 609.1653543307086 154.48818897637796 38.267716535433074 exilés,
1010.8346456692914 609.1653543307086 126.4251968503937 38.267716535433074 étant
1095.023622047244 609.1653543307086 252.56692913385828 38.267716535433074 très-innocents
1291.4645669291338 609.1653543307086 98.36220472440945 38.267716535433074 d’une

366.23622047244095 637.511811023622 119.90551181102362 39.968503937007874 faute
446.1732283464567 637.511811023622 93.25984251968504 39.968503937007874 que
499.46456692913387 637.511811023622 159.8740157480315 39.968503937007874 l'esprit
619.0866141732283 637.511811023622 79.93700787401575 39.968503937007874 de
659.0551181102362 637.511811023622 119.90551181102362 39.968503937007874 parti
738.992125984252 637.511811023622 106.58267716535433 39.968503937007874 leur
805.6062992125984 637.511811023622 66.61417322834646 39.968503937007874 a
832.2519685039371 637.511811023622 159.8740157480315 39.968503937007874 imputée;
951.8740157480315 637.511811023622 106.58267716535433 39.968503937007874 leur
1018.488188976378 637.511811023622 172.91338582677164 39.968503937007874 punition,
1151.716535433071 637.511811023622 146.5511811023622 39.968503937007874 faisant
1244.6929133858268 637.511811023622 146.5511811023622 39.968503937007874 triompher

367.93700787401576 665.2913385826772 86.74015748031496 37.41732283464567 les
417.54330708661416 665.2913385826772 136.3464566929134 37.41732283464567 ennemis
516.7559055118111 665.2913385826772 74.55118110236221 37.41732283464567 de
554.1732283464567 665.2913385826772 161.29133858267716 37.41732283464567 l'Eglise,
678.0472440944882 665.2913385826772 99.21259842519684 37.41732283464567 fait
740.1259842519685 665.2913385826772 111.68503937007874 37.41732283464567 grand
814.3937007874016 665.2913385826772 99.21259842519684 37.41732283464567 tort
876.4724409448819 665.2913385826772 62.07874015748032 37.41732283464567 à
901.4173228346457 665.2913385826772 74.55118110236221 37.41732283464567 la
938.5511811023622 665.2913385826772 161.29133858267716 37.41732283464567 religion,
1050.236220472441 665.2913385826772 74.55118110236221 37.41732283464567 etc.

276.09448818897636 696.7559055118111 123.8740157480315 57.826771653543304 21.
346.6771653543307 696.7559055118111 354.0472440944882 57.826771653543304 BÉRANGER,
647.7165354330708 696.7559055118111 159.30708661417322 57.826771653543304 notre
754.0157480314961 696.7559055118111 159.30708661417322 57.826771653543304 poëte
860.3149606299213 696.7559055118111 230.17322834645668 57.826771653543304 national.
1037.4803149606298 696.7559055118111 106.2992125984252 57.826771653543304 N.
1072.9133858267717 696.7559055118111 123.8740157480315 57.826771653543304 1780.

403.37007874015745 748.3464566929134 85.60629921259843 42.51968503937008 L.
446.1732283464567 748.3464566929134 114.23622047244095 42.51968503937008 aut.
517.6062992125984 748.3464566929134 114.23622047244095 42.51968503937008 sig.
589.0393700787401 748.3464566929134 85.60629921259843 42.51968503937008 au
631.8425196850394 748.3464566929134 185.66929133858267 42.51968503937008 rédacteur
774.7086614173228 748.3464566929134 85.60629921259843 42.51968503937008 du
817.511811023622 748.3464566929134 157.03937007874015 42.51968503937008 journal
931.7480314960629 748.3464566929134 128.69291338582678 42.51968503937008 le
1017.6377952755905 748.3464566929134 214.29921259842519 42.51968503937008 Pilote.
1188.8503937007874 748.3464566929134 85.60629921259843 42.51968503937008 Du
1231.9370078740158 748.3464566929134 85.60629921259843 42.51968503937008 14
1260.283464566929 748.3464566929134 128.69291338582678 42.51968503937008 février

367.93700787401576 783.2125984251968 136.62992125984252 36.28346456692913 1823.
459.21259842519686 783.2125984251968 75.96850393700787 36.28346456692913 2
489.54330708661416 783.2125984251968 167.24409448818898 36.28346456692913 grandes
611.1496062992126 783.2125984251968 136.62992125984252 36.28346456692913 pages
687.1181102362204 783.2125984251968 106.2992125984252 36.28346456692913 in

395.43307086614175 815.8110236220473 163.55905511811022 39.68503937007874 Relative
517.8897637795276 815.8110236220473 68.03149606299213 39.68503937007874 à
545.1023622047244 815.8110236220473 81.63779527559055 39.68503937007874 sa
586.2047244094488 815.8110236220473 108.85039370078741 39.68503937007874 mise
654.2362204724409 815.8110236220473 81.63779527559055 39.68503937007874 en
695.0551181102362 815.8110236220473 163.55905511811022 39.68503937007874 jugement
817.511811023622 815.8110236220473 81.63779527559055 39.68503937007874 en
858.3307086614174 815.8110236220473 136.06299212598427 39.68503937007874 police
953.8582677165355 815.8110236220473 272.40944881889766 39.68503937007874 correctionnelle,
1185.1653543307086 815.8110236220473 108.85039370078741 39.68503937007874 pour
1253.4803149606298 815.8110236220473 81.63779527559055 39.68503937007874 la
1280.6929133858268 815.8110236220473 108.85039370078741 39.68503937007874 saisie

365.1023622047244 843.8740157480315 121.32283464566929 38.83464566929134 d'une
446.1732283464567 843.8740157480315 161.5748031496063 38.83464566929134 nouvelle
567.2125984251968 843.8740157480315 202.11023622047244 38.83464566929134 contrefaçon
729.0708661417323 843.8740157480315 80.78740157480316 38.83464566929134 de
769.3228346456693 843.8740157480315 94.39370078740157 38.83464566929134 ses
823.4645669291339 843.8740157480315 175.1811023622047 38.83464566929134 chansons,
958.1102362204724 843.8740157480315 107.71653543307086 38.83464566929134 dont
1025.5748031496064 843.8740157480315 80.78740157480316 38.83464566929134 on
1065.8267716535433 843.8740157480315 80.78740157480316 38.83464566929134 le
1106.3622047244094 843.8740157480315 107.71653543307086 38.83464566929134 rend
1160.2204724409448 843.8740157480315 229.03937007874015 38.83464566929134 responsable....

364.53543307086613 872.2204724409448 69.16535433070867 40.53543307086614 «
392.31496062992125 872.2204724409448 221.38582677165354 40.53543307086614 C’est-à-dire
572.3149606299213 872.2204724409448 96.94488188976378 40.53543307086614 que
627.5905511811023 872.2204724409448 110.83464566929133 40.53543307086614 moi,
696.7559055118111 872.2204724409448 221.38582677165354 40.53543307086614 propriétaire
876.7559055118111 872.2204724409448 124.7244094488189 40.53543307086614 lésé,
959.8110236220473 872.2204724409448 83.05511811023622 40.53543307086614 je
1001.4803149606299 872.2204724409448 110.83464566929133 40.53543307086614 vais
1070.6456692913387 872.2204724409448 207.7795275590551 40.53543307086614 comparaître
1236.755905511811 872.2204724409448 124.7244094488189 40.53543307086614 comme
1305.9212598425197 872.2204724409448 83.05511811023622 40.53543307086614 pré-

365.6692913385827 901.1338582677165 67.46456692913385 39.968503937007874 «
392.88188976377955 901.1338582677165 107.71653543307086 39.968503937007874 venu
460.06299212598424 901.1338582677165 107.71653543307086 39.968503937007874 avec
527.5275590551181 901.1338582677165 107.71653543307086 39.968503937007874 ceux
594.7086614173228 901.1338582677165 94.39370078740157 39.968503937007874 que
648.5669291338583 901.1338582677165 80.78740157480316 39.968503937007874 je
689.1023622047244 901.1338582677165 134.64566929133858 39.968503937007874 serais
783.2125984251968 901.1338582677165 80.78740157480316 39.968503937007874 en
823.7480314960629 901.1338582677165 121.32283464566929 39.968503937007874 droit
904.5354330708661 901.1338582677165 80.78740157480316 39.968503937007874 de
944.7874015748032 901.1338582677165 202.11023622047244 39.968503937007874 poursuivre,
1106.3622047244094 901.1338582677165 80.78740157480316 39.968503937007874 si
1146.8976377952756 901.1338582677165 80.78740157480316 39.968503937007874 ce
1187.1496062992126 901.1338582677165 121.32283464566929 39.968503937007874 droit
1267.9370078740158 901.1338582677165 80.78740157480316 39.968503937007874 ne
1294.8661417322835 901.1338582677165 94.39370078740157 39.968503937007874 m’eût

367.65354330708664 928.9133858267717 62.36220472440945 32.31496062992126 «
392.59842519685037 928.9133858267717 87.30708661417323 32.31496062992126 été
442.48818897637796 928.9133858267717 162.14173228346456 32.31496062992126 interdit,
567.2125984251968 928.9133858267717 99.77952755905511 32.31496062992126 etc.
629.5748031496063 928.9133858267717 62.36220472440945 32.31496062992126 »
654.8031496062993 928.9133858267717 137.1968503937008 32.31496062992126 Détails
754.5826771653543 928.9133858267717 99.77952755905511 32.31496062992126 très
804.4724409448819 928.9133858267717 124.7244094488189 32.31496062992126 curieux.

277.2283464566929 973.4173228346457 129.54330708661416 49.32283464566929 22.
351.21259842519686 973.4173228346457 333.3543307086614 49.32283464566929 BERNIER
629.007874015748 973.4173228346457 240.9448818897638 49.32283464566929 (L’abbé),
814.3937007874016 973.4173228346457 148.251968503937 49.32283464566929 l’un
907.0866141732283 973.4173228346457 129.54330708661416 49.32283464566929 des
981.0708661417323 973.4173228346457 166.6771653543307 49.32283464566929 chefs
1092.1889763779527 973.4173228346457 129.54330708661416 49.32283464566929 des
1166.4566929133857 973.4173228346457 185.38582677165354 49.32283464566929 armées
1277.5748031496064 973.4173228346457 111.11811023622047 49.32283464566929 ven

407.0551181102362 1018.488188976378 225.63779527559055 49.039370078740156 déennes,
576.2834645669292 1018.488188976378 187.93700787401573 49.039370078740156 depuis
707.8110236220473 1018.488188976378 187.93700787401573 49.039370078740156 évêque
839.3385826771654 1018.488188976378 263.33858267716533 49.039370078740156 d’Orléans.
1046.267716535433 1018.488188976378 112.81889763779527 49.039370078740156 N.
1102.6771653543308 1018.488188976378 169.22834645669292 49.039370078740156 1764.
1215.4960629921259 1018.488188976378 112.81889763779527 49.039370078740156 M.
1253.1968503937007 1018.488188976378 131.5275590551181 49.039370078740156 1806.

403.37007874015745 1060.724409448819 92.40944881889764 41.95275590551181 L.
449.5748031496063 1060.724409448819 200.40944881889763 41.95275590551181 pastorale
603.496062992126 1060.724409448819 123.30708661417323 41.95275590551181 aut.
680.5984251968504 1060.724409448819 123.30708661417323 41.95275590551181 sig.
757.7007874015748 1060.724409448819 92.40944881889764 41.95275590551181 au
803.9055118110236 1060.724409448819 154.20472440944883 41.95275590551181 clergé
911.9055118110236 1060.724409448819 92.40944881889764 41.95275590551181 et
958.1102362204724 1060.724409448819 108.0 41.95275590551181 aux
1019.6220472440945 1060.724409448819 169.51181102362204 41.95275590551181 fidèles
1142.9291338582677 1060.724409448819 92.40944881889764 41.95275590551181 de
1189.1338582677165 1060.724409448819 108.0 41.95275590551181 son
1235.3385826771653 1060.724409448819 154.20472440944883 41.95275590551181 diocèse.

367.37007874015745 1095.023622047244 141.73228346456693 42.23622047244095 Datée
462.0472440944882 1095.023622047244 220.53543307086613 42.23622047244095 d’Orléans,
635.2440944881889 1095.023622047244 94.39370078740157 42.23622047244095 du
682.2992125984252 1095.023622047244 157.3228346456693 42.23622047244095 palais
792.5669291338583 1095.023622047244 220.53543307086613 42.23622047244095 épiscopal.
965.7637795275591 1095.023622047244 94.39370078740157 42.23622047244095 Le
1013.1023622047244 1095.023622047244 78.80314960629921 42.23622047244095 5
1044.5669291338584 1095.023622047244 173.1968503937008 42.23622047244095 février
1170.4251968503936 1095.023622047244 141.73228346456693 42.23622047244095 1806.
1265.1023622047244 1095.023622047244 78.80314960629921 42.23622047244095 2
1280.6929133858268 1095.023622047244 110.26771653543307 42.23622047244095 pages

354.8976377952756 1129.6062992125985 98.07874015748031 25.79527559055118 in

276.09448818897636 1171.8425196850394 129.82677165354332 49.32283464566929 23.
350.0787401574803 1171.8425196850394 370.48818897637796 49.32283464566929 BERNOUILLI
665.007874015748 1171.8425196850394 240.9448818897638 49.32283464566929 (Daniel),
850.3937007874016 1171.8425196850394 185.38582677165354 49.32283464566929 savant
961.511811023622 1171.8425196850394 296.503937007874 49.32283464566929 mathématicien.

1021.3228346456693 1223.716535433071 121.03937007874016 36.0 N.
1081.7007874015749 1223.716535433071 181.70078740157481 36.0 1700.
1203.023622047244 1223.716535433071 121.03937007874016 36.0 M.
1243.275590551181 1223.716535433071 141.4488188976378 36.0 1782.

403.93700787401576 1260.0 96.94488188976378 40.53543307086614 L.
452.40944881889766 1260.0 129.25984251968504 40.53543307086614 aut.
533.1968503937007 1260.0 129.25984251968504 40.53543307086614 sig.
613.7007874015748 1260.0 80.78740157480316 40.53543307086614 à
646.0157480314961 1260.0 96.94488188976378 40.53543307086614 M.
694.488188976378 1260.0 96.94488188976378 40.53543307086614 de
742.9606299212599 1260.0 96.94488188976378 40.53543307086614 La
791.4330708661417 1260.0 225.92125984251967 40.53543307086614 Condamine.
968.8818897637796 1260.0 145.41732283464566 40.53543307086614 Bâle,
1065.8267716535433 1260.0 96.94488188976378 40.53543307086614 18
1114.2992125984251 1260.0 129.25984251968504 40.53543307086614 mars
1195.0866141732283 1260.0 145.41732283464566 40.53543307086614 1754.
1275.5905511811025 1260.0 113.10236220472441 40.53543307086614 Belle

369.9212598425197 1293.4488188976377 147.68503937007873 43.93700787401575 lettre
473.38582677165357 1293.4488188976377 132.9448818897638 43.93700787401575 toute
561.8267716535433 1293.4488188976377 206.64566929133858 43.93700787401575 littéraire
724.2519685039371 1293.4488188976377 88.7244094488189 43.93700787401575 et
768.7559055118111 1293.4488188976377 251.1496062992126 43.93700787401575 scientifique.
975.4015748031496 1293.4488188976377 73.98425196850394 43.93700787401575 3
1004.8818897637796 1293.4488188976377 162.4251968503937 43.93700787401575 grandes
1123.0866141732283 1293.4488188976377 132.9448818897638 43.93700787401575 pages
1211.8110236220473 1293.4488188976377 118.20472440944881 43.93700787401575 in-4
1285.5118110236222 1293.4488188976377 73.98425196850394 43.93700787401575 ;
1300.251968503937 1293.4488188976377 88.7244094488189 43.93700787401575 avec

353.4803149606299 1329.1653543307086 131.5275590551181 26.078740157480315 cachet.

282.0472440944882 1370.5511811023623 121.03937007874016 50.173228346456696 24.
351.21259842519686 1370.5511811023623 276.37795275590554 50.173228346456696 BERRY
575.7165354330708 1370.5511811023623 259.0866141732283 50.173228346456696 (Ch.-Ferd.,
783.2125984251968 1370.5511811023623 121.03937007874016 50.173228346456696 duc
852.0944881889764 1370.5511811023623 138.33070866141733 50.173228346456696 de).
938.5511811023622 1370.5511811023623 103.74803149606299 50.173228346456696 N.
990.4251968503937 1370.5511811023623 155.6220472440945 50.173228346456696 1778.
1094.1732283464567 1370.5511811023623 189.92125984251967 50.173228346456696 Assass.
1232.2204724409448 1370.5511811023623 103.74803149606299 50.173228346456696 en
1266.8031496062993 1370.5511811023623 121.03937007874016 50.173228346456696 1820.

405.07086614173227 1415.9055118110236 98.64566929133858 41.669291338582674 L.
454.3937007874016 1415.9055118110236 131.5275590551181 41.669291338582674 aut.
536.5984251968504 1415.9055118110236 98.64566929133858 41.669291338582674 au
585.9212598425197 1415.9055118110236 147.96850393700788 41.669291338582674 comte
684.5669291338583 1415.9055118110236 98.64566929133858 41.669291338582674 de
733.8897637795276 1415.9055118110236 164.40944881889763 41.669291338582674 Damas.
848.9763779527559 1415.9055118110236 98.64566929133858 41.669291338582674 De
898.2992125984252 1415.9055118110236 213.73228346456693 41.669291338582674 Hartwell,
1062.4251968503936 1415.9055118110236 82.20472440944881 41.669291338582674 2
1095.3070866141732 1415.9055118110236 115.08661417322834 41.669291338582674 mai
1161.0708661417323 1415.9055118110236 147.96850393700788 41.669291338582674 1810.
1243.275590551181 1415.9055118110236 147.96850393700788 41.669291338582674 Détails

370.7716535433071 1449.9212598425197 275.244094488189 36.56692913385827 confidentiels.
600.3779527559055 1449.9212598425197 198.99212598425197 36.56692913385827 Demi-page
737.8582677165355 1449.9212598425197 107.14960629921259 36.56692913385827 in

283.748031496063 1493.5748031496064 129.25984251968504 51.30708661417323 25.
357.4488188976378 1493.5748031496064 350.92913385826773 51.30708661417323 BERTHIER
653.1023622047244 1493.5748031496064 295.37007874015745 51.30708661417323 (Alexandre),
893.1968503937007 1493.5748031496064 184.8188976377953 51.30708661417323 prince
1022.4566929133858 1493.5748031496064 110.83464566929133 51.30708661417323 de
1077.732283464567 1493.5748031496064 258.5196850393701 51.30708661417323 Neufchâlel
1280.976377952756 1493.5748031496064 110.83464566929133 51.30708661417323 et
1317.8267716535433 1493.5748031496064 73.98425196850394 51.30708661417323 de

409.8897637795276 1538.9291338582677 234.14173228346456 47.90551181102362 Wagram,
580.2519685039371 1538.9291338582677 255.4015748031496 47.90551181102362 maréchal
771.5905511811023 1538.9291338582677 127.84251968503936 47.90551181102362 de
835.6535433070866 1538.9291338582677 234.14173228346456 47.90551181102362 France.
1005.7322834645669 1538.9291338582677 127.84251968503936 47.90551181102362 N.
1069.7952755905512 1538.9291338582677 191.6220472440945 47.90551181102362 1759.
1197.3543307086613 1538.9291338582677 127.84251968503936 47.90551181102362 M.
1239.8740157480315 1538.9291338582677 149.10236220472441 47.90551181102362 1815.

409.3228346456693 1582.5826771653544 87.8740157480315 43.37007874015748 L.
453.25984251968504 1582.5826771653544 117.07086614173228 43.37007874015748 aut.
526.6771653543307 1582.5826771653544 117.07086614173228 43.37007874015748 sig.
599.8110236220473 1582.5826771653544 87.8740157480315 43.37007874015748 au
643.7480314960629 1582.5826771653544 234.4251968503937 43.37007874015748 maréchal....
834.2362204724409 1582.5826771653544 146.5511811023622 43.37007874015748 Munich
936.8503937007874 1582.5826771653544 73.13385826771653 43.37007874015748 ,
966.0472440944882 1582.5826771653544 87.8740157480315 43.37007874015748 13
1009.9842519685039 1582.5826771653544 161.29133858267716 43.37007874015748 février
1127.3385826771653 1582.5826771653544 146.5511811023622 43.37007874015748 1806.1
1229.9527559055118 1582.5826771653544 117.07086614173228 43.37007874015748 page
1288.3464566929133 1582.5826771653544 102.61417322834646 43.37007874015748 in

401.38582677165357 1615.1811023622047 118.77165354330708 40.25196850393701 Comme
480.755905511811 1615.1811023622047 118.77165354330708 40.25196850393701 c'est
559.8425196850394 1615.1811023622047 158.45669291338584 40.25196850393701 toujours
678.6141732283464 1615.1811023622047 79.08661417322834 40.25196850393701 le
718.2992125984252 1615.1811023622047 105.44881889763779 40.25196850393701 plus
784.3464566929134 1615.1811023622047 105.44881889763779 40.25196850393701 tard
850.1102362204724 1615.1811023622047 158.45669291338584 40.25196850393701 possible
968.8818897637796 1615.1811023622047 118.77165354330708 40.25196850393701 qu’il
1048.251968503937 1615.1811023622047 105.44881889763779 40.25196850393701 fait
1114.015748031496 1615.1811023622047 118.77165354330708 40.25196850393701 usage
1193.3858267716535 1615.1811023622047 92.40944881889764 40.25196850393701 des
1246.1102362204724 1615.1811023622047 132.09448818897638 40.25196850393701 choses
1325.1968503937007 1615.1811023622047 66.04724409448819 40.25196850393701 qui

375.87401574803147 1642.3937007874015 138.33070866141733 42.23622047244095 peuvent
476.2204724409449 1642.3937007874015 150.8031496062992 42.23622047244095 affliger
589.3228346456693 1642.3937007874015 87.8740157480315 42.23622047244095 ses
639.7795275590552 1642.3937007874015 176.03149606299212 42.23622047244095 camarades,
777.8267716535433 1642.3937007874015 75.4015748031496 42.23622047244095 il
815.5275590551181 1642.3937007874015 75.4015748031496 42.23622047244095 le
853.2283464566929 1642.3937007874015 100.62992125984252 42.23622047244095 prie
916.1574803149606 1642.3937007874015 75.4015748031496 42.23622047244095 de
953.8582677165355 1642.3937007874015 176.03149606299212 42.23622047244095 considérer
1092.1889763779527 1642.3937007874015 100.62992125984252 42.23622047244095 tout
1155.1181102362204 1642.3937007874015 75.4015748031496 42.23622047244095 ce
1192.8188976377953 1642.3937007874015 113.10236220472441 42.23622047244095 qu’il
1268.2204724409448 1642.3937007874015 87.8740157480315 42.23622047244095 lui
1318.3937007874015 1642.3937007874015 62.92913385826772 42.23622047244095 a
1330.8661417322835 1642.3937007874015 62.92913385826772 42.23622047244095 dit

374.1732283464567 1670.740157480315 193.03937007874015 34.01574803149607 concernant
526.1102362204724 1670.740157480315 82.77165354330708 34.01574803149607 le
567.496062992126 1670.740157480315 151.6535433070866 34.01574803149607 général
677.7637795275591 1670.740157480315 110.26771653543307 34.01574803149607 G...
746.6456692913385 1670.740157480315 124.15748031496064 34.01574803149607 comme
829.4173228346457 1670.740157480315 96.66141732283465 34.01574803149607 nul
884.6929133858267 1670.740157480315 82.77165354330708 34.01574803149607 et
926.0787401574803 1670.740157480315 96.66141732283465 34.01574803149607 non
967.4645669291339 1670.740157480315 110.26771653543307 34.01574803149607 avenu.

287.1496062992126 1710.1417322834645 122.74015748031496 54.70866141732284 26.
357.1653543307087 1710.1417322834645 297.6377952755906 54.70866141732284 BERTON
602.3622047244095 1710.1417322834645 350.3622047244094 54.70866141732284 (Jean-Baptiste),
900.2834645669292 1710.1417322834645 192.75590551181102 54.70866141732284 général
1040.3149606299212 1710.1417322834645 105.16535433070867 54.70866141732284 de
1093.0393700787401 1710.1417322834645 105.16535433070867 54.70866141732284 la
1145.4803149606298 1710.1417322834645 245.1968503937008 54.70866141732284 République
1320.6614173228347 1710.1417322834645 70.01574803149606 54.70866141732284 et

417.8267716535433 1754.9291338582677 108.0 50.74015748031496 de
471.9685039370079 1754.9291338582677 234.14173228346456 50.74015748031496 l’Empire;
652.2519685039371 1754.9291338582677 216.28346456692913 50.74015748031496 entraîné
814.3937007874016 1754.9291338582677 144.28346456692913 50.74015748031496 dans
904.5354330708661 1754.9291338582677 108.0 50.74015748031496 la
958.3937007874016 1754.9291338582677 288.2834645669291 50.74015748031496 conspiration
1192.8188976377953 1754.9291338582677 108.0 50.74015748031496 de
1228.8188976377953 1754.9291338582677 162.14173228346456 50.74015748031496 Saumur,

419.81102362204723 1799.1496062992126 121.60629921259843 49.32283464566929 par
489.25984251968504 1799.1496062992126 121.60629921259843 49.32283464566929 des
558.7086614173228 1799.1496062992126 173.76377952755905 49.32283464566929 agents
680.5984251968504 1799.1496062992126 295.65354330708664 49.32283464566929 provocateurs,
924.0944881889764 1799.1496062992126 104.31496062992126 49.32283464566929 il
976.2519685039371 1799.1496062992126 121.60629921259843 49.32283464566929 fut
1045.7007874015749 1799.1496062992126 191.33858267716536 49.32283464566929 arrêté,
1184.8818897637796 1799.1496062992126 156.4724409448819 49.32283464566929 livré
1289.1968503937007 1799.1496062992126 87.02362204724409 49.32283464566929 à
1306.4881889763778 1799.1496062992126 87.02362204724409 49.32283464566929 une

420.09448818897636 1842.8031496062993 266.74015748031496 47.62204724409449 commission
629.5748031496063 1842.8031496062993 266.74015748031496 47.62204724409449 militaire,
839.3385826771654 1842.8031496062993 228.75590551181102 47.62204724409449 condamné
1010.8346456692914 1842.8031496062993 95.24409448818898 47.62204724409449 à
1048.8188976377953 1842.8031496062993 152.50393700787401 47.62204724409449 mort
1144.0629921259842 1842.8031496062993 114.23622047244095 47.62204724409449 et
1201.3228346456692 1842.8031496062993 209.48031496062993 47.62204724409449 exécuté
1334.5511811023623 1842.8031496062993 57.25984251968504 47.62204724409449 à

418.3937007874016 1885.3228346456692 210.33070866141733 35.71653543307087 Poitiers
576.2834645669292 1885.3228346456692 105.16535433070867 35.71653543307087 en
611.1496062992126 1885.3228346456692 122.74015748031496 35.71653543307087 1822.

414.70866141732284 1928.4094488188975 87.59055118110236 44.22047244094488 L.
458.3622047244094 1928.4094488188975 116.78740157480316 44.22047244094488 aut.
531.2125984251968 1928.4094488188975 116.78740157480316 44.22047244094488 sig.
604.0629921259842 1928.4094488188975 87.59055118110236 44.22047244094488 au
648.0 1928.4094488188975 102.04724409448819 44.22047244094488 duc
706.1102362204724 1928.4094488188975 87.59055118110236 44.22047244094488 de
750.0472440944882 1928.4094488188975 160.44094488188978 44.22047244094488 Feltre,
866.5511811023622 1928.4094488188975 174.89763779527559 44.22047244094488 ministre
997.7952755905512 1928.4094488188975 87.59055118110236 44.22047244094488 de
1041.4488188976377 1928.4094488188975 87.59055118110236 44.22047244094488 la
1085.3858267716535 1928.4094488188975 160.44094488188978 44.22047244094488 guerre.
1201.8897637795276 1928.4094488188975 87.59055118110236 44.22047244094488 De
1245.8267716535433 1928.4094488188975 87.59055118110236 44.22047244094488 la
1274.740157480315 1928.4094488188975 116.78740157480316 44.22047244094488 maison

378.99212598425197 1962.1417322834645 168.3779527559055 43.93700787401575 d’arrêt
501.4488188976378 1962.1417322834645 91.84251968503936 43.93700787401575 de
547.3700787401575 1962.1417322834645 198.99212598425197 43.93700787401575 l’Abbaye,
700.4409448818898 1962.1417322834645 76.53543307086615 43.93700787401575 8
731.0551181102362 1962.1417322834645 107.14960629921259 43.93700787401575 mai
792.2834645669292 1962.1417322834645 137.76377952755905 43.93700787401575 1816.
883.8425196850394 1962.1417322834645 76.53543307086615 43.93700787401575 1
914.4566929133858 1962.1417322834645 153.0708661417323 43.93700787401575 grande
1021.6062992125984 1962.1417322834645 122.45669291338582 43.93700787401575 page
1098.1417322834645 1962.1417322834645 91.84251968503936 43.93700787401575 et
1144.0629921259842 1962.1417322834645 137.76377952755905 43.93700787401575 demie
1220.5984251968505 1962.1417322834645 137.76377952755905 43.93700787401575 in

411.59055118110234 1995.3070866141732 85.32283464566929 42.51968503937008 Il
454.1102362204724 1995.3070866141732 156.18897637795277 42.51968503937008 demande
567.7795275590552 1995.3070866141732 127.84251968503936 42.51968503937008 qu'on
653.1023622047244 1995.3070866141732 127.84251968503936 42.51968503937008 mette
738.4251968503937 1995.3070866141732 85.32283464566929 42.51968503937008 un
780.9448818897638 1995.3070866141732 127.84251968503936 42.51968503937008 terme
866.2677165354331 1995.3070866141732 71.14960629921259 42.51968503937008 à
894.6141732283464 1995.3070866141732 85.32283464566929 42.51968503937008 sa
937.4173228346457 1995.3070866141732 198.99212598425197 42.51968503937008 détention,
1093.6062992125985 1995.3070866141732 99.49606299212599 42.51968503937008 qui
1150.5826771653544 1995.3070866141732 113.66929133858268 42.51968503937008 dure
1221.4488188976377 1995.3070866141732 142.01574803149606 42.51968503937008 depuis
1306.7716535433071 1995.3070866141732 85.32283464566929 42.51968503937008 cinq

378.99212598425197 2023.3700787401574 113.95275590551181 25.511811023622048 mois.
454.96062992125985 2023.3700787401574 113.95275590551181 25.511811023622048 Belle
518.1732283464567 2023.3700787401574 113.95275590551181 25.511811023622048 lettre.
