5866 9058
2574 665 532 118 —
2786 665 638 118 10
2999 665 319 118 —

991 883 489 154 58.
1271 883 1258 154 <b>CANNING</b>
2319 883 908 154 (George),
3017 883 838 154 ministre
3646 883 838 154 anglais.
4275 883 419 154 M.
4415 883 489 154 1827.

1444 1040 331 123 L.
1609 1040 441 123 aut.
1885 1040 441 123 sig.
2160 1040 386 123 (en
2381 1040 716 123 anglais),
2932 1040 275 123 à
3042 1040 496 123 M....
3372 1040 331 123 De
3538 1040 606 123 Calais,
3978 1040 331 123 26
4144 1040 606 123 octobre
4529 1040 386 123 1815,

1317 1163 258 114 3
1421 1163 464 114 pages
1678 1163 361 114 in

1000 1357 455 140 59.
1260 1357 1106 140 <b>CANOVA</b>
2171 1357 911 140 (Antoine),
2886 1357 651 140 célèb.
3342 1357 585 140 stat.
3732 1357 390 140 N.
3927 1357 585 140 1757.
4318 1357 390 140 M.
4448 1357 455 140 1822.

1436 1510 311 129 L.
1592 1510 415 129 aut.
1851 1510 415 129 sig.
2110 1510 363 129 (en
2317 1510 674 129 italien),
2835 1510 259 129 à
2939 1510 311 129 M.
3094 1510 311 129 le
3250 1510 674 129 chevalier
3768 1510 725 129 Quatremère
4338 1510 311 129 de
4442 1510 466 129 Quincy,

1311 1635 509 119 Rome,
1651 1635 339 119 25
1820 1635 735 119 septembre
2386 1635 509 119 1818.
2725 1635 283 119 1
2838 1635 565 119 grande
3234 1635 452 119 page
3460 1635 396 119 in

1001 1809 415 154 60.
1238 1809 1007 154 <b>CAPPEL</b>
2067 1809 829 154 (Jacques),
2718 1809 829 154 professeur
3370 1809 711 154 d’hébreu
3903 1809 355 154 et
4081 1809 355 154 de
4199 1809 711 154 théologie,

1458 1958 654 155 auteur
1915 1958 523 155 d’un
2242 1958 588 155 grand
2634 1958 654 155 nombre
3092 1958 915 155 d’ouvrages
3811 1958 392 155 de
3942 1958 784 155 théologie.

3632 2123 427 116 N.
3845 2123 641 116 1570.
4272 2123 427 116 M.
4415 2123 498 116 1624.

1441 2266 488 125 Pièce
1766 2266 380 125 aut
1983 2266 488 125 sig.,
2308 2266 488 125 datée
2634 2266 325 125 de
2797 2266 542 125 Sédan,
3176 2266 271 125 7
3285 2266 380 125 mai
3447 2266 380 125 1610.

996 2443 428 146 61.
1241 2443 1285 146 <b>CARACCIOLI</b>
2342 2443 918 146 (Louis-Ant.
3076 2443 367 146 ),
3259 2443 795 146 littérat.
3871 2443 367 146 N.
4055 2443 489 146 1721
4360 2443 367 146 M.
4483 2443 428 146 1808.

1436 2596 360 123 L.
1616 2596 480 123 aut.
1916 2596 540 123 sig.,
2277 2596 300 123 à
2397 2596 601 123 madame
2817 2596 360 123 la
2997 2596 721 123 marquise
3538 2596 360 123 de
3718 2596 841 123 Pompadour.
4318 2596 601 123 Londres,

1322 2717 366 120 1er
1531 2717 627 120 décembre
2001 2717 470 120 1758.
2314 2717 679 120 Précieuse
2836 2717 313 120 et
2993 2717 627 120 curieuse
3463 2717 574 120 lettre.
3881 2717 261 120 4
3985 2717 470 120 pages
4246 2717 366 120 in

1414 2836 222 111 «
1502 2836 356 111 J’ai
1725 2836 489 111 balancé
2080 2836 578 111 longtemps
2525 2836 400 111 entre
2792 2836 267 111 la
2925 2836 489 111 crainte
3281 2836 267 111 de
3414 2836 356 111 vous
3637 2836 534 111 déplaire
4037 2836 267 111 et
4170 2836 267 111 le
4304 2836 400 111 désir
4570 2836 267 111 de
4659 2836 267 111 vous

1317 2933 237 108 «
1411 2933 617 108 instruire
1886 2933 380 108 d’un
2124 2933 427 108 tissu
2409 2933 285 108 de
2551 2933 617 108 mensonges
3026 2933 570 108 affreux,
3454 2933 332 108 que
3644 2933 285 108 la
3786 2933 570 108 calomnie
4214 2933 285 108 la
4356 2933 380 108 plus
4546 2933 380 108 atroce

1315 3033 226 112 «
1405 3033 271 112 et
1540 3033 271 112 la
1676 3033 496 112 licence
2037 3033 271 112 la
2172 3033 361 112 plus
2398 3033 541 112 effrénée
2804 3033 541 112 viennent
3210 3033 271 112 de
3345 3033 496 112 publier
3706 3033 316 112 ici
3886 3033 361 112 sous
4112 3033 271 112 le
4247 3033 406 112 litre
4473 3033 451 112 spécieux

1312 3131 231 110 «
1404 3131 786 110 d'<i>Histoire
2051 3131 277 110 de
2190 3131 462 110 madame
2513 3131 277 110 la
2652 3131 554 110 marquise
3068 3131 277 110 de
3206 3131 832 110 Pompadour</i>.
3899 3131 277 110 Il
4038 3131 323 110 n’y
4223 3131 231 110 a
4269 3131 647 110 certainement

1314 3229 225 114 «
1404 3229 315 114 que
1584 3229 586 114 l’intérêt
2035 3229 315 114 que
2215 3229 270 114 je
2350 3229 451 114 prends
2665 3229 225 114 à
2756 3229 405 114 votre
3026 3229 496 114 gloire,
3386 3229 270 114 et
3521 3229 766 114 l’indignation
4152 3229 315 114 que
4332 3229 315 114 m’a
4467 3229 451 114 inspirée

1309 3327 228 116 «
1401 3327 274 116 le
1537 3327 456 116 projet
1856 3327 410 116 d’une
2130 3327 410 116 plume
2404 3327 456 116 vendue
2723 3327 228 116 à
2814 3327 638 116 l’iniquité
3315 3327 365 116 pour
3543 3327 274 116 la
3680 3327 547 116 flétrir,
4090 3327 319 116 qui
4273 3327 501 116 m’aient
4592 3327 319 116 enfin

1390 3430 244 111 «
1488 3430 635 111 déterminé
1977 3430 244 111 à
2074 3430 391 111 vous
2319 3430 489 111 donner
2661 3430 391 111 avis
2905 3430 293 111 de
3052 3430 293 111 la
3198 3430 733 111 publication
3785 3430 293 111 de
3932 3430 293 111 ce
4078 3430 538 111 libelle
4420 3430 489 111 diffama-

1312 3533 205 97 «
1394 3533 411 97 toire,
1682 3533 329 97 etc.
1846 3533 123 97 »

988 3687 455 136 62.
1248 3687 1171 136 <b>CARNOT</b>,
2224 3687 976 136 convention,
3005 3687 390 136 et
3200 3687 716 136 minist.
3720 3687 390 136 N.
3915 3687 585 136 1753.
4306 3687 390 136 M.
4436 3687 455 136 1823.

1429 3838 276 125 L
1539 3838 441 125 aut.
1815 3838 496 125 sig.,
2146 3838 276 125 à
2256 3838 386 125 mon
2477 3838 441 125 cher
2752 3838 331 125 et
2918 3838 551 125 ancien
3304 3838 717 125 confrère.
3855 3838 551 125 Paris.
4241 3838 331 125 25
4352 3838 551 125 pluviôse

1305 3963 304 124 an
1457 3963 405 124 VIII
1711 3963 304 124 de
1863 3963 304 124 la
2015 3963 608 124 Républ.,
2471 3963 405 124 lors
2724 3963 304 124 de
2876 3963 355 124 son
3079 3963 507 124 retour
3434 3963 304 124 de
3586 3963 557 124 l’exil.
3991 3963 253 124 1
4093 3963 405 124 page
4295 3963 355 124 in

1403 4078 236 109 «
1497 4078 284 109 Il
1639 4078 284 109 le
1781 4078 567 109 remercie
2207 4078 378 109 dans
2443 4078 331 109 les
2632 4078 473 109 termes
2963 4078 331 109 les
3152 4078 378 109 plus
3389 4078 662 109 affectueux
3909 4078 284 109 de
4051 4078 615 109 l’intérêt
4524 4078 426 109 qu’il
4760 4078 142 109 a

1303 4179 247 108 «
1401 4179 395 108 bien
1648 4179 444 108 voulu
1944 4179 543 108 prendre
2339 4179 247 108 à
2438 4179 346 108 son
2635 4179 543 108 retour.
3030 4179 296 108 Il
3178 4179 346 108 n’a
3376 4179 494 108 jamais
3721 4179 444 108 douté
4017 4179 346 108 que
4215 4179 346 108 les
4363 4179 543 108 personnes

1304 4277 231 110 «
1396 4277 554 110 honnêtes
1812 4277 277 110 et
1950 4277 323 110 les
2135 4277 647 110 véritables
2643 4277 369 110 amis
2874 4277 277 110 de
3013 4277 277 110 la
3151 4277 554 110 liberté,
3567 4277 277 110 ne
3705 4277 554 110 prissent
4121 4277 369 110 part
4352 4277 231 110 à
4444 4277 323 110 son
4583 4277 323 110 sort,

1311 4377 227 109 «
1401 4377 273 109 et
1538 4377 273 109 il
1674 4377 227 109 a
1765 4377 363 109 fort
1992 4377 227 109 à
2083 4377 363 109 cœur
2310 4377 273 109 de
2446 4377 273 109 se
2583 4377 500 109 montrer
2946 4377 409 109 digne
3219 4377 273 109 de
3355 4377 363 109 leur
3582 4377 545 109 intérêt.
3946 4377 136 109 »

983 4545 459 148 63.
1246 4545 1246 148 <b>CAROLINE</b>
2295 4545 393 148 DE
2491 4545 918 148 BRUNSWICK,
3212 4545 590 148 reine
3606 4545 1115 148 d’Angleterre,
4458 4545 459 148 femme

1321 4702 672 147 de
1657 4702 1119 147 George
2440 4702 784 147 IV.
2888 4702 672 147 N.
3224 4702 1007 147 1768.
3896 4702 672 147 M.
4119 4702 784 147 1821.

1435 4854 326 121 L.
1598 4854 435 121 aut.
1870 4854 489 121 sig.,
2196 4854 326 121 au
2359 4854 544 121 prince
2740 4854 598 121 Lucien.
3175 4854 489 121 Rome,
3501 4854 489 121 lundi
3827 4854 272 121 2
3936 4854 435 121 juin
4208 4854 489 121 1817.
4534 4854 272 121 1
4589 4854 326 121 page

1309 4973 333 94 et
1476 4973 500 94 demie
1754 4973 389 94 in

1411 5090 377 107 Elle
1647 5090 330 107 est
1835 5090 424 107 enfin
2118 5090 519 107 arrivée
2496 5090 236 107 à
2590 5090 377 107 Rome
2826 5090 424 107 après
3109 5090 377 107 bien
3345 5090 330 107 des
3533 5090 707 107 difficultés
4099 5090 283 107 de
4241 5090 424 107 toute
4477 5090 424 107 nature,

1301 5187 261 114 et
1431 5187 348 114 elle
1648 5187 435 114 espère
1953 5187 478 114 qu’elle
2301 5187 348 114 aura
2518 5187 261 114 le
2649 5187 478 114 plaisir
2997 5187 261 114 de
3127 5187 261 114 le
3257 5187 348 114 voir
3475 5187 261 114 le
3605 5187 609 114 lendemain,
4084 5187 391 114 ainsi
4345 5187 304 114 que
4519 5187 261 114 la
4606 5187 304 114 prin-

1294 5287 465 114 cesse
1604 5287 362 114 son
1811 5287 568 114 épouse,
2224 5287 413 114 pour
2482 5287 517 114 divers
2844 5287 826 114 arrangements
3515 5287 620 114 relatifs
3980 5287 258 114 à
4084 5287 310 114 la
4239 5287 517 114 maison
4548 5287 362 114 Fras-

1312 5391 360 81 cati,
1512 5391 240 81 etc.

984 5543 434 152 64.
1232 5543 1179 152 <b>CARTEAUX</b>
2225 5543 1241 152 (Jean-François),
3279 5543 682 152 général
3775 5543 372 152 de
3962 5543 372 152 la
4086 5543 806 152 République.

1421 5698 280 119 L
1533 5698 449 119 aut.
1813 5698 505 119 sig.,
2150 5698 280 119 à
2262 5698 336 119 M.
2430 5698 617 119 Pétion,
2879 5698 505 119 maire
3216 5698 336 119 de
3384 5698 561 119 Paris,
3776 5698 336 119 ce
3945 5698 280 119 8
4057 5698 673 119 novembre
4505 5698 393 119 1792,

1300 5817 412 124 l’an
1557 5817 309 124 IV
1711 5817 309 124 de
1865 5817 309 124 la
2020 5817 617 124 liberté.
2483 5817 257 124 1
2586 5817 514 124 grande
2946 5817 412 124 page
3203 5817 669 124 in-folio,
3718 5817 566 124 cachet;
4129 5817 412 124 avec
4335 5817 566 124 apostille

1304 5941 303 124 de
1456 5941 404 124 cinq
1709 5941 505 124 lignes
2062 5941 404 124 aut.
2315 5941 404 124 sig.
2567 5941 303 124 de
2719 5941 556 124 Pétion,
3123 5941 303 124 et
3275 5941 354 124 une
3477 5941 303 124 de
3628 5941 505 124 quatre
3982 5941 556 124 lignes,
4386 5941 404 124 aut.
4588 5941 303 124 sig.

1309 6063 298 93 de
1409 6063 496 93 Brissot.

982 6237 479 148 65.
1255 6237 1368 148 <b>CASTELNAU</b>
2418 6237 479 148 (Le
2692 6237 821 148 maréchal
3308 6237 547 148 de).
3650 6237 410 148 N.
3855 6237 616 148 1619.
4265 6237 410 148 M.
4402 6237 479 148 1658.

1421 6392 341 119 L.
1592 6392 455 119 aut.
1876 6392 512 119 sig.,
2217 6392 341 119 au
2388 6392 682 119 maréchal
2900 6392 626 119 Fabert,
3355 6392 796 119 gouverneur
3980 6392 341 119 de
4151 6392 569 119 Sédan.
4549 6392 341 119 De
4663 6392 227 119 la

1295 6513 638 122 Cassine,
1773 6513 319 122 15
1933 6513 691 122 septembre
2464 6513 478 122 1552.
2783 6513 585 122 Détails
3208 6513 797 122 militaires.
3846 6513 266 122 7
3952 6513 478 122 pages
4218 6513 372 122 in

977 6675 499 182 66.
1262 6675 1140 182 <b>CATHERINE
2188 6675 428 182 DE
2402 6675 1069 182 MÉDICIS</b>
3257 6675 641 182 reine
3685 6675 428 182 de
3898 6675 784 182 France,
4397 6675 499 182 femme

1403 6860 673 121 de
1739 6860 1009 121 Henri
2412 6860 785 121 II.
2860 6860 673 121 N.
3196 6860 1009 121 1519.
3869 6860 673 121 M.
4093 6860 785 121 1589.

1425 7012 259 121 L
1529 7012 415 121 aut.
1788 7012 466 121 sig.,
2099 7012 259 121 à
2202 7012 311 121 M.
2358 7012 311 121 de
2513 7012 674 121 Villeroy,
3032 7012 415 121 sans
3291 7012 466 121 date.
3602 7012 363 121 Une
3809 7012 518 121 grande
4172 7012 415 121 page
4379 7012 518 121 in

1296 7134 461 120 d'une
1603 7134 615 120 parfaite
2064 7134 871 120 conservation.
2781 7134 307 120 On
2935 7134 256 120 y
3037 7134 256 120 a
3139 7134 461 120 joint
3447 7134 307 120 la
3600 7134 461 120 copie
3856 7134 615 120 littérale.

1399 7252 527 109 Détails
1782 7252 671 109 importants
2309 7252 287 109 et
2453 7252 383 109 fort
2693 7252 527 109 curieux
3076 7252 335 109 sur
3267 7252 335 109 les
3459 7252 671 109 événements
3986 7252 287 109 du
4082 7252 383 109 temps.
