5866 9087
1179 1794 620 227 Nous
1566 1794 853 227 mettons
2186 1794 930 227 toujours
2884 1794 465 227 le
3116 1794 620 227 même
3504 1794 930 227 scrupule
4201 1794 388 227 à
4356 1794 465 227 ne
4511 1794 465 227 nous

1026 1990 918 235 présenter
1732 1990 706 235 devant
2226 1990 423 235 le
2438 1990 706 235 public
2932 1990 494 235 que
3214 1990 776 235 lorsque
3779 1990 565 235 nous
4132 1990 635 235 avons
4556 1990 353 235 à
4626 1990 353 235 lui

1029 2200 670 234 offrir
1498 2200 469 234 des
1766 2200 670 234 pièces
2236 2200 670 234 dignes
2705 2200 402 234 de
2906 2200 469 234 son
3174 2200 938 234 attention.
3911 2200 536 234 Pour
4247 2200 536 234 être
4515 2200 469 234 moins

1026 2392 972 237 nombreuse
1774 2392 523 237 que
2073 2392 673 237 celle
2521 2392 598 237 dont
2895 2392 598 237 nous
3269 2392 673 237 avons
3717 2392 598 237 fait
4091 2392 449 237 la
4315 2392 673 237 vente
4689 2392 299 237 le

1029 2590 354 230 6
1171 2590 779 230 février
1737 2590 850 230 dernier,
2375 2590 425 230 la
2587 2590 991 230 Collection
3366 2590 567 230 dont
3720 2590 567 230 nous
4074 2590 850 230 publions
4641 2590 354 230 au-

1037 2788 970 235 jourd’hui
1784 2788 448 235 le
2007 2788 970 235 catalogue
2754 2788 597 235 n’en
3127 2788 522 235 est
3425 2788 522 235 pas
3724 2788 672 235 moins
4171 2788 821 235 remplie
4694 2788 298 235 de

1040 2986 554 231 noms
1386 2986 970 231 illustres,
2148 2986 416 231 de
2356 2986 900 231 documents
3048 2986 1039 231 historiques
3879 2986 416 231 et
4018 2986 970 231 littéraires,

1037 3184 403 238 de
1238 3184 941 238 curiosités
1977 3184 470 238 qui
2246 3184 806 238 méritent
2851 3184 605 238 place
3254 3184 538 238 dans
3590 3184 403 238 le
3792 3184 739 238 cabinet
4329 3184 470 238 des
4531 3184 470 238 vrais

975 3445 1028 134 connaisseurs.

1199 3580 455 239 On
1427 3580 1061 239 remarquera
2260 3580 682 239 entre
2715 3580 758 239 toutes
3246 3580 531 239 les
3549 3580 758 239 pièces
4079 3580 531 239 qui
4383 3580 455 239 la
4534 3580 455 239 com

965 3879 684 142 posent:

1208 3982 642 223 Parmi
1636 3982 500 223 les
1921 3982 571 223 rois
2278 3982 428 223 et
2493 3982 714 223 reines
2992 3982 428 223 de
3206 3982 785 223 France,
3777 3982 785 223 princes
4349 3982 428 223 et
4491 3982 500 223 prin-

1043 4176 820 219 cesses:
1640 4176 671 219 Louis
2087 4176 522 219 XI,
2385 4176 894 219 François
3056 4176 596 219 Ier,
3429 4176 671 219 Henri
3876 4176 596 219 III,
4249 4176 671 219 Henri
4621 4176 373 219 IV,

1046 4372 637 219 Louis
1471 4372 637 219 XIII,
1896 4372 637 219 Louis
2320 4372 566 219 XIV,
2674 4372 637 219 Louis
3099 4372 495 219 XV,
3382 4372 637 219 Louis
3807 4372 566 219 XVI,
4161 4372 637 219 Louis
4515 4372 495 219 XVIII

1053 4568 432 233 et
1269 4568 791 233 Charles
1844 4568 432 233 X;
2060 4568 647 233 Loyse
2492 4568 432 233 de
2707 4568 791 233 Savoie;
3283 4568 503 233 les
3570 4568 719 233 reines
4074 4568 935 233 Catherine
4721 4568 288 233 et

1056 4770 647 237 Marie
1488 4770 432 237 de
1703 4770 863 237 Médicis,
2351 4770 1007 237 Marguerite
3142 4770 432 237 de
3358 4770 719 237 Valois
3861 4770 432 237 et
4077 4770 647 237 Marie
4437 4770 575 237 Antoi-

1060 4984 707 217 nette;
1555 4984 990 217 l’Empereur
2333 4984 848 217 Napoléon
2969 4984 424 217 et
3182 4984 424 217 sa
3323 4984 707 217 famille.

1229 5190 1209 209 Louis-Philippe
2236 5190 537 209 Ier,
2572 5190 470 209 roi
2841 5190 470 209 des
3042 5190 739 209 Français.

1242 5366 631 228 Parmi
1663 5366 491 228 les
1943 5366 982 228 souverains
2714 5366 421 228 et
2925 5366 771 228 princes
3486 5366 982 228 étrangers,
4257 5366 421 228 on
4397 5366 631 228 distin-

1063 5560 575 237 gue:
1423 5560 1007 237 l’empereur
2214 5560 1295 237 Charles-Quint,
3293 5560 863 237 François
3940 5560 432 237 II
4084 5560 935 237 d’Autriche,

1069 5760 739 235 Charles
1606 5760 470 235 Ier
1875 5760 403 235 et
2076 5760 739 235 Jacques
2613 5760 403 235 II
2814 5760 1141 235 d’Angleterre;
3754 5760 873 235 Henriette
4426 5760 604 235 Marie
4761 5760 269 235 de

1060 5956 733 231 France
1573 5956 440 231 et
1793 5956 880 231 Caroline
2453 5956 440 231 de
2673 5956 1027 231 Brunswick,
3480 5956 733 231 reines
3920 5956 1100 231 d’Angleterre;

1065 6158 937 231 Alexandre
1786 6158 432 231 de
2002 6158 793 231 Médicis
2578 6158 432 231 et
2795 6158 577 231 René
3155 6158 793 231 d’Anjou
3732 6158 577 231 (dit
4092 6158 432 231 le
4308 6158 505 231 Bon
4524 6158 505 231 Roi);

1230 6354 609 231 Dans
1610 6354 457 231 le
1839 6354 761 231 clergé
2372 6354 990 231 orthodoxe
3133 6354 457 231 et
3361 6354 1142 231 hétérodoxe:
4275 6354 533 231 les
4503 6354 533 231 papes

1069 6550 574 221 Jean
1428 6550 718 221 XXIII,
1931 6550 646 221 Jules
2361 6550 431 221 II
2577 6550 431 221 et
2792 6550 502 221 Pie
3079 6550 574 221 VII;
3438 6550 502 221 les
3725 6550 933 221 cardinaux
4443 6550 431 221 de
4586 6550 431 221 Bel-

1084 6750 775 217 larmin,
1647 6750 423 217 de
1859 6750 846 217 Bérulle,
2493 6750 987 217 Lavalette,
3268 6750 634 217 Pacca
3691 6750 423 217 et
3902 6750 705 217 Fesch,
4325 6750 705 217 Bossuet,

1085 6963 417 216 le
1294 6963 417 216 P.
1503 6963 765 216 Joseph,
2059 6963 695 216 l’abbé
2546 6963 904 216 Lamennais
3241 6963 417 216 et
3380 6963 626 216 Calvin;

1252 7146 654 225 Parmi
1689 7146 509 225 les
1979 7146 1018 225 ministres,
2779 7146 727 225 hommes
3288 7146 800 225 d’État,
3870 7146 945 225 orateurs,
4524 7146 509 225 guer
