5866 9112
2271 734 1050 132 —6—

1024 952 468 166 34.
1292 952 1337 166 <b>BONAPARTE</b>
2428 952 936 166 (Létitia),
3163 952 735 166 Madame,
3698 952 535 166 mère
4032 952 401 166 de
4166 952 802 166 l’empereur

1425 1111 1671 155 Napoléon.
2711 1111 771 155 N.
3097 1111 1157 155 1750.
3868 1111 771 155 M.
4125 1111 900 155 1836.

1469 1259 332 137 1°
1635 1259 332 137 L.
1801 1259 443 137 aut.
2078 1259 443 137 sig.
2355 1259 277 137 à
2466 1259 388 137 son
2687 1259 443 137 fils
2964 1259 554 137 Lucien
3352 1259 775 137 Bonaparte.
3961 1259 554 137 Paris,
4349 1259 277 137 2
4404 1259 554 137 germinal

1346 1385 321 118 an
1507 1385 375 118 IX,
1721 1385 375 118 une
1935 1385 428 118 page
2203 1385 482 118 in-4.
2470 1385 482 118 Cachet.

1449 1501 366 117 Elle
1678 1501 503 117 profite
2044 1501 274 117 du
2181 1501 457 117 départ
2501 1501 274 117 du
2638 1501 686 117 citoyen....
3187 1501 366 117 pour
3415 1501 320 117 lui
3598 1501 457 117 donner
3918 1501 274 117 de
4056 1501 320 117 ses
4238 1501 640 117 nouvelles.
4696 1501 274 117 Elle

1350 1601 272 121 se
1486 1601 408 121 porte
1757 1601 408 121 bien,
2029 1601 272 121 et
2165 1601 272 121 ne
2301 1601 498 121 soupire
2663 1601 543 121 qu'après
3071 1601 272 121 le
3207 1601 453 121 moment
3524 1601 453 121 désiré
3841 1601 272 121 où
3977 1601 362 121 elle
4203 1601 453 121 pourra
4520 1601 272 121 le
4611 1601 362 121 serrer

1339 1701 398 101 dans
1588 1701 348 101 ses
1787 1701 447 101 bras.
2085 1701 447 101 Élisa
2383 1701 298 101 et
2532 1701 646 101 Charlotte
3029 1701 398 101 vont
3277 1701 248 101 à
3377 1701 646 101 merveille
3874 1701 298 101 et
4023 1701 696 101 s’unissent
4569 1701 248 101 à
4619 1701 348 101 Louis

1344 1803 369 110 pour
1575 1803 877 110 l’embrasser....
2313 1803 369 110 Elle
2544 1803 415 110 finit
2821 1803 277 110 en
2960 1803 646 110 l’assurant
3467 1803 277 110 de
3606 1803 277 110 sa
3744 1803 600 110 tendresse
4160 1803 600 110 maternelle.

1466 1935 323 127 2°
1628 1935 376 127 Sur
1843 1935 323 127 la
2004 1935 430 127 même
2273 1935 591 127 lettre,
2703 1935 323 127 L.
2864 1935 430 127 aut.
3133 1935 430 127 sig.
3401 1935 323 127 du
3563 1935 645 127 cardinal
4046 1935 538 127 Fesch,
4423 1935 269 127 à
4530 1935 376 127 son
4691 1935 269 127 ne-

1337 2057 450 118 veu,
1618 2057 563 118 Lucien
2012 2057 788 118 Bonaparte.
2631 2057 338 118 On
2800 2057 281 118 y
2856 2057 338 118 lit:

1442 2171 245 119 «
1540 2171 294 119 Je
1687 2171 490 119 désire
2030 2171 392 119 bien
2274 2171 441 119 votre
2568 2171 539 119 retour;
2960 2171 294 119 je
3107 2171 539 119 pourrai
3498 2171 441 119 alors
3792 2171 490 119 partir
4135 2171 294 119 de
4282 2171 441 119 Paris
4575 2171 392 119 sans
4771 2171 196 119 le

1341 2271 245 121 «
1439 2271 539 121 chagrin
1831 2271 294 121 de
1978 2271 539 121 laisser
2369 2271 294 121 ma
2516 2271 392 121 sœur
2761 2271 392 121 sans
3006 2271 588 121 personne
3447 2271 343 121 qui
3643 2271 343 121 lui
3839 2271 441 121 donne
4132 2271 343 121 des
4328 2271 441 121 soins
4573 2271 392 121 parti-

1337 2371 245 105 «
1435 2371 736 105 culiers....
2024 2371 589 105 Berthier
2466 2371 245 105 a
2564 2371 442 105 donné
2859 2371 393 105 hier
3104 2371 344 105 une
3301 2371 442 105 belle
3595 2371 442 105 fête,
3890 2371 393 105 mais
4135 2371 344 105 les
4283 2371 687 105 ambassadeurs

1340 2473 238 117 «
1436 2473 572 117 trouvent
1865 2473 381 117 bien
2103 2473 524 117 étrange
2484 2473 429 117 qu’un
2770 2473 762 117 gouvernement
3389 2473 286 117 si
3532 2473 572 117 puissant
3961 2473 334 117 ait
4152 2473 286 117 si
4295 2473 334 117 peu
4485 2473 286 117 de
4581 2473 381 117 repré-

1341 2571 232 119 «
1433 2571 651 119 sentation.
1945 2571 325 119 Ils
2131 2571 372 119 sont
2363 2571 511 119 obligés
2735 2571 511 119 d’aller
3107 2571 465 119 passer
3432 2571 418 119 leurs
3711 2571 511 119 soirées
4083 2571 372 119 chez
4315 2571 325 119 les
4455 2571 511 119 banquiers

1335 2673 259 117 «
1439 2673 311 117 ou
1594 2673 415 117 chez
1854 2673 363 117 les
2061 2673 726 117 ci-devant,
2632 2673 363 117 qui
2839 2673 415 117 sont
3098 2673 363 117 les
3306 2673 570 117 ennemis
3720 2673 311 117 du
3876 2673 882 117 gouvernement.
4602 2673 363 117 Pas
4758 2673 207 117 un

1340 2771 236 119 «
1434 2771 566 119 ministre
1858 2771 283 119 ne
2000 2771 518 119 reçoit.
2377 2771 283 119 Le
2518 2771 471 119 public
2848 2771 660 119 s’aperçoit
3367 2771 377 119 bien
3602 2771 283 119 du
3744 2771 377 119 vide
3979 2771 330 119 que
4168 2771 377 119 vous
4403 2771 518 119 faites.
4733 2771 236 119 Pas

1334 2869 249 121 «
1434 2869 299 121 un
1583 2869 348 121 feu
1782 2869 697 121 d’artifice
2330 2869 398 121 pour
2578 2869 498 121 égayer
2927 2869 299 121 le
3076 2869 547 121 peuple;
3474 2869 448 121 aussi
3773 2869 448 121 point
4071 2869 597 121 d’élans,
4519 2869 448 121 point
4768 2869 199 121 de

1348 2973 199 102 «
1428 2973 478 102 joie....
1747 2973 120 102 »

1025 3144 406 157 35.
1257 3144 1159 157 <b>BONAPARTE</b>
2242 3144 811 157 (Létitia),
2879 3144 637 157 Madame,
3285 3144 811 157 <i>idem</i>.

1465 3299 348 131 L.
1639 3299 464 131 sig.
1929 3299 754 131 BONAPARTE
2509 3299 522 131 MÈRE,
2857 3299 348 131 au
3031 3299 638 131 citoyen
3495 3299 754 131 Berthier,
4075 3299 696 131 ministre
4597 3299 348 131 de
4713 3299 232 131 la

1339 3425 589 125 guerre.
1767 3425 535 125 Paris,
2141 3425 268 125 4
2248 3425 642 125 frimaire
2730 3425 321 125 an
2890 3425 428 125 XII,
3158 3425 268 125 1
3265 3425 428 125 page
3479 3425 375 125 in

1439 3541 664 119 Pressante
1950 3541 920 119 recommandation
2716 3541 307 119 en
2869 3541 511 119 faveur
3227 3541 307 119 du
3380 3541 562 119 citoyen
3789 3541 511 119 Marius
4147 3541 511 119 Clary,
4504 3541 409 119 pour
4709 3541 255 119 lui

1331 3639 454 123 faire
1633 3639 554 123 obtenir
2036 3639 756 123 promptement
2641 3639 353 123 son
2843 3639 504 123 brevet
3196 3639 504 123 d’aide
3549 3639 302 123 de
3700 3639 403 123 camp
3952 3639 403 123 près
4204 3639 302 123 le
4355 3639 554 123 général
4708 3639 252 123 Sé-

1329 3741 629 115 bastiani.
1812 3741 387 115 Elle
2054 3741 484 115 espère
2393 3741 435 115 qu’il
2683 3741 387 115 aura
2925 3741 290 115 du
3070 3741 532 115 plaisir
3457 3741 242 115 à
3554 3741 435 115 faire
3844 3741 339 115 une
4038 3741 435 115 chose
4328 3741 339 115 qui
4522 3741 339 115 lui
4667 3741 290 115 sera

1287 3843 516 99 agréable.

1024 4036 451 159 36.
1281 4036 1288 159 <b>BONAPARTE</b>
2376 4036 837 159 (Joseph),
3021 4036 644 159 ex-roi
3407 4036 773 159 d’Espagne.

3672 4197 426 127 N.
3885 4197 639 127 1768.
4311 4197 426 127 M.
4453 4197 497 127 1844.

1450 4347 357 129 L.
1628 4347 476 129 aut.
1925 4347 476 129 sig.
2223 4347 297 129 à
2342 4347 416 129 son
2580 4347 535 129 frère
2937 4347 654 129 Lucien.
3412 4347 654 129 Naples,
3888 4347 357 129 24
4067 4347 714 129 novembre
4543 4347 416 129 1806,

1347 4469 274 118 1
1457 4469 549 118 grande
1841 4469 439 118 page
2061 4469 384 118 in

1442 4587 241 117 «
1538 4587 386 117 ....
1779 4587 386 117 Nous
2020 4587 530 117 faisons
2406 4587 579 117 toujours
2840 4587 289 117 la
2985 4587 482 117 guerre
3322 4587 338 117 des
3515 4587 579 117 Chouans;
3949 4587 338 117 les
4142 4587 530 117 Anglais
4480 4587 482 117 viennent

1328 4685 242 119 «
1424 4685 291 119 de
1570 4685 388 119 nous
1812 4685 533 119 envoyer
2200 4685 485 119 encore
2540 4685 582 119 quelques
2976 4685 582 119 milliers
3412 4685 291 119 de
3558 4685 630 119 brigands,
4043 4685 339 119 qui
4237 4685 485 119 seront
4528 4685 436 119 bientôt

1329 4783 249 123 «
1429 4783 647 123 culbutés,
1926 4783 398 123 mais
2175 4783 348 123 qui
2374 4783 746 123 fatigueront
2971 4783 597 123 toujours
3419 4783 348 123 nos
3618 4783 597 123 troupes,
4066 4783 299 123 et
4216 4783 498 123 feront
4514 4783 448 123 quelque

1334 4883 224 122 «
1424 4883 313 122 mal
1603 4883 313 122 aux
1782 4883 582 122 habitants
2229 4883 269 122 du
2364 4883 403 122 pays;
2632 4883 313 122 ils
2811 4883 537 122 pillent,
3214 4883 313 122 ils
3393 4883 492 122 volent,
3751 4883 403 122 tuent
4019 4883 269 122 et
4154 4883 492 122 fuient.
4467 4883 134 122 »

1011 5076 468 164 37.
1279 5076 1338 164 <b>BONAPARTE</b>
2416 5076 803 164 (Julie),
3018 5076 803 164 ex-reine
3619 5076 936 164 d’Espagne,
4355 5076 602 164 femme
4689 5076 268 164 de

1413 5233 597 144 Joseph.

1451 5387 314 131 L.
1608 5387 418 131 nul.
1869 5387 418 131 sig.
2131 5387 262 131 à
2235 5387 366 131 son
2444 5387 418 131 cher
2706 5387 523 131 frère,
3072 5387 314 131 le
3229 5387 523 131 prince
3595 5387 575 131 Lucien.
4014 5387 680 131 Spolette,
4537 5387 314 131 28
4641 5387 314 131 mars

1351 5509 473 119 1808.
1666 5509 263 119 1
1771 5509 420 119 page
2033 5509 473 119 petit
2296 5509 368 119 in

1425 5621 376 123 Elle
1660 5621 470 123 arrive
1989 5621 235 123 à
2083 5621 611 123 l’instant
2553 5621 282 123 et
2694 5621 282 123 va
2835 5621 611 123 continuer
3304 5621 282 123 sa
3445 5621 423 123 route
3727 5621 376 123 pour
3962 5621 517 123 Naples.
4338 5621 376 123 Elle
4573 5621 282 123 ne
4667 5621 282 123 fera

1323 5725 343 115 que
1519 5725 538 115 changer
1910 5725 294 115 de
2057 5725 538 115 chevaux
2448 5725 245 115 à
2546 5725 391 115 Rome
2791 5725 294 115 la
2938 5725 391 115 nuit
3182 5725 294 115 du
3329 5725 294 115 29
3476 5725 294 115 au
3623 5725 343 115 30,
3819 5725 294 115 et
3965 5725 391 115 elle
4210 5725 440 115 n’ose
4504 5725 343 115 lui
4650 5725 294 115 pro

1318 5825 449 114 poser
1617 5825 299 114 de
1767 5825 299 114 la
1916 5825 449 114 venir
2216 5825 399 114 voir
2465 5825 648 114 incognito
2964 5825 249 114 à
3063 5825 548 114 Albano,
3462 5825 299 114 où
3612 5825 399 114 elle
3861 5825 548 114 passera
4260 5825 299 114 le
4410 5825 349 114 30,
4609 5825 249 114 à
4659 5825 299 114 huit

1326 5921 483 125 heures
1664 5921 290 125 du
1809 5921 483 125 matin,
2147 5921 290 125 et
2292 5921 338 125 s’y
2485 5921 580 125 arrêtera
2920 5921 338 125 une
3113 5921 435 125 heure
3402 5921 386 125 dans
3644 5921 724 125 l’espérance
4224 5921 290 125 de
4368 5921 290 125 le
4513 5921 435 125 voir.
4755 5921 193 125 Il

1323 6023 461 122 serait
1645 6023 369 122 bien
1876 6023 507 122 aimable
2244 6023 276 122 de
2382 6023 322 122 lui
2567 6023 553 122 procurer
2981 6023 276 122 le
3119 6023 507 122 plaisir
3488 6023 276 122 de
3580 6023 645 122 l’embrasser.

1411 6121 354 125 Sur
1614 6121 303 125 la
1765 6121 405 125 même
2018 6121 506 125 lettre
2372 6121 303 125 se
2524 6121 506 125 trouve
2878 6121 303 125 le
3030 6121 657 125 brouillon
3535 6121 708 125 autographe
4091 6121 303 125 de
4243 6121 303 125 la
4395 6121 556 125 réponse
4749 6121 202 125 du

1315 6223 491 115 prince
1659 6223 491 115 Lucien
2003 6223 246 115 à
2101 6223 295 115 sa
2248 6223 442 115 sœur;
2543 6223 491 115 motifs
2887 6223 295 115 de
3034 6223 344 115 son
3231 6223 442 115 refus
3525 6223 295 115 de
3673 6223 295 115 se
3820 6223 540 115 trouver
4213 6223 295 115 au
4311 6223 639 115 rendez

1319 6321 499 116 qu’elle
1681 6321 317 116 lui
1863 6321 544 116 indique.
2271 6321 227 116 2
2362 6321 363 116 pag.
2588 6321 453 116 in-4°.
2860 6321 726 116 Très

998 6498 456 181 38.
1259 6498 1304 181 <b>BONAPARTE</b>
2367 6498 848 181 (Lucien),
3019 6498 652 181 prince
3476 6498 391 181 de
3606 6498 587 181 Canino.

3646 6687 432 117 N.
3862 6687 647 117 1775.
4294 6687 432 117 M.
4437 6687 504 117 1840.

1434 6829 321 130 L.
1595 6829 429 130 aut.
1863 6829 429 130 sig.
2131 6829 268 130 à
2238 6829 321 130 M.
2399 6829 643 130 Patorni.
2881 6829 643 130 Londres.
3363 6829 268 130 4
3470 6829 375 130 mai
3684 6829 482 130 1838.
4006 6829 268 130 1
4113 6829 429 130 page
4327 6829 375 130 in

1409 6945 275 121 Il
1547 6945 230 121 a
1639 6945 367 121 reçu
1868 6945 275 121 sa
2006 6945 505 121 lettre,
2373 6945 275 121 et
2511 6945 459 121 trouve
2832 6945 275 121 sa
2970 6945 505 121 réponse
3337 6945 230 121 à
3429 6945 275 121 M.
3567 6945 505 121 Laffite
3934 6945 275 121 si
4072 6945 413 121 forte
4347 6945 275 121 de
4485 6945 459 121 raison
4760 6945 184 121 et

1306 7043 280 121 de
1446 7043 653 121 précision,
1959 7043 420 121 qu’il
2239 7043 233 121 a
2333 7043 327 121 été
2519 7043 466 121 étonné
2846 7043 606 121 lorsqu’il
3312 7043 233 121 a
3406 7043 466 121 appris
3732 7043 606 121 l'opinion
4199 7043 280 121 du
4339 7043 606 121 procureur
4758 7043 187 121 du

1312 7143 466 125 roi...
1638 7143 279 125 la
1778 7143 466 125 remise
2104 7143 279 125 de
2244 7143 279 125 la
2384 7143 559 125 sentence
2803 7143 279 125 ne
2942 7143 326 125 lui
3129 7143 419 125 plaît
3408 7143 326 125 pas
3594 7143 792 125 davantage....
4246 7143 233 125 «
4340 7143 466 125 Est-ce
4619 7143 326 125 qu’il

1300 7239 240 127 «
1396 7239 336 127 n’y
1588 7239 479 127 aurait
1923 7239 383 127 donc
2163 7239 336 127 pas
2355 7239 383 127 plus
2594 7239 288 127 de
2738 7239 527 127 justice
3122 7239 479 127 civile
3457 7239 288 127 en
3601 7239 479 127 France
3936 7239 336 127 que
4128 7239 288 127 de
4272 7239 527 127 justice
4607 7239 336 127 poli-

1305 7345 217 102 «
1391 7345 433 102 tique,
1695 7345 347 102 etc.
1868 7345 130 102 »
