5866 9000
2580 572 516 98 —
2786 572 619 98 IV
2993 572 310 98 —

1012 771 601 162 riers
1413 771 401 162 et
1613 771 935 162 célébrités
2348 771 868 162 diverses:
3016 771 668 162 Sully,
3484 771 468 162 les
3751 771 868 162 cardinaux
4419 771 401 162 de
4553 771 334 162 Ri-

1006 967 848 168 chelieu,
1642 967 777 168 Mazarin
2207 967 424 168 et
2419 967 777 168 Dubois,
2984 967 848 168 Colbert,
3620 967 424 168 le
3832 967 706 168 prince
4326 967 424 168 de
4467 967 424 168 Tal-

1019 1163 814 164 leyrand;
1630 1163 543 164 Pitt
1969 1163 407 164 et
2172 1163 543 164 Fox;
2511 1163 814 164 Coligny,
3122 1163 407 164 La
3325 1163 610 164 Noue,
3732 1163 475 164 dit
4003 1163 543 164 Bras
4342 1163 407 164 de
4478 1163 407 164 Fer,

1003 1355 648 168 Guise
1435 1355 432 168 le
1651 1355 864 168 Balafré,
2300 1355 432 168 le
2516 1355 648 168 grand
2948 1355 864 168 Mayenne,
3596 1355 864 168 Turenne,
4245 1355 432 168 le
4389 1355 504 168 grand

1013 1551 681 166 Condé,
1490 1551 681 166 Fabert
1966 1551 409 166 et
2171 1551 409 166 le
2375 1551 817 166 maréchal
2988 1551 409 166 de
3192 1551 613 166 Saxe;
3601 1551 545 166 puis
3942 1551 681 166 Galéas
4350 1551 545 166 Sforza

1005 1747 431 164 et
1221 1747 935 164 Catherine
1940 1747 791 164 Sforza,
2515 1747 575 164 Juan
2874 1747 431 164 de
3090 1747 1006 164 Mauriquez,
3881 1747 647 164 César
4240 1747 647 164 Borgia,

1006 1941 833 170 Alphonse
1631 1941 695 170 d’Est,
2117 1941 486 170 duc
2395 1941 417 170 de
2603 1941 833 170 Ferrare,
3228 1941 417 170 le
3436 1941 486 170 duc
3714 1941 764 170 d’Albe,
4270 1941 417 170 le
4409 1941 486 170 comte

1007 2137 432 166 de
1223 2137 576 166 Horn
1583 2137 432 166 et
1799 2137 792 166 Nelson;
2374 2137 864 166 mesdames
3022 2137 432 166 de
3238 2137 432 166 la
3454 2137 864 166 Fayette,
4101 2137 432 166 de
4245 2137 648 166 l’Espi-

1009 2333 720 166 nasse,
1513 2333 432 166 de
1729 2333 1081 166 Montpensier
2594 2333 432 166 et
2810 2333 432 166 de
3026 2333 864 166 Simiane.
3674 2333 432 166 La
3890 2333 936 166 princesse
4539 2333 360 166 des

1008 2527 734 166 Ursins
1521 2527 440 166 et
1741 2527 440 166 la
1961 2527 880 166 marquise
2622 2527 440 166 de
2769 2527 880 166 Pompadour;

1180 2723 586 146 Parmi
1571 2723 456 146 les
1831 2723 1107 146 littérateurs,
2743 2723 456 146 les
3004 2723 782 146 savants,
3590 2723 586 146 etc.:
3981 2723 391 146 J.
4176 2723 717 146 Racine,
4632 2723 261 146 La

1005 2919 937 166 Fontaine,
1726 2919 793 166 Boileau
2303 2919 1010 166 Despréaux,
3096 2919 649 166 J.-J.
3529 2919 937 166 Rousseau,
4178 2919 721 166 Voltaire

1010 3111 439 158 et
1229 3111 1025 158 Crébillon;
2035 3111 732 158 Piron,
2548 3111 732 158 Grimm,
3060 3111 879 158 Diderot,
3646 3111 1245 158 Saint

996 3307 764 166 M.-J.
1505 3307 1018 166 Chénier,
2269 3307 764 166 Parny
2778 3307 509 166 et
3032 3307 848 166 Walter
3626 3307 848 166 Scott:
4220 3307 509 166 De
4390 3307 509 166 Thou

1017 3501 1089 166 l’historien,
1901 3501 1021 166 Guichardin,
2718 3501 612 166 Luigi
3126 3501 680 166 Pulci,
3602 3501 953 166 Philelphe,
4283 3501 612 166 Goethe,

1005 3697 702 166 Kant,
1473 3697 936 166 Niebuhr,
2175 3697 780 166 Scarpa
2721 3697 468 166 et
2955 3697 1170 166 Spalanzani;
3891 3697 468 166 G.
4125 3697 780 166 Cuvier
4593 3697 312 166 et

1014 3893 425 164 H.
1227 3893 637 164 Davy;
1651 3893 708 164 Euler,
2147 3893 991 164 Berzélius,
2925 3893 920 164 Franklin,
3633 3893 779 164 Jenner,
4199 3893 708 164 Pallas
4624 3893 283 164 et

1001 4089 612 164 Wil.
1383 4089 994 164 Herschel;
2147 4089 841 164 Rubens,
2759 4089 917 164 Mignard,
3447 4089 841 164 Canova,
4058 4089 459 164 et
4211 4089 688 164 Joseph,

1014 4287 617 120 Carie
1426 4287 412 120 et
1632 4287 686 120 Horace
2044 4287 617 120 Vernet.

1187 4475 609 166 Cette
1593 4475 947 166 Collection
2338 4475 474 166 est
2608 4475 744 166 surtout
3150 4475 1015 166 remarquable
3962 4475 474 166 par
4165 4475 744 166 l’intérêt

1023 4665 385 166 et
1215 4665 385 166 la
1408 4665 577 166 belle
1792 4665 1026 166 conservation
2626 4665 449 166 des
2818 4665 577 166 pièces.

3819 5073 702 104 CHARON.

1275 5409 580 116 Paris,
1681 5409 348 116 25
1855 5409 464 116 mars
2087 5409 406 116 1845.
