3559.0551181102364 5127.55905511811
648.8188976377953 576.3779527559055 412.59842519685037 86.61417322834646 La
922.8346456692914 576.3779527559055 503.93700787401576 86.61417322834646 Société
1289.763779527559 576.3779527559055 321.25984251968504 86.61417322834646 des
1474.015748031496 576.3779527559055 549.6062992125984 86.61417322834646 Artistes
1886.6141732283465 576.3779527559055 779.5275590551181 86.61417322834646 Incépendants,
2481.8897637795276 576.3779527559055 503.93700787401576 86.61417322834646 basée

757.4803149606299 685.0393700787401 447.244094488189 94.48818897637796 sur
1070.8661417322835 685.0393700787401 269.29133858267716 94.48818897637796 la
1204.724409448819 685.0393700787401 670.8661417322835 94.48818897637796 suppression
1741.732283464567 685.0393700787401 313.38582677165357 94.48818897637796 des
1921.259842519685 685.0393700787401 357.4803149606299 94.48818897637796 Jury
2144.8818897637793 685.0393700787401 716.5354330708661 94.48818897637796 d’admission,
2681.8897637795276 685.0393700787401 313.38582677165357 94.48818897637796 a

748.0314960629921 793.7007874015748 488.18897637795277 89.76377952755905 pour
1103.9370078740158 793.7007874015748 311.81102362204723 89.76377952755905 but
1280.3149606299212 793.7007874015748 266.1417322834646 89.76377952755905 de
1414.1732283464567 793.7007874015748 577.9527559055118 89.76377952755905 permettre
1858.267716535433 793.7007874015748 311.81102362204723 89.76377952755905 aux
2036.2204724409448 793.7007874015748 533.8582677165355 89.76377952755905 Artistes
2436.220472440945 793.7007874015748 266.1417322834646 89.76377952755905 de
2525.984251968504 793.7007874015748 444.09448818897636 89.76377952755905 pré

732.2834645669292 907.0866141732283 595.2755905511812 96.06299212598425 senter
1190.5511811023623 907.0866141732283 595.2755905511812 96.06299212598425 librement
1647.244094488189 907.0866141732283 412.59842519685037 96.06299212598425 leurs
1922.8346456692914 907.0866141732283 458.26771653543307 96.06299212598425 œuvres
2242.51968503937 907.0866141732283 274.01574803149606 96.06299212598425 au
2333.8582677165355 907.0866141732283 640.9448818897638 96.06299212598425 jugement

765.3543307086615 1023.6220472440945 250.39370078740157 81.88976377952756 du
905.511811023622 1023.6220472440945 360.62992125984255 81.88976377952756 public.

1113.3858267716535 1732.283464566929 1200.0 83.46456692913385 DÉSIGNATION/

614.1732283464567 2006.2992125984251 570.0787401574803 86.61417322834646 ALBERT,
1029.9212598425197 2006.2992125984251 622.0472440944882 86.61417322834646 Adolphe,
1496.0629921259842 2006.2992125984251 311.81102362204723 86.61417322834646 né
1651.9685039370079 2006.2992125984251 259.84251968503935 86.61417322834646 à
1755.9055118110236 2006.2992125984251 518.1102362204724 86.61417322834646 Paris.
2118.1102362204724 2006.2992125984251 259.84251968503935 86.61417322834646 —
2222.047244094488 2006.2992125984251 311.81102362204723 86.61417322834646 3,
2377.952755905512 2006.2992125984251 363.7795275590551 86.61417322834646 rue
2533.8582677165355 2006.2992125984251 466.1417322834646 86.61417322834646 Alfred

694.488188976378 2125.984251968504 415.748031496063 67.71653543307086 Stevens.

1033.0708661417323 2212.5984251968503 371.65354330708664 94.48818897637796 *1
1291.3385826771653 2212.5984251968503 229.92125984251967 94.48818897637796 Etude.

1018.8976377952756 2316.535433070866 489.76377952755905 111.81102362204724 *2
1395.275590551181 2316.535433070866 262.99212598425197 111.81102362204724 Les
1546.4566929133857 2316.535433070866 300.78740157480314 111.81102362204724 blés
1733.8582677165355 2316.535433070866 225.1968503937008 111.81102362204724 en
1809.4488188976377 2316.535433070866 451.9685039370079 111.81102362204724 Normandie.

1029.9212598425197 2423.6220472440946 412.59842519685037 108.66141732283465 *3
1348.0314960629921 2423.6220472440946 222.04724409448818 108.66141732283465 Les
1442.5196850393702 2423.6220472440946 286.61417322834643 108.66141732283465 Saules.

1028.3464566929133 2540.1574803149606 434.6456692913386 107.08661417322834 *4
1362.2047244094488 2540.1574803149606 335.43307086614175 107.08661417322834 Vernon
1563.7795275590552 2540.1574803149606 300.78740157480314 107.08661417322834 (Eure).

1025.1968503937007 2658.267716535433 467.7165354330709 102.36220472440945 *5
1384.251968503937 2658.267716535433 215.748031496063 102.36220472440945 La
1492.9133858267717 2658.267716535433 395.2755905511811 102.36220472440945 Prairie
1779.5275590551182 2658.267716535433 179.5275590551181 102.36220472440945 à
1815.748031496063 2658.267716535433 431.496062992126 102.36220472440945 Heurgival.

1037.7952755905512 2781.1023622047246 422.0472440944882 88.18897637795276 *6
1362.2047244094488 2781.1023622047246 259.84251968503935 88.18897637795276 Tête
1492.9133858267717 2781.1023622047246 291.33858267716533 88.18897637795276 d’étnde

1050.3937007874015 2896.0629921259842 385.8267716535433 81.88976377952756 7
1340.1574803149606 2896.0629921259842 258.26771653543307 81.88976377952756 Tête
1467.716535433071 2896.0629921259842 322.8346456692913 81.88976377952756 d’étude.

1028.3464566929133 2995.2755905511813 429.9212598425197 96.06299212598425 *8
1359.0551181102362 2995.2755905511813 297.6377952755906 96.06299212598425 Après
1557.4803149606298 2995.2755905511813 198.4251968503937 96.06299212598425 la
1623.6220472440946 2995.2755905511813 297.6377952755906 96.06299212598425 séance.

1040.9448818897638 3118.1102362204724 451.9685039370079 89.76377952755905 *9
1388.976377952756 3118.1102362204724 348.0314960629921 89.76377952755905 Dessin
1633.0708661417323 3118.1102362204724 173.22834645669292 89.76377952755905 à
1702.3622047244094 3118.1102362204724 209.4488188976378 89.76377952755905 la
1771.6535433070867 3118.1102362204724 382.6771653543307 89.76377952755905 sanguine.

634.6456692913385 3418.8976377952754 485.03937007874015 81.88976377952756 ALFRED
974.8031496062993 3418.8976377952754 291.33858267716533 81.88976377952756 LE
1119.6850393700788 3418.8976377952754 485.03937007874015 81.88976377952756 PETIT,
1458.267716535433 3418.8976377952754 1066.1417322834645 81.88976377952756 Achille-Alexandre,
2379.527559055118 3418.8976377952754 291.33858267716533 81.88976377952756 né
2524.4094488188975 3418.8976377952754 242.51968503937007 81.88976377952756 à
2573.228346456693 3418.8976377952754 387.40157480314963 81.88976377952756 Aumale

727.5590551181102 3529.1338582677167 1218.8976377952756 85.03937007874016 (Seine-et-Inférieure).
1806.2992125984251 3529.1338582677167 234.64566929133858 85.03937007874016 —
1900.7874015748032 3529.1338582677167 327.5590551181102 85.03937007874016 12,
2088.1889763779527 3529.1338582677167 327.5590551181102 85.03937007874016 rue
2275.5905511811025 3529.1338582677167 281.8897637795276 85.03937007874016 de
2370.0787401574803 3529.1338582677167 562.2047244094488 85.03937007874016 Courcelles

683.4645669291339 3640.9448818897636 464.56692913385825 77.16535433070867 Levallois.

998.4251968503937 3820.472440944882 464.56692913385825 78.74015748031496 10
1357.4803149606298 3820.472440944882 214.17322834645668 78.74015748031496 Ma
1464.5669291338584 3820.472440944882 322.8346456692913 78.74015748031496 tante
1678.740157480315 3820.472440944882 250.39370078740157 78.74015748031496 est
1785.8267716535433 3820.472440944882 286.61417322834643 78.74015748031496 morte.

995.2755905511812 3930.7086614173227 425.1968503937008 80.31496062992126 11
1322.8346456692914 3930.7086614173227 393.7007874015748 80.31496062992126 J’hérite
1617.3228346456692 3930.7086614173227 196.8503937007874 80.31496062992126 de
1683.4645669291338 3930.7086614173227 163.7795275590551 80.31496062992126 ça.

700.7874015748032 4222.047244094489 255.11811023622047 55.118110236220474 (1)
847.2440944881889 4222.047244094489 548.0314960629921 55.118110236220474 L’astérique
1285.0393700787401 4222.047244094489 329.13385826771656 55.118110236220474 placé
1503.9370078740158 4222.047244094489 182.6771653543307 55.118110236220474 à
1577.9527559055118 4222.047244094489 292.9133858267717 55.118110236220474 côté
1760.6299212598426 4222.047244094489 255.11811023622047 55.118110236220474 des
1907.0866141732283 4222.047244094489 401.5748031496063 55.118110236220474 numéros
2200.0 4222.047244094489 401.5748031496063 55.118110236220474 indique
2491.3385826771655 4222.047244094489 255.11811023622047 55.118110236220474 les
2637.7952755905512 4222.047244094489 365.3543307086614 55.118110236220474 œuvres
2856.6929133858266 4222.047244094489 110.23622047244095 55.118110236220474 à

609.4488188976378 4291.3385826771655 288.18897637795277 51.968503937007874 vendre.

718.1102362204724 4355.905511811024 201.5748031496063 53.54330708661417 On
818.8976377952756 4355.905511811024 269.29133858267716 53.54330708661417 peut
987.4015748031496 4355.905511811024 201.5748031496063 53.54330708661417 se
1088.1889763779527 4355.905511811024 437.79527559055117 53.54330708661417 procurer,
1425.1968503937007 4355.905511811024 201.5748031496063 53.54330708661417 au
1527.5590551181103 4355.905511811024 505.51181102362204 53.54330708661417 Secrétariat
1932.283464566929 4355.905511811024 201.5748031496063 53.54330708661417 de
2033.0708661417323 4355.905511811024 540.1574803149606 53.54330708661417 i’Exposition
2470.8661417322833 4355.905511811024 269.29133858267716 53.54330708661417 tous
2639.3700787401576 4355.905511811024 236.2204724409449 53.54330708661417 les
2741.732283464567 4355.905511811024 201.5748031496063 53.54330708661417 ren-

639.3700787401575 4423.622047244095 540.1574803149606 55.118110236220474 seignements
1070.8661417322835 4423.622047244095 540.1574803149606 55.118110236220474 nécessaires
1502.3622047244094 4423.622047244095 179.5275590551181 55.118110236220474 à
1574.8031496062993 4423.622047244095 395.2755905511811 55.118110236220474 l’achat
1862.992125984252 4423.622047244095 251.96850393700788 55.118110236220474 des
2006.2992125984251 4423.622047244095 467.7165354330709 55.118110236220474 ouvrages,
2366.9291338582675 4423.622047244095 288.18897637795277 55.118110236220474 prix
2546.4566929133857 4423.622047244095 251.96850393700788 55.118110236220474 des
2653.5433070866143 4423.622047244095 288.18897637795277 55.118110236220474 œuvres

640.9448818897638 4492.913385826771 196.8503937007874 53.54330708661417 et
740.1574803149606 4492.913385826771 392.12598425196853 53.54330708661417 adresses
1033.0708661417323 4492.913385826771 228.3464566929134 53.54330708661417 des
1132.283464566929 4492.913385826771 327.5590551181102 53.54330708661417 auteurs.
