<alto xmlns:xsi="http://www.w3.org/2001/XMLSchema-instance" xmlns="http://www.loc.gov/standards/alto/ns-v2#" xmlns:page="http://schema.primaresearch.org/PAGE/gts/pagecontent/2013-07-15" xsi:schemaLocation="http://www.loc.gov/standards/alto/ns-v2# http://www.loc.gov/standards/alto/alto.xsd">
  <Description>
    <MeasurementUnit>pixel</MeasurementUnit>
    <sourceImageInformation>
         <fileName>0020.xml</fileName>
      </sourceImageInformation>
    <OCRProcessing ID="IdOcr">
      <ocrProcessingStep>
        <processingDateTime>2020-06-26T12:54:47.274+02:00</processingDateTime>
        <processingSoftware>
               <softwareCreator>CONTRIBUTORS</softwareCreator>
               <softwareName>pdfalto</softwareName>
               <softwareVersion>0.1</softwareVersion>
            </processingSoftware>
      </ocrProcessingStep>
    </OCRProcessing>
  </Description>
  <Styles>
     <TextStyle ID="FONT0" FONTFAMILY="unknown" FONTSIZE="unknown" FONTTYPE="unknown" FONTWIDTH="unknown" FONTCOLOR="unknown" FONTSTYLE=""/>
     <TextStyle ID="FONT1" FONTFAMILY="unknown" FONTSIZE="unknown" FONTTYPE="unknown" FONTWIDTH="unknown" FONTCOLOR="unknown" FONTSTYLE="bold"/>
     <TextStyle ID="FONT2" FONTFAMILY="unknown" FONTSIZE="unknown" FONTTYPE="unknown" FONTWIDTH="unknown" FONTCOLOR="unknown" FONTSTYLE="italics"/>
</Styles>
  <Tags/>
  <Layout>
    <Page ID="Page1" PHYSICAL_IMG_NR="1" HEIGHT="4710.236220472441" WIDTH="2982.6771653543306">
      <PrintSpace HEIGHT="4710.236220472441" WIDTH="2982.6771653543306" VPOS="0.0" HPOS="0.0">
        <TextBlock ID="r1" HEIGHT="3294.488188976378" WIDTH="1913.3858267716535" VPOS="644.0944881889764" HPOS="755.9055118110236">
          <TextLine ID="r1l1" BASELINE="459" HEIGHT="78.74015748031496" WIDTH="166.9291338582677" VPOS="644.0944881889764" HPOS="1637.7952755905512">
            <String HEIGHT="78.74015748031496" WIDTH="133.85826771653544" VPOS="644.0944881889764" HPOS="1604.724409448819" CONTENT="" ID="r1l1_1" STYLEREFS="FONT0"/>
            <SP HEIGHT="78.74015748031496" WIDTH="33.07086614173228" VPOS="644.0944881889764" HPOS="1738.5826771653544"/>
            <String HEIGHT="78.74015748031496" WIDTH="200.0" VPOS="644.0944881889764" HPOS="1637.7952755905512" CONTENT="18" ID="r1l1_2" STYLEREFS="FONT0"/>
            <SP HEIGHT="78.74015748031496" WIDTH="33.07086614173228" VPOS="644.0944881889764" HPOS="1837.7952755905512"/>
            <String HEIGHT="78.74015748031496" WIDTH="100.78740157480316" VPOS="644.0944881889764" HPOS="1703.9370078740158" CONTENT="—" ID="r1l1_3" STYLEREFS="FONT0"/>
          </TextLine>
          <TextLine ID="r1l2" BASELINE="580" HEIGHT="72.44094488188976" WIDTH="1905.5118110236222" VPOS="840.9448818897638" HPOS="755.9055118110236">
            <String HEIGHT="72.44094488188976" WIDTH="590.5511811023622" VPOS="840.9448818897638" HPOS="710.2362204724409" CONTENT="ANGEBEAUX" ID="r1l2_1" STYLEREFS="FONT0"/>
            <SP HEIGHT="72.44094488188976" WIDTH="45.669291338582674" VPOS="840.9448818897638" HPOS="1300.7874015748032"/>
            <String HEIGHT="72.44094488188976" WIDTH="407.87401574803147" VPOS="840.9448818897638" HPOS="1163.7795275590552" CONTENT="(E.)," ID="r1l2_2" STYLEREFS="FONT0"/>
            <SP HEIGHT="72.44094488188976" WIDTH="45.669291338582674" VPOS="840.9448818897638" HPOS="1573.2283464566929"/>
            <String HEIGHT="72.44094488188976" WIDTH="272.4409448818898" VPOS="840.9448818897638" HPOS="1436.2204724409448" CONTENT="né" ID="r1l2_3" STYLEREFS="FONT0"/>
            <SP HEIGHT="72.44094488188976" WIDTH="45.669291338582674" VPOS="840.9448818897638" HPOS="1708.6614173228347"/>
            <String HEIGHT="72.44094488188976" WIDTH="226.77165354330708" VPOS="840.9448818897638" HPOS="1573.2283464566929" CONTENT="à" ID="r1l2_4" STYLEREFS="FONT0"/>
            <SP HEIGHT="72.44094488188976" WIDTH="45.669291338582674" VPOS="840.9448818897638" HPOS="1800.0"/>
            <String HEIGHT="72.44094488188976" WIDTH="544.8818897637796" VPOS="840.9448818897638" HPOS="1662.992125984252" CONTENT="Paimbœuf" ID="r1l2_5" STYLEREFS="FONT0"/>
            <SP HEIGHT="72.44094488188976" WIDTH="45.669291338582674" VPOS="840.9448818897638" HPOS="2207.8740157480315"/>
            <String HEIGHT="72.44094488188976" WIDTH="634.6456692913385" VPOS="840.9448818897638" HPOS="2026.7716535433071" CONTENT="(Loire" SUBS_TYPE="HypPart1" SUBS_CONTENT="(Loirerieure)." ID="r1l2_6" STYLEREFS="FONT0"/>
            <HYP CONTENT="-"/>
          </TextLine>
          <TextLine ID="r1l3" BASELINE="642" HEIGHT="72.44094488188976" WIDTH="1763.7795275590552" VPOS="938.5826771653543" HPOS="815.7480314960629">
            <String HEIGHT="72.44094488188976" WIDTH="431.496062992126" VPOS="938.5826771653543" HPOS="779.5275590551181" CONTENT="rieure)." SUBS_TYPE="HypPart2" SUBS_CONTENT="(Loirerieure)." ID="r1l3_1" STYLEREFS="FONT0"/>
            <SP HEIGHT="72.44094488188976" WIDTH="36.22047244094488" VPOS="938.5826771653543" HPOS="1211.023622047244"/>
            <String HEIGHT="72.44094488188976" WIDTH="179.5275590551181" VPOS="938.5826771653543" HPOS="1103.9370078740158" CONTENT="—" ID="r1l3_2" STYLEREFS="FONT0"/>
            <SP HEIGHT="72.44094488188976" WIDTH="36.22047244094488" VPOS="938.5826771653543" HPOS="1283.4645669291338"/>
            <String HEIGHT="72.44094488188976" WIDTH="251.96850393700788" VPOS="938.5826771653543" HPOS="1176.3779527559054" CONTENT="89," ID="r1l3_3" STYLEREFS="FONT0"/>
            <SP HEIGHT="72.44094488188976" WIDTH="36.22047244094488" VPOS="938.5826771653543" HPOS="1428.3464566929133"/>
            <String HEIGHT="72.44094488188976" WIDTH="251.96850393700788" VPOS="938.5826771653543" HPOS="1319.6850393700788" CONTENT="rue" ID="r1l3_4" STYLEREFS="FONT0"/>
            <SP HEIGHT="72.44094488188976" WIDTH="36.22047244094488" VPOS="938.5826771653543" HPOS="1571.6535433070867"/>
            <String HEIGHT="72.44094488188976" WIDTH="467.7165354330709" VPOS="938.5826771653543" HPOS="1462.992125984252" CONTENT="Fazillau," ID="r1l3_5" STYLEREFS="FONT0"/>
            <SP HEIGHT="72.44094488188976" WIDTH="36.22047244094488" VPOS="938.5826771653543" HPOS="1932.283464566929"/>
            <String HEIGHT="72.44094488188976" WIDTH="179.5275590551181" VPOS="938.5826771653543" HPOS="1823.6220472440946" CONTENT="à" ID="r1l3_6" STYLEREFS="FONT0"/>
            <SP HEIGHT="72.44094488188976" WIDTH="36.22047244094488" VPOS="938.5826771653543" HPOS="2003.1496062992126"/>
            <String HEIGHT="72.44094488188976" WIDTH="467.7165354330709" VPOS="938.5826771653543" HPOS="1896.0629921259842" CONTENT="Levallois" ID="r1l3_7" STYLEREFS="FONT0"/>
            <SP HEIGHT="72.44094488188976" WIDTH="36.22047244094488" VPOS="938.5826771653543" HPOS="2363.779527559055"/>
            <String HEIGHT="72.44094488188976" WIDTH="360.62992125984255" VPOS="938.5826771653543" HPOS="2218.8976377952754" CONTENT="(Seine)." ID="r1l3_8" STYLEREFS="FONT0"/>
          </TextLine>
          <TextLine ID="r1l4" BASELINE="770" HEIGHT="75.59055118110236" WIDTH="1201.5748031496064" VPOS="1137.007874015748" HPOS="970.0787401574803">
            <String HEIGHT="75.59055118110236" WIDTH="411.0236220472441" VPOS="1137.007874015748" HPOS="938.5826771653543" CONTENT="72" ID="r1l4_1" STYLEREFS="FONT1"/>
            <SP HEIGHT="75.59055118110236" WIDTH="31.496062992125985" VPOS="1137.007874015748" HPOS="1349.6062992125985"/>
            <String HEIGHT="75.59055118110236" WIDTH="442.5196850393701" VPOS="1137.007874015748" HPOS="1255.1181102362204" CONTENT="Saint-Marc" ID="r1l4_2" STYLEREFS="FONT0"/>
            <SP HEIGHT="75.59055118110236" WIDTH="31.496062992125985" VPOS="1137.007874015748" HPOS="1697.6377952755906"/>
            <String HEIGHT="75.59055118110236" WIDTH="316.53543307086613" VPOS="1137.007874015748" HPOS="1603.1496062992126" CONTENT="(temps" ID="r1l4_3" STYLEREFS="FONT0"/>
            <SP HEIGHT="75.59055118110236" WIDTH="31.496062992125985" VPOS="1137.007874015748" HPOS="1918.1102362204724"/>
            <String HEIGHT="75.59055118110236" WIDTH="188.9763779527559" VPOS="1137.007874015748" HPOS="1823.6220472440946" CONTENT="de" ID="r1l4_4" STYLEREFS="FONT0"/>
            <SP HEIGHT="75.59055118110236" WIDTH="31.496062992125985" VPOS="1137.007874015748" HPOS="2014.1732283464567"/>
            <String HEIGHT="75.59055118110236" WIDTH="285.03937007874015" VPOS="1137.007874015748" HPOS="1886.6141732283465" CONTENT="pluie)." ID="r1l4_5" STYLEREFS="FONT0"/>
          </TextLine>
          <TextLine ID="r1l5" BASELINE="828" HEIGHT="74.01574803149606" WIDTH="965.3543307086615" VPOS="1229.9212598425197" HPOS="957.4803149606299">
            <String HEIGHT="74.01574803149606" WIDTH="392.12598425196853" VPOS="1229.9212598425197" HPOS="927.5590551181102" CONTENT="73" ID="r1l5_1" STYLEREFS="FONT1"/>
            <SP HEIGHT="74.01574803149606" WIDTH="29.921259842519685" VPOS="1229.9212598425197" HPOS="1319.6850393700788"/>
            <String HEIGHT="74.01574803149606" WIDTH="181.10236220472441" VPOS="1229.9212598425197" HPOS="1228.3464566929133" CONTENT="Un" ID="r1l5_2" STYLEREFS="FONT0"/>
            <SP HEIGHT="74.01574803149606" WIDTH="29.921259842519685" VPOS="1229.9212598425197" HPOS="1409.4488188976377"/>
            <String HEIGHT="74.01574803149606" WIDTH="240.9448818897638" VPOS="1229.9212598425197" HPOS="1319.6850393700788" CONTENT="coin" ID="r1l5_3" STYLEREFS="FONT0"/>
            <SP HEIGHT="74.01574803149606" WIDTH="29.921259842519685" VPOS="1229.9212598425197" HPOS="1560.6299212598426"/>
            <String HEIGHT="74.01574803149606" WIDTH="211.0236220472441" VPOS="1229.9212598425197" HPOS="1470.8661417322835" CONTENT="des" ID="r1l5_4" STYLEREFS="FONT0"/>
            <SP HEIGHT="74.01574803149606" WIDTH="29.921259842519685" VPOS="1229.9212598425197" HPOS="1681.8897637795276"/>
            <String HEIGHT="74.01574803149606" WIDTH="362.20472440944883" VPOS="1229.9212598425197" HPOS="1560.6299212598426" CONTENT="Tuileries." ID="r1l5_5" STYLEREFS="FONT0"/>
          </TextLine>
          <TextLine ID="r1l6" BASELINE="889" HEIGHT="74.01574803149606" WIDTH="677.1653543307086" VPOS="1325.984251968504" HPOS="963.7795275590552">
            <String HEIGHT="74.01574803149606" WIDTH="382.6771653543307" VPOS="1325.984251968504" HPOS="933.8582677165355" CONTENT="74" ID="r1l6_1" STYLEREFS="FONT1"/>
            <SP HEIGHT="74.01574803149606" WIDTH="29.921259842519685" VPOS="1325.984251968504" HPOS="1316.5354330708662"/>
            <String HEIGHT="74.01574803149606" WIDTH="294.48818897637796" VPOS="1325.984251968504" HPOS="1228.3464566929133" CONTENT="Nature" ID="r1l6_2" STYLEREFS="FONT0"/>
            <SP HEIGHT="74.01574803149606" WIDTH="29.921259842519685" VPOS="1325.984251968504" HPOS="1522.8346456692914"/>
            <String HEIGHT="74.01574803149606" WIDTH="236.2204724409449" VPOS="1325.984251968504" HPOS="1404.724409448819" CONTENT="morte." ID="r1l6_3" STYLEREFS="FONT0"/>
          </TextLine>
          <TextLine ID="r1l7" BASELINE="1091" HEIGHT="74.01574803149606" WIDTH="1870.8661417322835" VPOS="1644.0944881889764" HPOS="798.4251968503937">
            <String HEIGHT="74.01574803149606" WIDTH="502.3622047244094" VPOS="1644.0944881889764" HPOS="752.7559055118111" CONTENT="ANGRANB" ID="r1l7_1" STYLEREFS="FONT0"/>
            <SP HEIGHT="74.01574803149606" WIDTH="45.669291338582674" VPOS="1644.0944881889764" HPOS="1255.1181102362204"/>
            <String HEIGHT="74.01574803149606" WIDTH="639.3700787401575" VPOS="1644.0944881889764" HPOS="1118.1102362204724" CONTENT="(Charles)." ID="r1l7_2" STYLEREFS="FONT0"/>
            <SP HEIGHT="74.01574803149606" WIDTH="45.669291338582674" VPOS="1644.0944881889764" HPOS="1755.9055118110236"/>
            <String HEIGHT="74.01574803149606" WIDTH="228.3464566929134" VPOS="1644.0944881889764" HPOS="1620.4724409448818" CONTENT="—" ID="r1l7_3" STYLEREFS="FONT0"/>
            <SP HEIGHT="74.01574803149606" WIDTH="45.669291338582674" VPOS="1644.0944881889764" HPOS="1847.244094488189"/>
            <String HEIGHT="74.01574803149606" WIDTH="319.68503937007875" VPOS="1644.0944881889764" HPOS="1711.8110236220473" CONTENT="48," ID="r1l7_4" STYLEREFS="FONT0"/>
            <SP HEIGHT="74.01574803149606" WIDTH="45.669291338582674" VPOS="1644.0944881889764" HPOS="2029.9212598425197"/>
            <String HEIGHT="74.01574803149606" WIDTH="365.3543307086614" VPOS="1644.0944881889764" HPOS="1892.9133858267717" CONTENT="cité" ID="r1l7_5" STYLEREFS="FONT0"/>
            <SP HEIGHT="74.01574803149606" WIDTH="45.669291338582674" VPOS="1644.0944881889764" HPOS="2258.267716535433"/>
            <String HEIGHT="74.01574803149606" WIDTH="274.01574803149606" VPOS="1644.0944881889764" HPOS="2121.259842519685" CONTENT="de" ID="r1l7_6" STYLEREFS="FONT0"/>
            <SP HEIGHT="74.01574803149606" WIDTH="45.669291338582674" VPOS="1644.0944881889764" HPOS="2395.2755905511813"/>
            <String HEIGHT="74.01574803149606" WIDTH="456.6929133858268" VPOS="1644.0944881889764" HPOS="2258.267716535433" CONTENT="Limes," ID="r1l7_7" STYLEREFS="FONT0"/>
            <SP HEIGHT="74.01574803149606" WIDTH="45.669291338582674" VPOS="1644.0944881889764" HPOS="2714.9606299212596"/>
            <String HEIGHT="74.01574803149606" WIDTH="137.00787401574803" VPOS="1644.0944881889764" HPOS="2532.283464566929" CONTENT="à" ID="r1l7_8" STYLEREFS="FONT0"/>
          </TextLine>
          <TextLine ID="r1l8" BASELINE="1150" HEIGHT="74.01574803149606" WIDTH="286.61417322834643" VPOS="1737.007874015748" HPOS="825.1968503937007">
            <String HEIGHT="74.01574803149606" WIDTH="368.503937007874" VPOS="1737.007874015748" HPOS="743.3070866141733" CONTENT="Dieppe." ID="r1l8_1" STYLEREFS="FONT0"/>
          </TextLine>
          <TextLine ID="r1l9" BASELINE="1277" HEIGHT="66.14173228346456" WIDTH="500.78740157480314" VPOS="1944.8818897637796" HPOS="959.0551181102362">
            <String HEIGHT="66.14173228346456" WIDTH="343.3070866141732" VPOS="1944.8818897637796" HPOS="932.2834645669292" CONTENT="75" ID="r1l9_1" STYLEREFS="FONT1"/>
            <SP HEIGHT="66.14173228346456" WIDTH="26.771653543307085" VPOS="1944.8818897637796" HPOS="1275.5905511811025"/>
            <String HEIGHT="66.14173228346456" WIDTH="157.48031496062993" VPOS="1944.8818897637796" HPOS="1196.8503937007874" CONTENT="Au" ID="r1l9_2" STYLEREFS="FONT0"/>
            <SP HEIGHT="66.14173228346456" WIDTH="26.771653543307085" VPOS="1944.8818897637796" HPOS="1354.3307086614172"/>
            <String HEIGHT="66.14173228346456" WIDTH="211.0236220472441" VPOS="1944.8818897637796" HPOS="1248.8188976377953" CONTENT="puits." ID="r1l9_3" STYLEREFS="FONT0"/>
          </TextLine>
          <TextLine ID="r1l10" BASELINE="1344" HEIGHT="86.61417322834646" WIDTH="1738.5826771653544" VPOS="2029.9212598425197" HPOS="911.8110236220473">
            <String HEIGHT="86.61417322834646" WIDTH="459.84251968503935" VPOS="2029.9212598425197" HPOS="878.7401574803149" CONTENT="*76" ID="r1l10_1" STYLEREFS="FONT1"/>
            <SP HEIGHT="86.61417322834646" WIDTH="33.07086614173228" VPOS="2029.9212598425197" HPOS="1338.5826771653544"/>
            <String HEIGHT="86.61417322834646" WIDTH="229.92125984251967" VPOS="2029.9212598425197" HPOS="1239.3700787401574" CONTENT="Sur" ID="r1l10_2" STYLEREFS="FONT0"/>
            <SP HEIGHT="86.61417322834646" WIDTH="33.07086614173228" VPOS="2029.9212598425197" HPOS="1469.291338582677"/>
            <String HEIGHT="86.61417322834646" WIDTH="196.8503937007874" VPOS="2029.9212598425197" HPOS="1371.6535433070867" CONTENT="le" ID="r1l10_3" STYLEREFS="FONT0"/>
            <SP HEIGHT="86.61417322834646" WIDTH="33.07086614173228" VPOS="2029.9212598425197" HPOS="1568.5039370078741"/>
            <String HEIGHT="86.61417322834646" WIDTH="294.48818897637796" VPOS="2029.9212598425197" HPOS="1469.291338582677" CONTENT="seuil" ID="r1l10_4" STYLEREFS="FONT0"/>
            <SP HEIGHT="86.61417322834646" WIDTH="33.07086614173228" VPOS="2029.9212598425197" HPOS="1765.3543307086613"/>
            <String HEIGHT="86.61417322834646" WIDTH="491.33858267716533" VPOS="2029.9212598425197" HPOS="1666.1417322834645" CONTENT="(appartient" ID="r1l10_5" STYLEREFS="FONT0"/>
            <SP HEIGHT="86.61417322834646" WIDTH="33.07086614173228" VPOS="2029.9212598425197" HPOS="2159.0551181102364"/>
            <String HEIGHT="86.61417322834646" WIDTH="196.8503937007874" VPOS="2029.9212598425197" HPOS="2059.8425196850394" CONTENT="au" ID="r1l10_6" STYLEREFS="FONT0"/>
            <SP HEIGHT="86.61417322834646" WIDTH="33.07086614173228" VPOS="2029.9212598425197" HPOS="2256.6929133858266"/>
            <String HEIGHT="86.61417322834646" WIDTH="196.8503937007874" VPOS="2029.9212598425197" HPOS="2159.0551181102364" CONTENT="Dr" ID="r1l10_7" STYLEREFS="FONT0"/>
            <SP HEIGHT="86.61417322834646" WIDTH="33.07086614173228" VPOS="2029.9212598425197" HPOS="2355.9055118110236"/>
            <String HEIGHT="86.61417322834646" WIDTH="262.99212598425197" VPOS="2029.9212598425197" HPOS="2256.6929133858266" CONTENT="Aug." ID="r1l10_8" STYLEREFS="FONT0"/>
            <SP HEIGHT="86.61417322834646" WIDTH="33.07086614173228" VPOS="2029.9212598425197" HPOS="2519.685039370079"/>
            <String HEIGHT="86.61417322834646" WIDTH="262.99212598425197" VPOS="2029.9212598425197" HPOS="2387.4015748031497" CONTENT="Vigou" ID="r1l10_9" STYLEREFS="FONT0"/>
          </TextLine>
          <TextLine ID="r1l11" BASELINE="1396" HEIGHT="70.86614173228347" WIDTH="212.5984251968504" VPOS="2127.5590551181103" HPOS="1233.0708661417323">
            <String HEIGHT="70.86614173228347" WIDTH="283.46456692913387" VPOS="2127.5590551181103" HPOS="1162.2047244094488" CONTENT="roux)." ID="r1l11_1" STYLEREFS="FONT0"/>
          </TextLine>
          <TextLine ID="r1l12" BASELINE="1458" HEIGHT="72.44094488188976" WIDTH="874.0157480314961" VPOS="2223.6220472440946" HPOS="963.7795275590552">
            <String HEIGHT="72.44094488188976" WIDTH="392.12598425196853" VPOS="2223.6220472440946" HPOS="933.8582677165355" CONTENT="77" ID="r1l12_1" STYLEREFS="FONT1"/>
            <SP HEIGHT="72.44094488188976" WIDTH="29.921259842519685" VPOS="2223.6220472440946" HPOS="1325.984251968504"/>
            <String HEIGHT="72.44094488188976" WIDTH="181.10236220472441" VPOS="2223.6220472440946" HPOS="1234.6456692913387" CONTENT="Le" ID="r1l12_2" STYLEREFS="FONT0"/>
            <SP HEIGHT="72.44094488188976" WIDTH="29.921259842519685" VPOS="2223.6220472440946" HPOS="1415.748031496063"/>
            <String HEIGHT="72.44094488188976" WIDTH="270.86614173228344" VPOS="2223.6220472440946" HPOS="1325.984251968504" CONTENT="chien" ID="r1l12_3" STYLEREFS="FONT0"/>
            <SP HEIGHT="72.44094488188976" WIDTH="29.921259842519685" VPOS="2223.6220472440946" HPOS="1596.8503937007874"/>
            <String HEIGHT="72.44094488188976" WIDTH="362.20472440944883" VPOS="2223.6220472440946" HPOS="1475.5905511811025" CONTENT="maraudeur." ID="r1l12_4" STYLEREFS="FONT0"/>
          </TextLine>
          <TextLine ID="r1l13" BASELINE="1673" HEIGHT="75.59055118110236" WIDTH="1908.6614173228347" VPOS="2559.0551181102364" HPOS="755.9055118110236">
            <String HEIGHT="75.59055118110236" WIDTH="604.7244094488188" VPOS="2559.0551181102364" HPOS="708.6614173228346" CONTENT="ANITCHKOF" ID="r1l13_1" STYLEREFS="FONT0"/>
            <SP HEIGHT="75.59055118110236" WIDTH="47.24409448818898" VPOS="2559.0551181102364" HPOS="1314.9606299212599"/>
            <String HEIGHT="75.59055118110236" WIDTH="744.8818897637796" VPOS="2559.0551181102364" HPOS="1174.8031496062993" CONTENT="(Alexandre)," ID="r1l13_2" STYLEREFS="FONT0"/>
            <SP HEIGHT="75.59055118110236" WIDTH="47.24409448818898" VPOS="2559.0551181102364" HPOS="1919.6850393700788"/>
            <String HEIGHT="75.59055118110236" WIDTH="278.74015748031496" VPOS="2559.0551181102364" HPOS="1779.5275590551182" CONTENT="né" ID="r1l13_3" STYLEREFS="FONT0"/>
            <SP HEIGHT="75.59055118110236" WIDTH="47.24409448818898" VPOS="2559.0551181102364" HPOS="2059.8425196850394"/>
            <String HEIGHT="75.59055118110236" WIDTH="233.0708661417323" VPOS="2559.0551181102364" HPOS="1919.6850393700788" CONTENT="à" ID="r1l13_4" STYLEREFS="FONT0"/>
            <SP HEIGHT="75.59055118110236" WIDTH="47.24409448818898" VPOS="2559.0551181102364" HPOS="2152.755905511811"/>
            <String HEIGHT="75.59055118110236" WIDTH="697.6377952755905" VPOS="2559.0551181102364" HPOS="1966.9291338582677" CONTENT="Saint" SUBS_TYPE="HypPart1" SUBS_CONTENT="Saintbourg." ID="r1l13_5" STYLEREFS="FONT0"/>
            <HYP CONTENT="-"/>
          </TextLine>
          <TextLine ID="r1l14" BASELINE="1736" HEIGHT="83.46456692913385" WIDTH="1415.748031496063" VPOS="2650.3937007874015" HPOS="822.0472440944882">
            <String HEIGHT="83.46456692913385" WIDTH="373.2283464566929" VPOS="2650.3937007874015" HPOS="784.2519685039371" CONTENT="bourg." SUBS_TYPE="HypPart2" SUBS_CONTENT="Saintbourg." ID="r1l14_1" STYLEREFS="FONT0"/>
            <SP HEIGHT="83.46456692913385" WIDTH="37.79527559055118" VPOS="2650.3937007874015" HPOS="1157.4803149606298"/>
            <String HEIGHT="83.46456692913385" WIDTH="185.82677165354332" VPOS="2650.3937007874015" HPOS="1045.6692913385828" CONTENT="—" ID="r1l14_2" STYLEREFS="FONT0"/>
            <SP HEIGHT="83.46456692913385" WIDTH="37.79527559055118" VPOS="2650.3937007874015" HPOS="1231.4960629921259"/>
            <String HEIGHT="83.46456692913385" WIDTH="261.4173228346457" VPOS="2650.3937007874015" HPOS="1119.6850393700788" CONTENT="59," ID="r1l14_3" STYLEREFS="FONT0"/>
            <SP HEIGHT="83.46456692913385" WIDTH="37.79527559055118" VPOS="2650.3937007874015" HPOS="1381.1023622047244"/>
            <String HEIGHT="83.46456692913385" WIDTH="261.4173228346457" VPOS="2650.3937007874015" HPOS="1269.291338582677" CONTENT="rue" ID="r1l14_4" STYLEREFS="FONT0"/>
            <SP HEIGHT="83.46456692913385" WIDTH="37.79527559055118" VPOS="2650.3937007874015" HPOS="1530.708661417323"/>
            <String HEIGHT="83.46456692913385" WIDTH="261.4173228346457" VPOS="2650.3937007874015" HPOS="1418.8976377952756" CONTENT="des" ID="r1l14_5" STYLEREFS="FONT0"/>
            <SP HEIGHT="83.46456692913385" WIDTH="37.79527559055118" VPOS="2650.3937007874015" HPOS="1678.740157480315"/>
            <String HEIGHT="83.46456692913385" WIDTH="633.0708661417323" VPOS="2650.3937007874015" HPOS="1566.9291338582677" CONTENT="Saints-Pères," ID="r1l14_6" STYLEREFS="FONT0"/>
            <SP HEIGHT="83.46456692913385" WIDTH="37.79527559055118" VPOS="2650.3937007874015" HPOS="2200.0"/>
            <String HEIGHT="83.46456692913385" WIDTH="185.82677165354332" VPOS="2650.3937007874015" HPOS="2051.968503937008" CONTENT="6e." ID="r1l14_7" STYLEREFS="FONT0"/>
          </TextLine>
          <TextLine ID="r1l15" BASELINE="1859" HEIGHT="69.29133858267717" WIDTH="1223.6220472440946" VPOS="2858.267716535433" HPOS="973.2283464566929">
            <String HEIGHT="69.29133858267717" WIDTH="398.4251968503937" VPOS="2858.267716535433" HPOS="943.3070866141733" CONTENT="78" ID="r1l15_1" STYLEREFS="FONT1"/>
            <SP HEIGHT="69.29133858267717" WIDTH="29.921259842519685" VPOS="2858.267716535433" HPOS="1340.1574803149606"/>
            <String HEIGHT="69.29133858267717" WIDTH="398.4251968503937" VPOS="2858.267716535433" HPOS="1248.8188976377953" CONTENT="Septembre" ID="r1l15_2" STYLEREFS="FONT0"/>
            <SP HEIGHT="69.29133858267717" WIDTH="29.921259842519685" VPOS="2858.267716535433" HPOS="1645.6692913385828"/>
            <String HEIGHT="69.29133858267717" WIDTH="275.59055118110234" VPOS="2858.267716535433" HPOS="1554.3307086614172" CONTENT="(nord" ID="r1l15_3" STYLEREFS="FONT0"/>
            <SP HEIGHT="69.29133858267717" WIDTH="29.921259842519685" VPOS="2858.267716535433" HPOS="1829.9212598425197"/>
            <String HEIGHT="69.29133858267717" WIDTH="184.251968503937" VPOS="2858.267716535433" HPOS="1738.5826771653544" CONTENT="de" ID="r1l15_4" STYLEREFS="FONT0"/>
            <SP HEIGHT="69.29133858267717" WIDTH="29.921259842519685" VPOS="2858.267716535433" HPOS="1921.259842519685"/>
            <String HEIGHT="69.29133858267717" WIDTH="184.251968503937" VPOS="2858.267716535433" HPOS="1829.9212598425197" CONTENT="la" ID="r1l15_5" STYLEREFS="FONT0"/>
            <SP HEIGHT="69.29133858267717" WIDTH="29.921259842519685" VPOS="2858.267716535433" HPOS="2012.5984251968505"/>
            <String HEIGHT="69.29133858267717" WIDTH="305.51181102362204" VPOS="2858.267716535433" HPOS="1891.3385826771653" CONTENT="Russie)." ID="r1l15_6" STYLEREFS="FONT0"/>
          </TextLine>
          <TextLine ID="r1l16" BASELINE="1920" HEIGHT="72.44094488188976" WIDTH="1611.023622047244" VPOS="2951.181102362205" HPOS="973.2283464566929">
            <String HEIGHT="72.44094488188976" WIDTH="418.8976377952756" VPOS="2951.181102362205" HPOS="941.7322834645669" CONTENT="79" ID="r1l16_1" STYLEREFS="FONT1"/>
            <SP HEIGHT="72.44094488188976" WIDTH="31.496062992125985" VPOS="2951.181102362205" HPOS="1360.6299212598426"/>
            <String HEIGHT="72.44094488188976" WIDTH="418.8976377952756" VPOS="2951.181102362205" HPOS="1262.992125984252" CONTENT="Semailles" ID="r1l16_2" STYLEREFS="FONT0"/>
            <SP HEIGHT="72.44094488188976" WIDTH="31.496062992125985" VPOS="2951.181102362205" HPOS="1681.8897637795276"/>
            <String HEIGHT="72.44094488188976" WIDTH="418.8976377952756" VPOS="2951.181102362205" HPOS="1585.8267716535433" CONTENT="d’automne" ID="r1l16_3" STYLEREFS="FONT0"/>
            <SP HEIGHT="72.44094488188976" WIDTH="31.496062992125985" VPOS="2951.181102362205" HPOS="2004.724409448819"/>
            <String HEIGHT="72.44094488188976" WIDTH="289.76377952755905" VPOS="2951.181102362205" HPOS="1907.0866141732283" CONTENT="(Nord" ID="r1l16_4" STYLEREFS="FONT0"/>
            <SP HEIGHT="72.44094488188976" WIDTH="31.496062992125985" VPOS="2951.181102362205" HPOS="2196.850393700787"/>
            <String HEIGHT="72.44094488188976" WIDTH="193.70078740157481" VPOS="2951.181102362205" HPOS="2100.787401574803" CONTENT="de" ID="r1l16_5" STYLEREFS="FONT0"/>
            <SP HEIGHT="72.44094488188976" WIDTH="31.496062992125985" VPOS="2951.181102362205" HPOS="2294.488188976378"/>
            <String HEIGHT="72.44094488188976" WIDTH="193.70078740157481" VPOS="2951.181102362205" HPOS="2196.850393700787" CONTENT="la" ID="r1l16_6" STYLEREFS="FONT0"/>
            <SP HEIGHT="72.44094488188976" WIDTH="31.496062992125985" VPOS="2951.181102362205" HPOS="2390.551181102362"/>
            <String HEIGHT="72.44094488188976" WIDTH="322.8346456692913" VPOS="2951.181102362205" HPOS="2261.417322834646" CONTENT="Russie)." ID="r1l16_7" STYLEREFS="FONT0"/>
          </TextLine>
          <TextLine ID="r1l17" BASELINE="1982" HEIGHT="72.44094488188976" WIDTH="1459.8425196850394" VPOS="3048.818897637795" HPOS="962.2047244094488">
            <String HEIGHT="72.44094488188976" WIDTH="422.0472440944882" VPOS="3048.818897637795" HPOS="929.1338582677165" CONTENT="80" ID="r1l17_1" STYLEREFS="FONT1"/>
            <SP HEIGHT="72.44094488188976" WIDTH="33.07086614173228" VPOS="3048.818897637795" HPOS="1351.1811023622047"/>
            <String HEIGHT="72.44094488188976" WIDTH="357.4803149606299" VPOS="3048.818897637795" HPOS="1253.5433070866143" CONTENT="Octobre" ID="r1l17_2" STYLEREFS="FONT0"/>
            <SP HEIGHT="72.44094488188976" WIDTH="33.07086614173228" VPOS="3048.818897637795" HPOS="1611.023622047244"/>
            <String HEIGHT="72.44094488188976" WIDTH="324.40944881889766" VPOS="3048.818897637795" HPOS="1513.3858267716535" CONTENT="humide" ID="r1l17_3" STYLEREFS="FONT0"/>
            <SP HEIGHT="72.44094488188976" WIDTH="33.07086614173228" VPOS="3048.818897637795" HPOS="1837.7952755905512"/>
            <String HEIGHT="72.44094488188976" WIDTH="291.33858267716533" VPOS="3048.818897637795" HPOS="1740.1574803149606" CONTENT="(Nord" ID="r1l17_4" STYLEREFS="FONT0"/>
            <SP HEIGHT="72.44094488188976" WIDTH="33.07086614173228" VPOS="3048.818897637795" HPOS="2033.0708661417323"/>
            <String HEIGHT="72.44094488188976" WIDTH="195.2755905511811" VPOS="3048.818897637795" HPOS="1935.4330708661416" CONTENT="de" ID="r1l17_5" STYLEREFS="FONT0"/>
            <SP HEIGHT="72.44094488188976" WIDTH="33.07086614173228" VPOS="3048.818897637795" HPOS="2130.7086614173227"/>
            <String HEIGHT="72.44094488188976" WIDTH="195.2755905511811" VPOS="3048.818897637795" HPOS="2033.0708661417323" CONTENT="la" ID="r1l17_6" STYLEREFS="FONT0"/>
            <SP HEIGHT="72.44094488188976" WIDTH="33.07086614173228" VPOS="3048.818897637795" HPOS="2226.771653543307"/>
            <String HEIGHT="72.44094488188976" WIDTH="324.40944881889766" VPOS="3048.818897637795" HPOS="2097.6377952755906" CONTENT="Russie)." ID="r1l17_7" STYLEREFS="FONT0"/>
          </TextLine>
          <TextLine ID="r1l18" BASELINE="2191" HEIGHT="72.44094488188976" WIDTH="1900.7874015748032" VPOS="3377.952755905512" HPOS="757.4803149606299">
            <String HEIGHT="72.44094488188976" WIDTH="574.8031496062993" VPOS="3377.952755905512" HPOS="713.3858267716536" CONTENT="ANNENCOFF" ID="r1l18_1" STYLEREFS="FONT0"/>
            <SP HEIGHT="72.44094488188976" WIDTH="44.09448818897638" VPOS="3377.952755905512" HPOS="1288.1889763779527"/>
            <String HEIGHT="72.44094488188976" WIDTH="618.8976377952756" VPOS="3377.952755905512" HPOS="1155.9055118110236" CONTENT="(Georges)," ID="r1l18_2" STYLEREFS="FONT0"/>
            <SP HEIGHT="72.44094488188976" WIDTH="44.09448818897638" VPOS="3377.952755905512" HPOS="1774.8031496062993"/>
            <String HEIGHT="72.44094488188976" WIDTH="264.56692913385825" VPOS="3377.952755905512" HPOS="1640.9448818897638" CONTENT="né" ID="r1l18_3" STYLEREFS="FONT0"/>
            <SP HEIGHT="72.44094488188976" WIDTH="44.09448818897638" VPOS="3377.952755905512" HPOS="1907.0866141732283"/>
            <String HEIGHT="72.44094488188976" WIDTH="264.56692913385825" VPOS="3377.952755905512" HPOS="1774.8031496062993" CONTENT="au" ID="r1l18_4" STYLEREFS="FONT0"/>
            <SP HEIGHT="72.44094488188976" WIDTH="44.09448818897638" VPOS="3377.952755905512" HPOS="2039.3700787401574"/>
            <String HEIGHT="72.44094488188976" WIDTH="618.8976377952756" VPOS="3377.952755905512" HPOS="1907.0866141732283" CONTENT="Kamtchatka" ID="r1l18_5" STYLEREFS="FONT0"/>
            <SP HEIGHT="72.44094488188976" WIDTH="44.09448818897638" VPOS="3377.952755905512" HPOS="2525.984251968504"/>
            <String HEIGHT="72.44094488188976" WIDTH="308.66141732283467" VPOS="3377.952755905512" HPOS="2349.6062992125985" CONTENT="(Bus" SUBS_TYPE="HypPart1" SUBS_CONTENT="(Bussie)." ID="r1l18_6" STYLEREFS="FONT0"/>
            <HYP CONTENT="-"/>
          </TextLine>
          <TextLine ID="r1l19" BASELINE="2255" HEIGHT="77.16535433070867" WIDTH="1420.4724409448818" VPOS="3474.015748031496" HPOS="831.496062992126">
            <String HEIGHT="77.16535433070867" WIDTH="337.00787401574803" VPOS="3474.015748031496" HPOS="793.7007874015748" CONTENT="sie)." SUBS_TYPE="HypPart2" SUBS_CONTENT="(Bussie)." ID="r1l19_1" STYLEREFS="FONT0"/>
            <SP HEIGHT="77.16535433070867" WIDTH="37.79527559055118" VPOS="3474.015748031496" HPOS="1130.708661417323"/>
            <String HEIGHT="77.16535433070867" WIDTH="187.4015748031496" VPOS="3474.015748031496" HPOS="1018.8976377952756" CONTENT="—" ID="r1l19_2" STYLEREFS="FONT0"/>
            <SP HEIGHT="77.16535433070867" WIDTH="37.79527559055118" VPOS="3474.015748031496" HPOS="1204.724409448819"/>
            <String HEIGHT="77.16535433070867" WIDTH="223.6220472440945" VPOS="3474.015748031496" HPOS="1092.9133858267717" CONTENT="9," ID="r1l19_3" STYLEREFS="FONT0"/>
            <SP HEIGHT="77.16535433070867" WIDTH="37.79527559055118" VPOS="3474.015748031496" HPOS="1318.1102362204724"/>
            <String HEIGHT="77.16535433070867" WIDTH="261.4173228346457" VPOS="3474.015748031496" HPOS="1204.724409448819" CONTENT="rue" ID="r1l19_4" STYLEREFS="FONT0"/>
            <SP HEIGHT="77.16535433070867" WIDTH="37.79527559055118" VPOS="3474.015748031496" HPOS="1467.716535433071"/>
            <String HEIGHT="77.16535433070867" WIDTH="822.0472440944882" VPOS="3474.015748031496" HPOS="1354.3307086614172" CONTENT="Campagne-Première," ID="r1l19_5" STYLEREFS="FONT0"/>
            <SP HEIGHT="77.16535433070867" WIDTH="37.79527559055118" VPOS="3474.015748031496" HPOS="2177.952755905512"/>
            <String HEIGHT="77.16535433070867" WIDTH="223.6220472440945" VPOS="3474.015748031496" HPOS="2028.3464566929133" CONTENT="14e." ID="r1l19_6" STYLEREFS="FONT0"/>
          </TextLine>
          <TextLine ID="r1l20" BASELINE="2378" HEIGHT="85.03937007874016" WIDTH="532.2834645669292" VPOS="3659.8425196850394" HPOS="916.5354330708661">
            <String HEIGHT="85.03937007874016" WIDTH="392.12598425196853" VPOS="3659.8425196850394" HPOS="888.1889763779527" CONTENT="*81" ID="r1l20_1" STYLEREFS="FONT1"/>
            <SP HEIGHT="85.03937007874016" WIDTH="28.346456692913385" VPOS="3659.8425196850394" HPOS="1280.3149606299212"/>
            <String HEIGHT="85.03937007874016" WIDTH="280.31496062992125" VPOS="3659.8425196850394" HPOS="1168.5039370078741" CONTENT="Paysage." ID="r1l20_2" STYLEREFS="FONT0"/>
          </TextLine>
          <TextLine ID="r1l21" BASELINE="2441" HEIGHT="75.59055118110236" WIDTH="1118.1102362204724" VPOS="3768.503937007874" HPOS="963.7795275590552">
            <String HEIGHT="75.59055118110236" WIDTH="392.12598425196853" VPOS="3768.503937007874" HPOS="933.8582677165355" CONTENT="82" ID="r1l21_1" STYLEREFS="FONT1"/>
            <SP HEIGHT="75.59055118110236" WIDTH="29.921259842519685" VPOS="3768.503937007874" HPOS="1325.984251968504"/>
            <String HEIGHT="75.59055118110236" WIDTH="362.20472440944883" VPOS="3768.503937007874" HPOS="1236.2204724409448" CONTENT="Esquisse" ID="r1l21_2" STYLEREFS="FONT0"/>
            <SP HEIGHT="75.59055118110236" WIDTH="29.921259842519685" VPOS="3768.503937007874" HPOS="1598.4251968503936"/>
            <String HEIGHT="75.59055118110236" WIDTH="242.51968503937007" VPOS="3768.503937007874" HPOS="1507.0866141732283" CONTENT="d’un" ID="r1l21_3" STYLEREFS="FONT0"/>
            <SP HEIGHT="75.59055118110236" WIDTH="29.921259842519685" VPOS="3768.503937007874" HPOS="1749.6062992125985"/>
            <String HEIGHT="75.59055118110236" WIDTH="211.0236220472441" VPOS="3768.503937007874" HPOS="1658.267716535433" CONTENT="mur" ID="r1l21_4" STYLEREFS="FONT0"/>
            <SP HEIGHT="75.59055118110236" WIDTH="29.921259842519685" VPOS="3768.503937007874" HPOS="1870.8661417322835"/>
            <String HEIGHT="75.59055118110236" WIDTH="332.2834645669291" VPOS="3768.503937007874" HPOS="1749.6062992125985" CONTENT="d’église." ID="r1l21_5" STYLEREFS="FONT0"/>
          </TextLine>
          <TextLine ID="r1l22" BASELINE="2501" HEIGHT="69.29133858267717" WIDTH="1255.1181102362204" VPOS="3869.2913385826773" HPOS="949.6062992125984">
            <String HEIGHT="69.29133858267717" WIDTH="407.87401574803147" VPOS="3869.2913385826773" HPOS="918.1102362204724" CONTENT="83" ID="r1l22_1" STYLEREFS="FONT1"/>
            <SP HEIGHT="69.29133858267717" WIDTH="31.496062992125985" VPOS="3869.2913385826773" HPOS="1325.984251968504"/>
            <String HEIGHT="69.29133858267717" WIDTH="188.9763779527559" VPOS="3869.2913385826773" HPOS="1231.4960629921259" CONTENT="La" ID="r1l22_2" STYLEREFS="FONT0"/>
            <SP HEIGHT="69.29133858267717" WIDTH="31.496062992125985" VPOS="3869.2913385826773" HPOS="1420.4724409448818"/>
            <String HEIGHT="69.29133858267717" WIDTH="250.39370078740157" VPOS="3869.2913385826773" HPOS="1325.984251968504" CONTENT="fête" ID="r1l22_3" STYLEREFS="FONT0"/>
            <SP HEIGHT="69.29133858267717" WIDTH="31.496062992125985" VPOS="3869.2913385826773" HPOS="1577.9527559055118"/>
            <String HEIGHT="69.29133858267717" WIDTH="188.9763779527559" VPOS="3869.2913385826773" HPOS="1483.4645669291338" CONTENT="de" ID="r1l22_4" STYLEREFS="FONT0"/>
            <SP HEIGHT="69.29133858267717" WIDTH="31.496062992125985" VPOS="3869.2913385826773" HPOS="1670.8661417322835"/>
            <String HEIGHT="69.29133858267717" WIDTH="188.9763779527559" VPOS="3869.2913385826773" HPOS="1577.9527559055118" CONTENT="la" ID="r1l22_5" STYLEREFS="FONT0"/>
            <SP HEIGHT="69.29133858267717" WIDTH="31.496062992125985" VPOS="3869.2913385826773" HPOS="1765.3543307086613"/>
            <String HEIGHT="69.29133858267717" WIDTH="313.38582677165357" VPOS="3869.2913385826773" HPOS="1670.8661417322835" CONTENT="Vierge" ID="r1l22_6" STYLEREFS="FONT0"/>
            <SP HEIGHT="69.29133858267717" WIDTH="31.496062992125985" VPOS="3869.2913385826773" HPOS="1985.8267716535433"/>
            <String HEIGHT="69.29133858267717" WIDTH="344.88188976377955" VPOS="3869.2913385826773" HPOS="1859.8425196850394" CONTENT="(détail)." ID="r1l22_7" STYLEREFS="FONT0"/>
          </TextLine>
        </TextBlock>
      </PrintSpace>
    </Page>
  </Layout>
</alto>
