3036.220472440945 4710.236220472441
1258.267716535433 598.4251968503937 239.37007874015748 77.16535433070867 35

359.0551181102362 782.6771653543307 464.56692913385825 92.91338582677166 BENÉZIT
697.6377952755905 782.6771653543307 970.0787401574803 92.91338582677166 (Emmanuel-Charles),
1541.732283464567 782.6771653543307 253.54330708661416 92.91338582677166 né
1667.716535433071 782.6771653543307 211.0236220472441 92.91338582677166 à
1752.755905511811 782.6771653543307 422.0472440944882 92.91338582677166 Paris.
2047.244094488189 782.6771653543307 211.0236220472441 92.91338582677166 —
2089.763779527559 782.6771653543307 211.0236220472441 92.91338582677166 11,

442.5196850393701 894.488188976378 253.54330708661416 77.16535433070867 rue
587.4015748031496 894.488188976378 615.7480314960629 77.16535433070867 Daniel-Stern,
1058.267716535433 894.488188976378 217.3228346456693 77.16535433070867 15e.

581.1023622047244 1072.4409448818897 440.9448818897638 81.88976377952756 255
927.5590551181102 1072.4409448818897 188.9763779527559 81.88976377952756 Le
1022.0472440944882 1072.4409448818897 251.96850393700788 81.88976377952756 pont
1179.5275590551182 1072.4409448818897 283.46456692913387 81.88976377952756 Royal
1337.007874015748 1072.4409448818897 314.96062992125985 81.88976377952756 (Paris).

574.8031496062993 1163.7795275590552 448.81889763779526 85.03937007874016 256
927.5590551181102 1163.7795275590552 192.1259842519685 85.03937007874016 Le
1023.6220472440945 1163.7795275590552 256.6929133858268 85.03937007874016 pont
1184.251968503937 1163.7795275590552 288.18897637795277 85.03937007874016 Marie
1343.3070866141732 1163.7795275590552 321.25984251968504 85.03937007874016 (Paris).

598.4251968503937 1253.5433070866143 434.6456692913386 91.33858267716535 257
940.1574803149606 1253.5433070866143 185.82677165354332 91.33858267716535 Le
1033.0708661417323 1253.5433070866143 310.23622047244095 91.33858267716535 moulin
1250.3937007874015 1253.5433070866143 247.24409448818898 91.33858267716535 dans
1404.724409448819 1253.5433070866143 217.3228346456693 91.33858267716535 les
1529.1338582677165 1253.5433070866143 247.24409448818898 91.33858267716535 blés
1651.9685039370079 1253.5433070866143 434.6456692913386 91.33858267716535 (Itancourt),

351.18110236220474 1618.8976377952756 793.7007874015748 83.46456692913385 BÉNONI-AURAN,
1004.7244094488188 1618.8976377952756 280.31496062992125 83.46456692913385 né
1144.8818897637796 1618.8976377952756 233.0708661417323 83.46456692913385 à
1237.7952755905512 1618.8976377952756 513.3858267716536 83.46456692913385 Monteux
1565.3543307086613 1618.8976377952756 606.2992125984252 83.46456692913385 (Vaucluse),

469.29133858267716 1721.259842519685 261.4173228346457 75.59055118110236 12,
618.8976377952756 1721.259842519685 261.4173228346457 75.59055118110236 rue
768.503937007874 1721.259842519685 223.6220472440945 75.59055118110236 du
880.3149606299213 1721.259842519685 784.2519685039371 75.59055118110236 Moulin-de-Beurre,
1516.5354330708662 1721.259842519685 223.6220472440945 75.59055118110236 14e.

543.3070866141733 1910.236220472441 532.2834645669292 86.61417322834646 *258
970.0787401574803 1910.236220472441 461.4173228346457 86.61417322834646 Resurrexi
1324.4094488188975 1910.236220472441 212.5984251968504 86.61417322834646 et
1431.4960629921259 1910.236220472441 319.68503937007875 86.61417322834646 adhuc
1644.0944881889764 1910.236220472441 319.68503937007875 86.61417322834646 Tecum
1856.6929133858268 1910.236220472441 283.46456692913387 86.61417322834646 Sumn
1998.4251968503936 1910.236220472441 319.68503937007875 86.61417322834646 (appar-

925.9842519685039 2007.8740157480315 321.25984251968504 77.16535433070867 tient
1141.732283464567 2007.8740157480315 214.17322834645668 77.16535433070867 au
1248.8188976377953 2007.8740157480315 321.25984251968504 77.16535433070867 baron
1462.992125984252 2007.8740157480315 321.25984251968504 77.16535433070867 Just,
1677.1653543307086 2007.8740157480315 214.17322834645668 77.16535433070867 de
1749.6062992125985 2007.8740157480315 357.4803149606299 77.16535433070867 Bernon).

588.9763779527559 2111.8110236220473 377.9527559055118 81.88976377952756 259
858.2677165354331 2111.8110236220473 242.51968503937007 81.88976377952756 Fleurs.

587.4015748031496 2201.5748031496064 409.4488188976378 85.03937007874016 260
908.6614173228346 2201.5748031496064 321.25984251968504 85.03937007874016 Tableau
1113.3858267716535 2201.5748031496064 321.25984251968504 85.03937007874016 (figure).

374.8031496062992 2565.3543307086616 525.9842519685039 80.31496062992126 BERGEVIN
770.0787401574803 2565.3543307086616 570.0787401574803 80.31496062992126 (Albert),
1209.4488188976377 2565.3543307086616 262.99212598425197 80.31496062992126 né
1340.1574803149606 2565.3543307086616 218.89763779527559 80.31496062992126 à
1428.3464566929133 2565.3543307086616 614.1732283464567 80.31496062992126 Avranches.
1910.236220472441 2565.3543307086616 218.89763779527559 80.31496062992126 —
1998.4251968503936 2565.3543307086616 307.0866141732283 80.31496062992126 35,
2130.7086614173227 2565.3543307086616 218.89763779527559 80.31496062992126 rue

462.99212598425197 2658.267716535433 450.3937007874016 81.88976377952756 Capron,
790.5511811023622 2658.267716535433 409.4488188976378 81.88976377952756 Paris,
1077.1653543307086 2658.267716535433 245.66929133858267 81.88976377952756 et
1200.0 2658.267716535433 532.2834645669292 81.88976377952756 Avranches
1566.9291338582677 2658.267716535433 450.3937007874016 81.88976377952756 (Manche).

607.8740157480315 2862.9921259842517 420.4724409448819 81.88976377952756 261
938.5826771653543 2862.9921259842517 179.5275590551181 81.88976377952756 Le
1028.3464566929133 2862.9921259842517 300.78740157480314 81.88976377952756 cirque
1237.7952755905512 2862.9921259842517 209.4488188976378 81.88976377952756 sur
1357.4803149606298 2862.9921259842517 179.5275590551181 81.88976377952756 la
1418.8976377952756 2862.9921259842517 239.37007874015748 81.88976377952756 place.

598.4251968503937 2957.48031496063 425.1968503937008 83.46456692913385 262
932.2834645669292 2957.48031496063 182.6771653543307 83.46456692913385 La
1023.6220472440945 2957.48031496063 212.5984251968504 83.46456692913385 rue
1144.8818897637796 2957.48031496063 152.75590551181102 83.46456692913385 à
1174.8031496062993 2957.48031496063 365.3543307086614 83.46456692913385 l’ivrogne.

603.1496062992126 3039.3700787401576 448.81889763779526 97.63779527559055 263
954.3307086614174 3039.3700787401576 415.748031496063 97.63779527559055 Clownerie
1275.5905511811025 3039.3700787401576 448.81889763779526 97.63779527559055 (aquarelle
1628.3464566929133 3039.3700787401576 256.6929133858268 97.63779527559055 deux
1755.9055118110236 3039.3700787401576 384.251968503937 97.63779527559055 feuilles).

366.92913385826773 3407.8740157480315 407.87401574803147 89.76377952755905 BERGON
651.9685039370079 3407.8740157480315 896.0629921259842 89.76377952755905 (François-Marius),
1426.7716535433071 3407.8740157480315 244.09448818897638 89.76377952755905 né
1548.0314960629921 3407.8740157480315 203.1496062992126 89.76377952755905 à
1629.9212598425197 3407.8740157480315 488.18897637795277 89.76377952755905 Narbonne
1955.9055118110236 3407.8740157480315 366.92913385826773 89.76377952755905 (Aude).

560.6299212598425 3511.8110236220473 255.11811023622047 80.31496062992126 29,
705.511811023622 3511.8110236220473 255.11811023622047 80.31496062992126 rue
851.9685039370079 3511.8110236220473 255.11811023622047 80.31496062992126 des
996.8503937007874 3511.8110236220473 727.5590551181102 80.31496062992126 Petites-Ecuries,
1579.5275590551182 3511.8110236220473 218.89763779527559 80.31496062992126 10e.

601.5748031496063 3710.236220472441 492.9133858267717 88.18897637795276 264
987.4015748031496 3710.236220472441 316.53543307086613 88.18897637795276 Femme
1198.4251968503936 3710.236220472441 176.3779527559055 88.18897637795276 à
1269.291338582677 3710.236220472441 211.0236220472441 88.18897637795276 la
1338.5826771653544 3710.236220472441 281.8897637795276 88.18897637795276 pomme.

609.4488188976378 3798.4251968503936 447.244094488189 96.06299212598425 265
960.6299212598425 3798.4251968503936 255.11811023622047 96.06299212598425 Tête
1119.6850393700788 3798.4251968503936 351.18110236220474 96.06299212598425 d’homme
1376.3779527559054 3798.4251968503936 351.18110236220474 96.06299212598425 (dessin
1600.0 3798.4251968503936 382.6771653543307 96.06299212598425 sanguine).
