3036.220472440945 4710.236220472441
423.62204724409446 790.5511811023622 577.9527559055118 74.01574803149606 COUSTURIER
877.1653543307086 790.5511811023622 330.70866141732284 74.01574803149606 (Mme
1085.0393700787401 790.5511811023622 620.4724409448819 74.01574803149606 Henriette),
1579.5275590551182 790.5511811023622 289.76377952755905 74.01574803149606 née
1744.8818897637796 790.5511811023622 206.29921259842519 74.01574803149606 à
1828.3464566929133 790.5511811023622 371.65354330708664 74.01574803149606 Dijon
2034.6456692913387 790.5511811023622 330.70866141732284 74.01574803149606 (Côte-

551.1811023622047 880.3149606299213 69.29133858267717 77.16535433070867 d’Or).
598.4251968503937 880.3149606299213 34.645669291338585 77.16535433070867 —
612.5984251968504 880.3149606299213 48.818897637795274 77.16535433070867 11,
640.9448818897638 880.3149606299213 89.76377952755905 77.16535433070867 boulevard
710.2362204724409 880.3149606299213 40.94488188976378 77.16535433070867 de
722.8346456692914 880.3149606299213 62.99212598425197 77.16535433070867 Clichy.

848.8188976377953 1088.1889763779527 340.15748031496065 67.71653543307086 716
1116.5354330708662 1088.1889763779527 170.07874015748033 67.71653543307086 Des
1212.5984251968505 1088.1889763779527 244.09448818897638 67.71653543307086 fleurs
1359.0551181102362 1088.1889763779527 316.53543307086613 67.71653543307086 (peinture).

653.5433070866142 1182.6771653543308 451.9685039370079 70.86614173228347 717
1009.4488188976378 1182.6771653543308 291.33858267716533 70.86614173228347 Santa
1203.1496062992126 1182.6771653543308 291.33858267716533 70.86614173228347 Maria
1398.4251968503936 1182.6771653543308 226.77165354330708 70.86614173228347 dei
1527.5590551181103 1182.6771653543308 291.33858267716533 70.86614173228347 Servi
1721.259842519685 1182.6771653543308 420.4724409448819 70.86614173228347 (Sienne),
2012.5984251968505 1182.6771653543308 387.40157480314963 70.86614173228347 aquarelle.

659.8425196850394 1277.1653543307086 412.59842519685037 69.29133858267717 718
984.2519685039371 1277.1653543307086 146.45669291338584 69.29133858267717 A
1042.5196850393702 1277.1653543307086 324.40944881889766 69.29133858267717 Fiesole
1248.8188976377953 1277.1653543307086 412.59842519685037 69.29133858267717 (aquarelle).

448.81889763779526 1636.2204724409448 560.6299212598425 81.88976377952756 COUTURIER
878.7401574803149 1636.2204724409448 560.6299212598425 81.88976377952756 (Claude),
1310.236220472441 1636.2204724409448 258.26771653543307 81.88976377952756 né
1440.9448818897638 1636.2204724409448 215.748031496063 81.88976377952756 à
1525.984251968504 1636.2204724409448 431.496062992126 81.88976377952756 Paris.
1828.3464566929133 1636.2204724409448 215.748031496063 81.88976377952756 —
1914.9606299212599 1636.2204724409448 302.3622047244094 81.88976377952756 33,
2086.6141732283463 1636.2204724409448 302.3622047244094 81.88976377952756 rue
2215.748031496063 1636.2204724409448 173.22834645669292 81.88976377952756 de

511.81102362204723 1730.708661417323 544.8818897637796 78.74015748031496 Longchamp,
900.7874015748032 1730.708661417323 777.9527559055118 78.74015748031496 Neuilly

640.9448818897638 1935.4330708661416 469.29133858267716 77.16535433070867 719
1009.4488188976378 1935.4330708661416 201.5748031496063 77.16535433070867 La
1110.236220472441 1935.4330708661416 403.1496062992126 77.16535433070867 Roseraie
1411.023622047244 1935.4330708661416 201.5748031496063 77.16535433070867 du
1511.8110236220473 1935.4330708661416 302.3622047244094 77.16535433070867 faune
1713.3858267716535 1935.4330708661416 302.3622047244094 77.16535433070867 (coin
1914.9606299212599 1935.4330708661416 201.5748031496063 77.16535433070867 de
2015.748031496063 1935.4330708661416 267.7165354330709 77.16535433070867 parc
2149.6062992125985 1935.4330708661416 234.64566929133858 77.16535433070867 aban

886.6141732283464 2023.6220472440946 307.0866141732283 75.59055118110236 donné).

642.5196850393701 2121.259842519685 442.5196850393701 72.44094488188976 720
990.5511811023622 2121.259842519685 316.53543307086613 72.44094488188976 Fleurs
1211.023622047244 2121.259842519685 188.9763779527559 72.44094488188976 de
1274.015748031496 2121.259842519685 222.04724409448818 72.44094488188976 Nice.

637.7952755905512 2215.748031496063 444.09448818897636 74.01574803149606 721
985.8267716535433 2215.748031496063 190.5511811023622 74.01574803149606 Au
1081.8897637795276 2215.748031496063 253.54330708661416 74.01574803149606 bois
1239.3700787401574 2215.748031496063 190.5511811023622 74.01574803149606 de
1303.9370078740158 2215.748031496063 348.0314960629921 74.01574803149606 Boulogne.

451.9685039370079 2573.228346456693 352.755905511811 86.61417322834646 CREED
686.6141732283464 2573.228346456693 548.0314960629921 86.61417322834646 (Ninette),
1116.5354330708662 2573.228346456693 274.01574803149606 86.61417322834646 née
1274.015748031496 2573.228346456693 195.2755905511811 86.61417322834646 à
1351.1811023622047 2573.228346456693 390.5511811023622 86.61417322834646 Paris.
1625.1968503937007 2573.228346456693 195.2755905511811 86.61417322834646 —
1703.9370078740158 2573.228346456693 234.64566929133858 86.61417322834646 1,
1820.4724409448818 2573.228346456693 390.5511811023622 86.61417322834646 avenue
2055.1181102362207 2573.228346456693 313.38582677165357 86.61417322834646 Jules-

521.2598425196851 2672.4409448818897 343.3070866141732 72.44094488188976 Janin,
727.5590551181102 2672.4409448818897 206.29921259842519 72.44094488188976 16e.

645.6692913385826 2878.740157480315 423.62204724409446 69.29133858267717 722
977.9527559055118 2878.740157480315 272.4409448818898 69.29133858267717 Etude
1159.0551181102362 2878.740157480315 181.10236220472441 69.29133858267717 de
1218.8976377952756 2878.740157480315 272.4409448818898 69.29133858267717 fleurs.

651.9685039370079 2970.0787401574803 411.0236220472441 72.44094488188976 723
974.8031496062993 2970.0787401574803 264.56692913385825 72.44094488188976 Etude
1151.1811023622047 2970.0787401574803 176.3779527559055 72.44094488188976 de
1211.023622047244 2970.0787401574803 204.7244094488189 72.44094488188976 tête.

659.8425196850394 3062.9921259842517 362.20472440944883 74.01574803149606 724
918.1102362204724 3062.9921259842517 129.13385826771653 74.01574803149606 Nu.

437.79527559055117 3406.299212598425 314.96062992125985 88.18897637795276 CSAKY
647.2440944881889 3406.299212598425 559.0551181102362 88.18897637795276 (Joseph-A.),
1102.3622047244094 3406.299212598425 209.4488188976378 88.18897637795276 né
1206.2992125984251 3406.299212598425 209.4488188976378 88.18897637795276 en
1311.8110236220473 3406.299212598425 418.8976377952756 88.18897637795276 Hongrie.
1626.7716535433071 3406.299212598425 174.8031496062992 88.18897637795276 —
1696.0629921259842 3406.299212598425 174.8031496062992 88.18897637795276 3
1765.3543307086613 3406.299212598425 524.4094488188977 88.18897637795276 bis
2151.181102362205 3406.299212598425 244.09448818897638 88.18897637795276 place

518.1102362204724 3499.212598425197 212.5984251968504 81.88976377952756 de
625.1968503937007 3499.212598425197 212.5984251968504 81.88976377952756 la
732.2834645669292 3499.212598425197 461.4173228346457 81.88976377952756 Sorbonne,
1050.3937007874015 3499.212598425197 177.95275590551182 81.88976377952756 6e.

655.1181102362204 3710.236220472441 458.26771653543307 74.01574803149606 725
1015.7480314960629 3710.236220472441 327.5590551181102 74.01574803149606 Groupe
1244.0944881889764 3710.236220472441 196.8503937007874 74.01574803149606 de
1343.3070866141732 3710.236220472441 327.5590551181102 74.01574803149606 femmes
1538.5826771653544 3710.236220472441 360.62992125984255 74.01574803149606 (plâtre).

659.8425196850394 3803.149606299213 437.79527559055117 75.59055118110236 726
1004.7244094488188 3803.149606299213 250.39370078740157 75.59055118110236 Tête
1160.6299212598426 3803.149606299213 187.4015748031496 75.59055118110236 de
1253.5433070866143 3803.149606299213 281.8897637795276 75.59055118110236 femme
1411.023622047244 3803.149606299213 343.3070866141732 75.59055118110236 (plâtre).
