3036.220472440945 4710.236220472441
426.7716535433071 781.1023622047244 552.7559055118111 72.44094488188976 DELAPORTE
851.9685039370079 781.1023622047244 552.7559055118111 72.44094488188976 (Engène),
1277.1653543307086 781.1023622047244 255.11811023622047 72.44094488188976 né
1404.724409448819 781.1023622047244 212.5984251968504 72.44094488188976 à
1488.1889763779527 781.1023622047244 637.7952755905512 72.44094488188976 Vensaillès.
1998.4251968503936 781.1023622047244 212.5984251968504 72.44094488188976 —
2083.464566929134 781.1023622047244 255.11811023622047 72.44094488188976 2;
2168.503937007874 781.1023622047244 212.5984251968504 72.44094488188976 rue

481.8897637795276 881.8897637795276 223.6220472440945 70.86614173228347 de
593.7007874015748 881.8897637795276 223.6220472440945 70.86614173228347 la
707.0866141732283 881.8897637795276 485.03937007874015 70.86614173228347 Paroisse,
1042.5196850393702 881.8897637795276 485.03937007874015 70.86614173228347 Versailles.

640.9448818897638 1080.3149606299212 442.5196850393701 72.44094488188976 *783
995.2755905511812 1080.3149606299212 412.59842519685037 72.44094488188976 Belle-Islé
1319.6850393700788 1080.3149606299212 264.56692913385825 72.44094488188976 (côte
1466.1417322834645 1080.3149606299212 324.40944881889766 72.44094488188976 sauvage).

581.1023622047244 1171.6535433070867 513.3858267716536 72.44094488188976 *784
992.1259842519685 1171.6535433070867 341.73228346456693 72.44094488188976 Vallée
1231.4960629921259 1171.6535433070867 204.7244094488189 72.44094488188976 du
1333.8582677165355 1171.6535433070867 307.0866141732283 72.44094488188976 Rhône
1538.5826771653544 1171.6535433070867 171.6535433070866 72.44094488188976 à
1573.2283464566929 1171.6535433070867 307.0866141732283 72.44094488188976 Genève.

590.5511811023622 1261.4173228346456 474.01574803149606 80.31496062992126 *785
970.0787401574803 1261.4173228346456 253.54330708661416 80.31496062992126 Port
1127.5590551181103 1261.4173228346456 188.9763779527559 80.31496062992126 de
1190.5511811023623 1261.4173228346456 379.5275590551181 80.31496062992126 Marseille.

439.37007874015745 1565.3543307086613 555.9055118110236 78.74015748031496 DELAUNAY,
866.1417322834645 1565.3543307086613 256.6929133858268 78.74015748031496 né
995.2755905511812 1565.3543307086613 214.17322834645668 78.74015748031496 à
1080.3149606299212 1565.3543307086613 384.251968503937 78.74015748031496 Bris.
1337.007874015748 1565.3543307086613 214.17322834645668 78.74015748031496 —
1423.6220472440946 1565.3543307086613 256.6929133858268 78.74015748031496 3,
1551.1811023622047 1565.3543307086613 299.21259842519686 78.74015748031496 rue
1722.8346456692914 1565.3543307086613 299.21259842519686 78.74015748031496 des
1850.3937007874015 1565.3543307086613 513.3858267716536 78.74015748031496 Grands-

530.7086614173228 1666.1417322834645 374.8031496062992 70.86614173228347 gustins,
781.1023622047244 1666.1417322834645 155.90551181102362 70.86614173228347 6e.

647.2440944881889 1858.267716535433 433.07086614173227 83.46456692913385 786
987.4015748031496 1858.267716535433 401.5748031496063 83.46456692913385 Troisième
1266.1417322834645 1858.267716535433 524.4094488188977 83.46456692913385 représentation.

629.9212598425197 1957.4803149606298 456.6929133858268 77.16535433070867 *787
988.9763779527559 1957.4803149606298 392.12598425196853 77.16535433070867 L’Equipe
1283.4645669291338 1957.4803149606298 195.2755905511811 77.16535433070867 du
1381.1023622047244 1957.4803149606298 359.0551181102362 77.16535433070867 Cardiff
1642.5196850393702 1957.4803149606298 195.2755905511811 77.16535433070867 F.
1740.1574803149606 1957.4803149606298 195.2755905511811 77.16535433070867 C.
1804.724409448819 1957.4803149606298 392.12598425196853 77.16535433070867 1912

417.3228346456693 2253.5433070866143 406.2992125984252 77.16535433070867 DELCUS
702.3622047244095 2253.5433070866143 486.61417322834643 77.16535433070867 (Louis),
1066.1417322834645 2253.5433070866143 244.09448818897638 77.16535433070867 né
1188.976377952756 2253.5433070866143 203.1496062992126 77.16535433070867 à
1269.291338582677 2253.5433070866143 445.6692913385827 77.16535433070867 Lillers
1552.755905511811 2253.5433070866143 730.7086614173228 77.16535433070867 (Pas

496.06299212598424 2357.48031496063 269.29133858267716 75.59055118110236 23,
648.8188976377953 2357.48031496063 269.29133858267716 75.59055118110236 rue
803.1496062992126 2357.48031496063 231.49606299212599 75.59055118110236 de
918.1102362204724 2357.48031496063 499.21259842519686 75.59055118110236 Maubeuge,
1264.5669291338584 2357.48031496063 192.1259842519685 75.59055118110236 9e.

640.9448818897638 2546.4566929133857 458.26771653543307 88.18897637795276 788
1001.5748031496063 2546.4566929133857 327.5590551181102 88.18897637795276 Quatre
1229.9212598425197 2546.4566929133857 458.26771653543307 88.18897637795276 aquarelles
1590.5511811023623 2546.4566929133857 392.12598425196853 88.18897637795276 groupées
1885.0393700787401 2546.4566929133857 261.4173228346457 88.18897637795276 dans
2048.818897637795 2546.4566929133857 196.8503937007874 88.18897637795276 un
2114.9606299212596 2546.4566929133857 261.4173228346457 88.18897637795276 cadre:

932.2834645669292 2640.9448818897636 466.1417322834646 75.59055118110236 Alutomne,
1291.3385826771653 2640.9448818897636 215.748031496063 75.59055118110236 la
1400.0 2640.9448818897636 359.0551181102362 75.59055118110236 neige,
1650.3937007874015 2640.9448818897636 251.96850393700788 75.59055118110236 les
1793.7007874015749 2640.9448818897636 322.8346456692913 75.59055118110236 blés,
2009.4488188976377 2640.9448818897636 215.748031496063 75.59055118110236 le
2118.1102362204724 2640.9448818897636 286.61417322834643 75.59055118110236 pont
2261.417322834646 2640.9448818897636 143.30708661417322 75.59055118110236 du

885.0393700787401 2743.3070866141734 426.7716535433071 67.71653543307086 Carrousel.

658.2677165354331 2828.3464566929133 458.26771653543307 81.88976377952756 789
1018.8976377952756 2828.3464566929133 327.5590551181102 81.88976377952756 Moulin
1247.244094488189 2828.3464566929133 229.92125984251967 81.88976377952756 sur
1379.5275590551182 2828.3464566929133 196.8503937007874 81.88976377952756 le
1477.1653543307086 2828.3464566929133 327.5590551181102 81.88976377952756 Grandl
1674.015748031496 2828.3464566929133 261.4173228346457 81.88976377952756 Morin.

645.6692913385826 2927.5590551181103 458.26771653543307 78.74015748031496 790
1006.2992125984252 2927.5590551181103 294.48818897637796 78.74015748031496 Forêt
1201.5748031496064 2927.5590551181103 196.8503937007874 78.74015748031496 de
1267.716535433071 2927.5590551181103 522.8346456692914 78.74015748031496 Fontainebleau.

447.244094488189 3220.472440944882 518.1102362204724 80.31496062992126 DELESTRE
836.2204724409448 3220.472440944882 562.2047244094488 80.31496062992126 (Eugène),
1267.716535433071 3220.472440944882 259.84251968503935 80.31496062992126 né
1398.4251968503936 3220.472440944882 215.748031496063 80.31496062992126 à
1483.4645669291338 3220.472440944882 433.07086614173227 80.31496062992126 Paris.
1787.4015748031495 3220.472440944882 215.748031496063 80.31496062992126 —
1874.015748031496 3220.472440944882 302.3622047244094 80.31496062992126 11,
2045.6692913385828 3220.472440944882 302.3622047244094 80.31496062992126 rue
2176.3779527559054 3220.472440944882 215.748031496063 80.31496062992126 des

516.5354330708661 3324.4094488188975 425.1968503937008 72.44094488188976 Sablons,
801.5748031496063 3324.4094488188975 212.5984251968504 72.44094488188976 16e.

666.1417322834645 3521.259842519685 486.61417322834643 83.46456692913385 791
1048.8188976377953 3521.259842519685 417.3228346456693 83.46456692913385 Honfleur
1360.6299212598426 3521.259842519685 207.8740157480315 83.46456692913385 et
1464.5669291338584 3521.259842519685 555.9055118110236 83.46456692913385 l’embouchure
1916.5354330708662 3521.259842519685 207.8740157480315 83.46456692913385 de
2020.4724409448818 3521.259842519685 207.8740157480315 83.46456692913385 la
2125.984251968504 3521.259842519685 313.38582677165357 83.46456692913385 Seine
2299.212598425197 3521.259842519685 103.93700787401575 83.46456692913385 à

935.4330708661417 3615.748031496063 344.88188976377955 70.86614173228347 marée
1125.984251968504 3615.748031496063 307.0866141732283 70.86614173228347 haute.

659.8425196850394 3707.0866141732286 439.37007874015745 80.31496062992126 792
1004.7244094488188 3707.0866141732286 407.87401574803147 80.31496062992126 Hortensia
1319.6850393700788 3707.0866141732286 251.96850393700788 80.31496062992126 bleu
1477.1653543307086 3707.0866141732286 157.48031496062993 80.31496062992126 à
1508.6614173228347 3707.0866141732286 407.87401574803147 80.31496062992126 Bénerville.

680.3149606299213 3800.0 447.244094488189 85.03937007874016 793
1031.4960629921259 3800.0 192.1259842519685 85.03937007874016 Le
1127.5590551181103 3800.0 288.18897637795277 85.03937007874016 petit
1319.6850393700788 3800.0 256.6929133858268 85.03937007874016 dieu
1480.3149606299212 3800.0 415.748031496063 85.03937007874016 «Billiken
1800.0 3800.0 160.62992125984252 85.03937007874016 »
1864.5669291338584 3800.0 192.1259842519685 85.03937007874016 et
1960.6299212598426 3800.0 192.1259842519685 85.03937007874016 sa
2023.6220472440946 3800.0 384.251968503937 85.03937007874016 prêtresse.
