3036.220472440945 4710.236220472441
1266.1417322834645 581.1023622047244 146.45669291338584 75.59055118110236 111

365.3543307086614 765.3543307086615 436.2204724409449 81.88976377952756 FILLEY
670.8661417322835 765.3543307086615 611.0236220472441 81.88976377952756 (Georges),
1151.1811023622047 765.3543307086615 261.4173228346457 81.88976377952756 né
1281.8897637795276 765.3543307086615 348.0314960629921 81.88976377952756 dans
1499.2125984251968 765.3543307086615 522.8346456692914 81.88976377952756 l’Yonne.
1891.3385826771653 765.3543307086615 217.3228346456693 81.88976377952756 —
1979.5275590551182 765.3543307086615 305.51181102362204 81.88976377952756 38,
2110.236220472441 765.3543307086615 217.3228346456693 81.88976377952756 rue

440.9448818897638 869.2913385826772 385.8267716535433 70.86614173228347 Ramey,
674.0157480314961 869.2913385826772 231.49606299212599 70.86614173228347 18e.

582.6771653543307 1064.5669291338584 514.9606299212599 85.03937007874016 1087
995.2755905511812 1064.5669291338584 308.66141732283467 85.03937007874016 Femme
1201.5748031496064 1064.5669291338584 240.9448818897638 85.03937007874016 aux
1338.5826771653544 1064.5669291338584 447.244094488189 85.03937007874016 babouches
1647.244094488189 1064.5669291338584 240.9448818897638 85.03937007874016 (nu).

592.1259842519685 1159.0551181102362 445.6692913385827 80.31496062992126 1088
949.6062992125984 1159.0551181102362 207.8740157480315 80.31496062992126 Sur
1067.716535433071 1159.0551181102362 177.95275590551182 80.31496062992126 la
1157.4803149606298 1159.0551181102362 327.5590551181102 80.31496062992126 pelouse
1395.275590551181 1159.0551181102362 297.6377952755906 80.31496062992126 (effet
1603.1496062992126 1159.0551181102362 177.95275590551182 80.31496062992126 de
1661.4173228346456 1159.0551181102362 297.6377952755906 80.31496062992126 soleil).

570.0787401574803 1255.1181102362204 472.4409448818898 78.74015748031496 1089
948.0314960629921 1255.1181102362204 346.45669291338584 78.74015748031496 Bateaux
1201.5748031496064 1255.1181102362204 314.96062992125985 78.74015748031496 (effet
1422.0472440944882 1255.1181102362204 188.9763779527559 78.74015748031496 du
1485.0393700787401 1255.1181102362204 283.46456692913387 78.74015748031496 matin).

374.8031496062992 1581.1023622047244 382.6771653543307 74.01574803149606 FILLIOL
653.5433070866142 1581.1023622047244 451.9685039370079 74.01574803149606 (Ernest),
1000.0 1581.1023622047244 209.4488188976378 74.01574803149606 né
1105.5118110236222 1581.1023622047244 173.22834645669292 74.01574803149606 à
1174.8031496062993 1581.1023622047244 348.0314960629921 74.01574803149606 Colmar
1418.8976377952756 1581.1023622047244 451.9685039370079 74.01574803149606 (Alsace).
1765.3543307086613 1581.1023622047244 173.22834645669292 74.01574803149606 —
1800.0 1581.1023622047244 209.4488188976378 74.01574803149606 126,

447.244094488189 1677.1653543307086 485.03937007874015 74.01574803149606 boulevard
820.4724409448819 1677.1653543307086 708.6614173228346 74.01574803149606 Richard-Lenoir,
1381.1023622047244 1677.1653543307086 223.6220472440945 74.01574803149606 11e.

896.0629921259842 1875.5905511811025 348.0314960629921 70.86614173228347 1090
1174.8031496062993 1875.5905511811025 324.40944881889766 70.86614173228347 Notre-Dame
1429.9212598425197 1875.5905511811025 138.58267716535434 70.86614173228347 de
1475.5905511811025 1875.5905511811025 185.82677165354332 70.86614173228347 Paris.

908.6614173228346 1970.0787401574803 209.4488188976378 70.86614173228347 1091
1062.992125984252 1970.0787401574803 166.9291338582677 70.86614173228347 Intérieur.

888.1889763779527 2058.267716535433 429.9212598425197 77.16535433070867 1092
1231.4960629921259 2058.267716535433 171.6535433070866 77.16535433070867 Le
1318.1102362204724 2058.267716535433 258.26771653543307 77.16535433070867 pont;
1489.763779527559 2058.267716535433 314.96062992125985 77.16535433070867 Paysage
1718.1102362204724 2058.267716535433 401.5748031496063 77.16535433070867 d’automne;
2033.0708661417323 2058.267716535433 171.6535433070866 77.16535433070867 Le
2119.685039370079 2058.267716535433 200.0 77.16535433070867 tas
2204.7244094488187 2058.267716535433 114.96062992125984 77.16535433070867 de

937.007874015748 2157.48031496063 368.503937007874 72.44094488188976 sable;
1195.275590551181 2157.48031496063 222.04724409448818 72.44094488188976 Le
1305.5118110236222 2157.48031496063 294.48818897637796 72.44094488188976 pont
1453.5433070866143 2157.48031496063 294.48818897637796 72.44094488188976 Marie.

366.92913385826773 2475.5905511811025 411.0236220472441 83.46456692913385 FINCH
640.9448818897638 2475.5905511811025 365.3543307086614 83.46456692913385 (Mme
869.2913385826772 2475.5905511811025 502.3622047244094 83.46456692913385 Renée),
1234.6456692913387 2475.5905511811025 319.68503937007875 83.46456692913385 née
1417.3228346456692 2475.5905511811025 228.3464566929134 83.46456692913385 à
1508.6614173228347 2475.5905511811025 456.6929133858268 83.46456692913385 Paris.
1828.3464566929133 2475.5905511811025 228.3464566929134 83.46456692913385 —
1874.015748031496 2475.5905511811025 456.6929133858268 83.46456692913385 Chavanne

458.26771653543307 2570.0787401574803 423.62204724409446 88.18897637795276 Studio,
765.3543307086615 2570.0787401574803 308.66141732283467 88.18897637795276 247,
959.0551181102362 2570.0787401574803 346.45669291338584 88.18897637795276 Kings
1190.5511811023623 2570.0787401574803 231.49606299212599 88.18897637795276 Rd
1305.5118110236222 2570.0787401574803 462.99212598425197 88.18897637795276 Chelsea,
1614.1732283464567 2570.0787401574803 385.8267716535433 88.18897637795276 Londres,

902.3622047244095 2781.1023622047246 141.73228346456693 70.86614173228347 1093
1006.2992125984252 2781.1023622047246 56.69291338582677 70.86614173228347 Eve.

840.9448818897638 2874.015748031496 337.00787401574803 70.86614173228347 1094
1110.236220472441 2874.015748031496 157.48031496062993 70.86614173228347 Une
1200.0 2874.015748031496 157.48031496062993 70.86614173228347 rue
1267.716535433071 2874.015748031496 247.24409448818898 70.86614173228347 d’Assise.

574.8031496062993 2968.503937007874 488.18897637795277 83.46456692913385 1095
965.3543307086615 2968.503937007874 390.5511811023622 83.46456692913385 Ostensjo
1226.7716535433071 2968.503937007874 390.5511811023622 83.46456692913385 (Norvège).

381.1023622047244 3283.464566929134 379.5275590551181 88.18897637795276 FINOT
634.6456692913385 3283.464566929134 462.99212598425197 88.18897637795276 (Léon),
971.6535433070866 3283.464566929134 253.54330708661416 88.18897637795276 né
1097.6377952755906 3283.464566929134 211.0236220472441 88.18897637795276 à
1182.6771653543308 3283.464566929134 462.99212598425197 88.18897637795276 Troyes.
1519.6850393700788 3283.464566929134 211.0236220472441 88.18897637795276 —
1603.1496062992126 3283.464566929134 294.48818897637796 88.18897637795276 47,
1771.6535433070867 3283.464566929134 294.48818897637796 88.18897637795276 rue
1897.6377952755906 3283.464566929134 422.0472440944882 88.18897637795276 Viardin,

415.748031496063 3388.9763779527557 352.755905511811 78.74015748031496 Troyes.

588.9763779527559 3590.551181102362 464.56692913385825 78.74015748031496 1096
962.2047244094488 3590.551181102362 185.82677165354332 78.74015748031496 Le
1055.1181102362204 3590.551181102362 310.23622047244095 78.74015748031496 chemin
1272.4409448818897 3590.551181102362 185.82677165354332 78.74015748031496 du
1333.8582677165355 3590.551181102362 310.23622047244095 78.74015748031496 village.

592.1259842519685 3685.0393700787404 440.9448818897638 78.74015748031496 1097
944.8818897637796 3685.0393700787404 176.3779527559055 78.74015748031496 La
1003.1496062992126 3685.0393700787404 264.56692913385825 78.74015748031496 plaine.

585.8267716535433 3774.803149606299 466.1417322834646 83.46456692913385 1098
959.0551181102362 3774.803149606299 341.73228346456693 83.46456692913385 Coucher
1206.2992125984251 3774.803149606299 185.82677165354332 83.46456692913385 de
1269.291338582677 3774.803149606299 278.74015748031496 83.46456692913385 soleil.
