2982.6771653543306 4710.236220472441
1579.5275590551182 609.4488188976378 292.9133858267717 88.18897637795276 170
1705.5118110236222 609.4488188976378 125.98425196850394 88.18897637795276 —

691.3385826771654 809.4488188976378 491.33858267716533 75.59055118110236 LAPIERRE
1059.8425196850394 809.4488188976378 491.33858267716533 75.59055118110236 (Emile),
1428.3464566929133 809.4488188976378 245.66929133858267 75.59055118110236 né
1551.1811023622047 809.4488188976378 204.7244094488189 75.59055118110236 à
1633.0708661417323 809.4488188976378 368.503937007874 75.59055118110236 Cette
1878.740157480315 809.4488188976378 573.2283464566929 75.59055118110236 (Hérault).
2329.1338582677167 809.4488188976378 204.7244094488189 75.59055118110236 —
2370.0787401574803 809.4488188976378 286.61417322834643 75.59055118110236 Villa

774.8031496062993 907.0866141732283 300.78740157480314 69.29133858267717 «Le
946.4566929133858 907.0866141732283 385.8267716535433 69.29133858267717 Petit
1203.1496062992126 907.0866141732283 514.9606299212599 69.29133858267717 Cap-Brun
1590.5511811023623 907.0866141732283 258.26771653543307 69.29133858267717 »,
1718.1102362204724 907.0866141732283 258.26771653543307 69.29133858267717 au
1847.244094488189 907.0866141732283 557.4803149606299 69.29133858267717 Cap-Brun,
2277.165354330709 907.0866141732283 214.17322834645668 69.29133858267717 à
2319.685039370079 907.0866141732283 343.3070866141732 69.29133858267717 Toulon

719.6850393700787 1000.0 322.8346456692913 75.59055118110236 (Var).

907.0866141732283 1198.4251968503936 505.51181102362204 78.74015748031496 1755
1310.236220472441 1198.4251968503936 201.5748031496063 78.74015748031496 La
1412.5984251968505 1198.4251968503936 236.2204724409449 78.74015748031496 mer
1546.4566929133857 1198.4251968503936 201.5748031496063 78.74015748031496 et
1647.244094488189 1198.4251968503936 236.2204724409449 78.74015748031496 les
1782.6771653543308 1198.4251968503936 303.93700787401576 78.74015748031496 dunes
1985.8267716535433 1198.4251968503936 201.5748031496063 78.74015748031496 au
2086.6141732283463 1198.4251968503936 269.29133858267716 78.74015748031496 Grau
2255.1181102362207 1198.4251968503936 201.5748031496063 78.74015748031496 du
2322.834645669291 1198.4251968503936 201.5748031496063 78.74015748031496 Roi.

900.7874015748032 1296.0629921259842 499.21259842519686 77.16535433070867 1756
1299.2125984251968 1296.0629921259842 365.3543307086614 77.16535433070867 Paysage
1566.9291338582677 1296.0629921259842 200.0 77.16535433070867 du
1666.1417322834645 1296.0629921259842 233.0708661417323 77.16535433070867 Var
1765.3543307086613 1296.0629921259842 400.0 77.16535433070867 (automne).

914.9606299212599 1390.5511811023623 470.86614173228344 74.01574803149606 1757
1292.9133858267717 1390.5511811023623 283.46456692913387 74.01574803149606 Etude
1480.3149606299212 1390.5511811023623 188.9763779527559 74.01574803149606 de
1543.3070866141732 1390.5511811023623 251.96850393700788 74.01574803149606 roses.

700.7874015748032 1714.9606299212599 472.4409448818898 77.16535433070867 LAPORTE
1044.0944881889764 1714.9606299212599 559.0551181102362 77.16535433070867 (Victor),
1474.015748031496 1714.9606299212599 258.26771653543307 77.16535433070867 né
1601.5748031496064 1714.9606299212599 214.17322834645668 77.16535433070867 à
1688.1889763779527 1714.9606299212599 429.9212598425197 77.16535433070867 Paris.
1988.976377952756 1714.9606299212599 214.17322834645668 77.16535433070867 —
2074.015748031496 1714.9606299212599 343.3070866141732 77.16535433070867 144,
2289.763779527559 1714.9606299212599 300.78740157480314 77.16535433070867 rue
2418.8976377952754 1714.9606299212599 214.17322834645668 77.16535433070867 Le-

768.503937007874 1815.748031496063 377.9527559055118 81.88976377952756 courbe,
1009.4488188976378 1815.748031496063 206.29921259842519 81.88976377952756 15e.

913.3858267716536 2017.3228346456692 456.6929133858268 75.59055118110236 1758
1277.1653543307086 2017.3228346456692 182.6771653543307 75.59055118110236 Au
1338.5826771653544 2017.3228346456692 212.5984251968504 75.59055118110236 bois.

916.5354330708661 2111.8110236220473 437.79527559055117 74.01574803149606 1759
1266.1417322834645 2111.8110236220473 174.8031496062992 74.01574803149606 Au
1324.4094488188975 2111.8110236220473 204.7244094488189 74.01574803149606 bois.

914.9606299212599 2203.149606299213 467.7165354330709 81.88976377952756 1760
1258.267716535433 2203.149606299213 406.2992125984252 81.88976377952756 Saint

696.0629921259842 2529.1338582677167 582.6771653543307 75.59055118110236 LAPPARENT
1143.3070866141732 2529.1338582677167 403.1496062992126 75.59055118110236 (Paul
1412.5984251968505 2529.1338582677167 359.0551181102362 75.59055118110236 de),
1636.2204724409448 2529.1338582677167 269.29133858267716 75.59055118110236 né
1770.0787401574803 2529.1338582677167 223.6220472440945 75.59055118110236 à
1859.8425196850394 2529.1338582677167 447.244094488189 75.59055118110236 Paris.
2173.228346456693 2529.1338582677167 223.6220472440945 75.59055118110236 —
2262.9921259842517 2529.1338582677167 313.38582677165357 75.59055118110236 21,
2396.850393700787 2529.1338582677167 269.29133858267716 75.59055118110236 quai

768.503937007874 2628.3464566929133 225.1968503937008 77.16535433070867 de
881.8897637795276 2628.3464566929133 450.3937007874016 77.16535433070867 Bourbon,
1182.6771653543308 2628.3464566929133 187.4015748031496 77.16535433070867 4e.

922.8346456692914 2823.6220472440946 474.01574803149606 80.31496062992126 1761
1302.3622047244094 2823.6220472440946 442.5196850393701 80.31496062992126 Crépuscule
1650.3937007874015 2823.6220472440946 222.04724409448818 80.31496062992126 sur
1776.3779527559054 2823.6220472440946 190.5511811023622 80.31496062992126 la
1839.3700787401574 2823.6220472440946 253.54330708661416 80.31496062992126 Seine.

919.6850393700787 2922.834645669291 474.01574803149606 75.59055118110236 1762
1299.2125984251968 2922.834645669291 348.0314960629921 75.59055118110236 Bateaux
1551.1811023622047 2922.834645669291 157.48031496062993 75.59055118110236 à
1614.1732283464567 2922.834645669291 188.9763779527559 75.59055118110236 la
1710.236220472441 2922.834645669291 411.0236220472441 75.59055118110236 Croisette
1993.7007874015749 2922.834645669291 348.0314960629921 75.59055118110236 (Cannes).

913.3858267716536 3017.3228346456694 511.81102362204723 74.01574803149606 1763
1322.8346456692914 3017.3228346456694 307.0866141732283 74.01574803149606 Chien
1527.5590551181103 3017.3228346456694 204.7244094488189 74.01574803149606 de
1596.8503937007874 3017.3228346456694 272.4409448818898 74.01574803149606 temps!

696.0629921259842 3330.7086614173227 472.4409448818898 78.74015748031496 LAPRADE
1039.3700787401574 3330.7086614173227 557.4803149606299 78.74015748031496 (Pierre),
1469.291338582677 3330.7086614173227 258.26771653543307 78.74015748031496 né
1596.8503937007874 3330.7086614173227 214.17322834645668 78.74015748031496 à
1683.4645669291338 3330.7086614173227 557.4803149606299 78.74015748031496 Narbonne.
2113.3858267716537 3330.7086614173227 214.17322834645668 78.74015748031496 —
2198.4251968503936 3330.7086614173227 300.78740157480314 78.74015748031496 89,
2370.0787401574803 3330.7086614173227 300.78740157480314 78.74015748031496 rue
2499.212598425197 3330.7086614173227 171.6535433070866 78.74015748031496 du

792.1259842519685 3431.496062992126 598.4251968503937 74.01574803149606 Cherche-Midi,
1285.0393700787401 3431.496062992126 247.24409448818898 74.01574803149606 6e,
1425.1968503937007 3431.496062992126 211.0236220472441 74.01574803149606 et
1530.708661417323 3431.496062992126 281.8897637795276 74.01574803149606 chez
1707.0866141732283 3431.496062992126 352.755905511811 74.01574803149606 Druet,
1954.3307086614172 3431.496062992126 247.24409448818898 74.01574803149606 20,
2094.488188976378 3431.496062992126 247.24409448818898 74.01574803149606 rue
2236.220472440945 3431.496062992126 387.40157480314963 74.01574803149606 Royale,
2481.8897637795276 3431.496062992126 176.3779527559055 74.01574803149606 8e.

932.2834645669292 3634.6456692913384 423.62204724409446 78.74015748031496 1764
1242.5196850393702 3634.6456692913384 226.77165354330708 78.74015748031496 Etude.

922.8346456692914 3729.1338582677167 469.29133858267716 78.74015748031496 1765
1299.2125984251968 3729.1338582677167 313.38582677165357 78.74015748031496 Nature
1486.6141732283465 3729.1338582677167 250.39370078740157 78.74015748031496 morte.

933.8582677165355 3825.196850393701 466.1417322834646 78.74015748031496 1766
1307.0866141732283 3825.196850393701 311.81102362204723 78.74015748031496 Nature
1494.4881889763778 3825.196850393701 248.8188976377953 78.74015748031496 morte.
