3036.220472440945 4710.236220472441
1393.7007874015749 606.2992125984252 198.4251968503937 77.16535433070867 175.

516.5354330708661 792.1259842519685 554.3307086614174 77.16535433070867 LÉGUILLON
943.3070866141733 792.1259842519685 469.29133858267716 77.16535433070867 (Paul),
1285.0393700787401 792.1259842519685 256.6929133858268 77.16535433070867 né
1412.5984251968505 792.1259842519685 212.5984251968504 77.16535433070867 à
1497.6377952755906 792.1259842519685 426.7716535433071 77.16535433070867 Paris.
1796.8503937007874 792.1259842519685 212.5984251968504 77.16535433070867 —
1881.8897637795276 792.1259842519685 299.21259842519686 77.16535433070867 90,
2009.4488188976377 792.1259842519685 469.29133858267716 77.16535433070867 boulevard

584.2519685039371 892.9133858267717 406.2992125984252 77.16535433070867 Pereire,
856.6929133858267 892.9133858267717 203.1496062992126 77.16535433070867 17e.

746.4566929133858 1086.6141732283465 461.4173228346457 83.46456692913385 1810
1116.5354330708662 1086.6141732283465 215.748031496063 83.46456692913385 Les
1239.3700787401574 1086.6141732283465 368.503937007874 83.46456692913385 collines
1516.5354330708662 1086.6141732283465 184.251968503937 83.46456692913385 le
1607.8740157480315 1086.6141732283465 245.66929133858267 83.46456692913385 soir
1730.708661417323 1086.6141732283465 400.0 83.46456692913385 (Dordogne).

741.7322834645669 1184.251968503937 486.61417322834643 78.74015748031496 1811
1132.283464566929 1184.251968503937 195.2755905511811 78.74015748031496 Le
1229.9212598425197 1184.251968503937 324.40944881889766 78.74015748031496 soleil
1456.6929133858268 1184.251968503937 226.77165354330708 78.74015748031496 sur
1585.8267716535433 1184.251968503937 195.2755905511811 78.74015748031496 la
1683.4645669291338 1184.251968503937 388.9763779527559 78.74015748031496 fontaine
1943.3070866141732 1184.251968503937 422.0472440944882 78.74015748031496 (Dordogne).

733.8582677165355 1278.740157480315 477.1653543307087 83.46456692913385 1812
1114.9606299212599 1278.740157480315 253.54330708661416 83.46456692913385 Soir
1274.015748031496 1278.740157480315 286.61417322834643 83.46456692913385 d’été
1433.0708661417323 1278.740157480315 412.59842519685037 83.46456692913385 (Dordogne).

522.8346456692914 1640.9448818897638 388.9763779527559 74.01574803149606 LEHRE
781.1023622047244 1640.9448818897638 519.6850393700787 74.01574803149606 (Wanda),
1170.0787401574803 1640.9448818897638 302.3622047244094 74.01574803149606 née
1343.3070866141732 1640.9448818897638 215.748031496063 74.01574803149606 à
1429.9212598425197 1640.9448818897638 475.59055118110234 74.01574803149606 Dantzig
1733.8582677165355 1640.9448818897638 604.7244094488188 74.01574803149606 (Allemagne).

592.1259842519685 1740.1574803149606 223.6220472440945 74.01574803149606 2,
703.9370078740158 1740.1574803149606 409.4488188976378 74.01574803149606 passage
1001.5748031496063 1740.1574803149606 223.6220472440945 74.01574803149606 de
1113.3858267716535 1740.1574803149606 447.244094488189 74.01574803149606 Dantzig,
1411.023622047244 1740.1574803149606 223.6220472440945 74.01574803149606 15e.

733.8582677165355 1977.9527559055118 451.9685039370079 77.16535433070867 1813
1094.4881889763778 1977.9527559055118 422.0472440944882 77.16535433070867 L’héritier
1426.7716535433071 1977.9527559055118 181.10236220472441 77.16535433070867 du
1486.6141732283465 1977.9527559055118 270.86614173228344 77.16535433070867 glaive.

724.4094488188977 2064.566929133858 478.74015748031496 80.31496062992126 1814
1107.0866141732283 2064.566929133858 192.1259842519685 80.31496062992126 Au
1203.1496062992126 2064.566929133858 255.11811023622047 80.31496062992126 fond
1362.2047244094488 2064.566929133858 192.1259842519685 80.31496062992126 du
1458.267716535433 2064.566929133858 286.61417322834643 80.31496062992126 vieux
1617.3228346456692 2064.566929133858 286.61417322834643 80.31496062992126 jardin.

730.7086614173228 2159.0551181102364 485.03937007874015 80.31496062992126 1815
1119.6850393700788 2159.0551181102364 226.77165354330708 80.31496062992126 Roi
1248.8188976377953 2159.0551181102364 453.54330708661416 80.31496062992126 grenouille
1606.2992125984251 2159.0551181102364 388.9763779527559 80.31496062992126 amoureux
1864.5669291338584 2159.0551181102364 453.54330708661416 80.31496062992126 (aquarelle).

510.23622047244095 2483.464566929134 255.11811023622047 78.74015748031496 LE
637.7952755905512 2483.464566929134 469.29133858267716 78.74015748031496 LIEPVRE
979.5275590551181 2483.464566929134 511.81102362204723 78.74015748031496 (Jehan),
1362.2047244094488 2483.464566929134 255.11811023622047 78.74015748031496 né
1489.763779527559 2483.464566929134 212.5984251968504 78.74015748031496 à
1576.3779527559054 2483.464566929134 681.8897637795276 78.74015748031496 Valenciennes
2086.6141732283463 2483.464566929134 384.251968503937 78.74015748031496 (Nord).

710.2362204724409 2585.8267716535433 269.29133858267716 86.61417322834646 59,
862.992125984252 2585.8267716535433 385.8267716535433 86.61417322834646 avenue
1133.8582677165355 2585.8267716535433 231.49606299212599 86.61417322834646 de
1248.8188976377953 2585.8267716535433 346.45669291338584 86.61417322834646 Saxe,
1442.5196850393702 2585.8267716535433 192.1259842519685 86.61417322834646 7e.

748.0314960629921 2784.251968503937 467.7165354330709 77.16535433070867 1816
1122.8346456692914 2784.251968503937 655.1181102362204 77.16535433070867 Angles-sur-Auglin
1651.9685039370079 2784.251968503937 343.3070866141732 77.16535433070867 (Poitou).

737.007874015748 2878.740157480315 480.31496062992125 75.59055118110236 1817
1121.259842519685 2878.740157480315 192.1259842519685 75.59055118110236 La
1217.3228346456692 2878.740157480315 288.18897637795277 75.59055118110236 Loire
1409.4488188976377 2878.740157480315 192.1259842519685 75.59055118110236 en
1472.4409448818897 2878.740157480315 256.6929133858268 75.59055118110236 Anjou.

733.8582677165355 2971.6535433070867 522.8346456692914 80.31496062992126 1818
1152.755905511811 2971.6535433070867 209.4488188976378 80.31496062992126 Le
1256.6929133858268 2971.6535433070867 244.09448818897638 80.31496062992126 val
1396.8503937007874 2971.6535433070867 209.4488188976378 80.31496062992126 de
1500.7874015748032 2971.6535433070867 453.54330708661416 80.31496062992126 Monteneau
1814.1732283464567 2971.6535433070867 384.251968503937 80.31496062992126 (Poitou).

521.2598425196851 3319.685039370079 467.7165354330709 83.46456692913385 LEJEUNE
861.4173228346457 3319.685039370079 807.8740157480315 83.46456692913385 (Henri-Pierre),
1541.732283464567 3319.685039370079 255.11811023622047 83.46456692913385 né
1669.291338582677 3319.685039370079 212.5984251968504 83.46456692913385 à
1754.3307086614172 3319.685039370079 595.2755905511812 83.46456692913385 Saint-Ouen
2179.527559055118 3319.685039370079 297.6377952755906 83.46456692913385 (Sei-

596.8503937007874 3420.472440944882 296.06299212598424 85.03937007874016 ne).
781.1023622047244 3420.472440944882 184.251968503937 85.03937007874016 —
855.1181102362204 3420.472440944882 258.26771653543307 85.03937007874016 54,
1003.1496062992126 3420.472440944882 258.26771653543307 85.03937007874016 rue
1151.1811023622047 3420.472440944882 518.1102362204724 85.03937007874016 Lamartine,
1521.259842519685 3420.472440944882 184.251968503937 85.03937007874016 9e.

748.0314960629921 3622.047244094488 489.76377952755905 81.88976377952756 1819
1140.1574803149606 3622.047244094488 359.0551181102362 81.88976377952756 Nymphes
1401.5748031496064 3622.047244094488 195.2755905511811 81.88976377952756 et
1499.2125984251968 3622.047244094488 325.98425196850394 81.88976377952756 faunes
1727.5590551181103 3622.047244094488 359.0551181102362 81.88976377952756 (projet
1955.9055118110236 3622.047244094488 423.62204724409446 81.88976377952756 décoratif).

741.7322834645669 3716.535433070866 500.78740157480314 83.46456692913385 1820
1141.732283464567 3716.535433070866 333.8582677165354 83.46456692913385 Pointe
1374.8031496062993 3716.535433070866 200.0 83.46456692913385 de
1475.5905511811025 3716.535433070866 400.0 83.46456692913385 Kergroix
1743.3070866141732 3716.535433070866 433.07086614173227 83.46456692913385 (Quiberon).

738.5826771653543 3809.448818897638 505.51181102362204 88.18897637795276 1821
1141.732283464567 3809.448818897638 370.0787401574803 88.18897637795276 Rochers
1412.5984251968505 3809.448818897638 201.5748031496063 88.18897637795276 de
1513.3858267716535 3809.448818897638 472.4409448818898 88.18897637795276 Port-Blanc
1850.3937007874015 3809.448818897638 437.79527559055117 88.18897637795276 (Quiberon).
