3036.220472440945 4710.236220472441
1332.283464566929 611.0236220472441 177.95275590551182 83.46456692913385 237.

426.7716535433071 795.2755905511812 455.11811023622045 88.18897637795276 POTTIER
757.4803149606299 795.2755905511812 537.007874015748 88.18897637795276 (Gaston),
1170.0787401574803 795.2755905511812 248.8188976377953 88.18897637795276 né
1294.4881889763778 795.2755905511812 206.29921259842519 88.18897637795276 à
1377.9527559055118 795.2755905511812 414.1732283464567 88.18897637795276 Paris.
1666.1417322834645 795.2755905511812 206.29921259842519 88.18897637795276 —
1749.6062992125985 795.2755905511812 371.65354330708664 88.18897637795276 Villa
1955.9055118110236 795.2755905511812 455.11811023622045 88.18897637795276 Ker

522.8346456692914 907.0866141732283 377.9527559055118 75.59055118110236 Ploaré
749.6062992125984 907.0866141732283 529.1338582677165 75.59055118110236 (Finistère).

666.1417322834645 1081.8897637795276 491.33858267716533 107.08661417322834 2477
1058.267716535433 1081.8897637795276 294.48818897637796 107.08661417322834 Côtes
1255.1181102362204 1081.8897637795276 228.3464566929134 107.08661417322834 des
1385.8267716535433 1081.8897637795276 425.1968503937008 107.08661417322834 environs,
1713.3858267716535 1081.8897637795276 228.3464566929134 107.08661417322834 Cap
1844.0944881889764 1081.8897637795276 196.8503937007874 107.08661417322834 de
1941.732283464567 1081.8897637795276 196.8503937007874 107.08661417322834 la
2040.9448818897638 1081.8897637795276 294.48818897637796 107.08661417322834 Chau,
2203.149606299213 1081.8897637795276 196.8503937007874 107.08661417322834 tem

996.8503937007874 1196.8503937007874 215.748031496063 75.59055118110236 pête.

653.5433070866142 1280.3149606299212 508.66141732283467 96.06299212598425 2478
1061.4173228346456 1280.3149606299212 305.51181102362204 96.06299212598425 Plage
1264.5669291338584 1280.3149606299212 203.1496062992126 96.06299212598425 de
1366.9291338582677 1280.3149606299212 305.51181102362204 96.06299212598425 Trez,
1537.007874015748 1280.3149606299212 373.2283464566929 96.06299212598425 Maloenne.

658.2677165354331 1374.8031496062993 513.3858267716536 94.48818897637796 2479
1069.291338582677 1374.8031496062993 239.37007874015748 94.48818897637796 Vue
1206.2992125984251 1374.8031496062993 204.7244094488189 94.48818897637796 du
1308.6614173228347 1374.8031496062993 274.01574803149606 94.48818897637796 Ryz.
1478.740157480315 1374.8031496062993 274.01574803149606 94.48818897637796 Gros
1615.748031496063 1374.8031496062993 274.01574803149606 94.48818897637796 temps.

459.84251968503935 1655.1181102362204 500.78740157480314 99.21259842519684 POULAIN
823.6220472440945 1655.1181102362204 590.5511811023622 99.21259842519684 (Edmond),
1278.740157480315 1655.1181102362204 272.4409448818898 99.21259842519684 né
1414.1732283464567 1655.1181102362204 226.77165354330708 99.21259842519684 à
1505.5118110236222 1655.1181102362204 500.78740157480314 99.21259842519684 Bobogny
1823.6220472440946 1655.1181102362204 455.11811023622045 99.21259842519684 (Seine).

518.1102362204724 1774.8031496062993 267.7165354330709 91.33858267716535 35,
670.8661417322835 1774.8031496062993 267.7165354330709 91.33858267716535 rue
823.6220472440945 1774.8031496062993 382.6771653543307 91.33858267716535 Linné,
1053.5433070866143 1774.8031496062993 190.5511811023622 91.33858267716535 5e.

664.5669291338583 1955.9055118110236 480.31496062992125 97.63779527559055 2480
1047.244094488189 1955.9055118110236 319.68503937007875 97.63779527559055 Vallée
1270.8661417322835 1955.9055118110236 192.1259842519685 97.63779527559055 de
1366.9291338582677 1955.9055118110236 192.1259842519685 97.63779527559055 la
1462.992125984252 1955.9055118110236 319.68503937007875 97.63779527559055 Seine.
1655.1181102362204 1955.9055118110236 415.748031496063 97.63779527559055 Crépuscule.

666.1417322834645 2045.6692913385828 480.31496062992125 100.78740157480316 2481
1050.3937007874015 2045.6692913385828 192.1259842519685 100.78740157480316 Le
1144.8818897637796 2045.6692913385828 256.6929133858268 100.78740157480316 soir
1305.5118110236222 2045.6692913385828 192.1259842519685 100.78740157480316 au
1401.5748031496064 2045.6692913385828 256.6929133858268 100.78740157480316 pont
1562.2047244094488 2045.6692913385828 192.1259842519685 100.78740157480316 de
1658.267716535433 2045.6692913385828 192.1259842519685 100.78740157480316 la
1721.259842519685 2045.6692913385828 384.251968503937 100.78740157480316 Tournelle.

677.1653543307086 2140.1574803149606 483.46456692913387 103.93700787401575 2482
1062.992125984252 2140.1574803149606 289.76377952755905 103.93700787401575 Effet
1256.6929133858268 2140.1574803149606 193.70078740157481 103.93700787401575 de
1352.755905511811 2140.1574803149606 258.26771653543307 103.93700787401575 lune
1513.3858267716535 2140.1574803149606 160.62992125984252 103.93700787401575 à
1577.9527559055118 2140.1574803149606 418.8976377952756 103.93700787401575 Lascelles
1867.716535433071 2140.1574803149606 354.3307086614173 103.93700787401575 (Cantal).

1755.9055118110236 2431.496062992126 242.51968503937007 92.91338582677166 —
1853.5433070866143 2431.496062992126 533.8582677165355 92.91338582677166 Eragny,
2193.700787401575 2431.496062992126 242.51968503937007 92.91338582677166 par

456.6929133858268 2450.3937007874015 428.34645669291336 83.46456692913385 POZIER
755.9055118110236 2450.3937007874015 642.5196850393701 83.46456692913385 (Jacinthe),
1270.8661417322835 2450.3937007874015 256.6929133858268 83.46456692913385 né
1398.4251968503936 2450.3937007874015 214.17322834645668 83.46456692913385 à
1440.9448818897638 2450.3937007874015 343.3070866141732 83.46456692913385 Paris.

554.3307086614174 2555.9055118110236 407.87401574803147 74.01574803149606 Gisors
798.4251968503937 2555.9055118110236 366.92913385826773 74.01574803149606 (Eure).

685.0393700787401 2729.1338582677167 499.21259842519686 110.23622047244095 2483
1085.0393700787401 2729.1338582677167 332.2834645669291 110.23622047244095 Soleil
1316.5354330708662 2729.1338582677167 200.0 110.23622047244095 du
1417.3228346456692 2729.1338582677167 299.21259842519686 110.23622047244095 matin
1617.3228346456692 2729.1338582677167 299.21259842519686 110.23622047244095 (Bois
1817.3228346456692 2729.1338582677167 200.0 110.23622047244095 du
1916.5354330708662 2729.1338582677167 366.92913385826773 110.23622047244095 Castel,
2149.6062992125985 2729.1338582677167 266.1417322834646 110.23622047244095 Pont

1011.0236220472441 2845.6692913385828 316.53543307086613 67.71653543307086 Aven).

707.0866141732283 2922.834645669291 508.66141732283467 100.78740157480316 2484
1113.3858267716535 2922.834645669291 305.51181102362204 100.78740157480316 Après
1316.5354330708662 2922.834645669291 203.1496062992126 100.78740157480316 la
1417.3228346456692 2922.834645669291 305.51181102362204 100.78740157480316 pluie
1620.4724409448818 2922.834645669291 338.5826771653543 100.78740157480316 (Ferme
1858.267716535433 2922.834645669291 203.1496062992126 100.78740157480316 de
1959.0551181102362 2922.834645669291 373.2283464566929 100.78740157480316 Kerhas,
2196.850393700787 2922.834645669291 237.79527559055117 100.78740157480316 Pont

1020.4724409448819 3036.220472440945 278.74015748031496 67.71653543307086 Aven).

492.9133858267717 3314.9606299212596 407.87401574803147 94.48818897637796 PRINCE
779.5275590551181 3314.9606299212596 940.1574803149606 94.48818897637796 (Georges-Alphonse),
1595.275590551181 3314.9606299212596 245.66929133858267 94.48818897637796 né
1718.1102362204724 3314.9606299212596 204.7244094488189 94.48818897637796 à
1800.0 3314.9606299212596 407.87401574803147 94.48818897637796 Paris.
2086.6141732283463 3314.9606299212596 204.7244094488189 94.48818897637796 —
2166.9291338582675 3314.9606299212596 245.66929133858267 94.48818897637796 4,
2248.818897637795 3314.9606299212596 204.7244094488189 94.48818897637796 rue

571.6535433070866 3428.3464566929133 442.5196850393701 75.59055118110236 Tardieu,
866.1417322834645 3428.3464566929133 220.4724409448819 75.59055118110236 18e.

725.9842519685039 3629.9212598425197 429.9212598425197 81.88976377952756 2485
1040.9448818897638 3629.9212598425197 258.26771653543307 81.88976377952756 Pavots.

725.9842519685039 3724.4094488188975 428.34645669291336 81.88976377952756 2486
1039.3700787401574 3724.4094488188975 228.3464566929134 81.88976377952756 Roses.

710.2362204724409 3806.299212598425 458.26771653543307 94.48818897637796 2487
1075.5905511811025 3806.299212598425 305.51181102362204 94.48818897637796 Panier
1289.763779527559 3806.299212598425 182.6771653543307 94.48818897637796 de
1349.6062992125985 3806.299212598425 305.51181102362204 94.48818897637796 cerises.
