2982.6771653543306 4710.236220472441
1611.023622047244 555.9055118110236 159.0551181102362 91.33858267716535 252

713.3858267716536 749.6062992125984 462.99212598425197 81.88976377952756 ROUGEOT
1050.3937007874015 749.6062992125984 548.0314960629921 81.88976377952756 (Pierre),
1472.4409448818897 749.6062992125984 251.96850393700788 81.88976377952756 né
1598.4251968503936 749.6062992125984 211.0236220472441 81.88976377952756 à
1681.8897637795276 749.6062992125984 420.4724409448819 81.88976377952756 Paris.
1976.3779527559054 749.6062992125984 211.0236220472441 81.88976377952756 —
2061.417322834646 749.6062992125984 337.00787401574803 81.88976377952756 177,
2229.9212598425197 749.6062992125984 462.99212598425197 81.88976377952756 boulevard

793.7007874015748 851.9685039370079 422.0472440944882 75.59055118110236 Pereire,
1074.015748031496 851.9685039370079 211.0236220472441 75.59055118110236 17e.

918.1102362204724 1055.1181102362204 514.9606299212599 78.74015748031496 2645
1330.708661417323 1055.1181102362204 343.3070866141732 78.74015748031496 Nature
1571.6535433070867 1055.1181102362204 308.66141732283467 78.74015748031496 morte
1743.3070866141732 1055.1181102362204 377.9527559055118 78.74015748031496 (pommes).

921.2598425196851 1144.8818897637796 481.8897637795276 77.16535433070867 2646
1305.5118110236222 1144.8818897637796 321.25984251968504 77.16535433070867 Nature
1530.708661417323 1144.8818897637796 288.18897637795277 77.16535433070867 morte
1722.8346456692914 1144.8818897637796 385.8267716535433 77.16535433070867 (mouette
2011.023622047244 1144.8818897637796 192.1259842519685 77.16535433070867 et
2075.5905511811025 1144.8818897637796 417.3228346456693 77.16535433070867 hortensia).

918.1102362204724 1236.2204724409448 521.2598425196851 78.74015748031496 2647
1335.4330708661416 1236.2204724409448 313.38582677165357 78.74015748031496 Essai
1543.3070866141732 1236.2204724409448 451.9685039370079 78.74015748031496 décoratif
1891.3385826771653 1236.2204724409448 277.1653543307087 78.74015748031496 pour
2064.566929133858 1236.2204724409448 486.61417322834643 78.74015748031496 tapisserie
2445.6692913385828 1236.2204724409448 382.6771653543307 78.74015748031496 (Retour
2689.763779527559 1236.2204724409448 103.93700787401575 78.74015748031496 —

1272.4409448818897 1333.8582677165355 206.29921259842519 77.16535433070867 du
1341.732283464567 1333.8582677165355 240.9448818897638 77.16535433070867 bal).

710.2362204724409 1688.1889763779527 618.8976377952756 99.21259842519684 ROUMÉGUÈRE
1196.8503937007874 1688.1889763779527 530.7086614173228 99.21259842519684 (J.-L.),
1595.275590551181 1688.1889763779527 266.1417322834646 99.21259842519684 né
1727.5590551181103 1688.1889763779527 220.4724409448819 99.21259842519684 à
1815.748031496063 1688.1889763779527 354.3307086614173 99.21259842519684 Auch
2037.7952755905512 1688.1889763779527 486.61417322834643 99.21259842519684 (Gers).
2390.551181102362 1688.1889763779527 220.4724409448819 99.21259842519684 —
2436.220472440945 1688.1889763779527 220.4724409448819 99.21259842519684 66,

782.6771653543307 1790.5511811023623 365.3543307086614 100.78740157480316 avenue
1037.7952755905512 1790.5511811023623 255.11811023622047 100.78740157480316 des
1184.251968503937 1790.5511811023623 474.01574803149606 100.78740157480316 Gobelins,
1511.8110236220473 1790.5511811023623 218.89763779527559 100.78740157480316 13e.

903.9370078740158 2009.4488188976377 500.78740157480314 102.36220472440945 2648
1303.9370078740158 2009.4488188976377 333.8582677165354 102.36220472440945 Gammes
1538.5826771653544 2009.4488188976377 200.0 102.36220472440945 du
1604.724409448819 2009.4488188976377 267.7165354330709 102.36220472440945 matin.

697.6377952755905 2390.551181102362 585.8267716535433 81.88976377952756 ROUQUAYROL
1159.0551181102362 2390.551181102362 585.8267716535433 81.88976377952756 (Georges),
1620.4724409448818 2390.551181102362 251.96850393700788 81.88976377952756 né
1744.8818897637796 2390.551181102362 209.4488188976378 81.88976377952756 à
1829.9212598425197 2390.551181102362 670.8661417322835 81.88976377952756 Villefranche
2332.283464566929 2390.551181102362 292.9133858267717 81.88976377952756 (Rhô-

757.4803149606299 2492.9133858267714 299.21259842519686 75.59055118110236 ne).
944.8818897637796 2492.9133858267714 187.4015748031496 75.59055118110236 —
1020.4724409448819 2492.9133858267714 225.1968503937008 75.59055118110236 36
1132.283464566929 2492.9133858267714 299.21259842519686 75.59055118110236 ter,
1319.6850393700788 2492.9133858267714 262.99212598425197 75.59055118110236 rue
1469.291338582677 2492.9133858267714 225.1968503937008 75.59055118110236 de
1582.6771653543308 2492.9133858267714 225.1968503937008 75.59055118110236 la
1694.4881889763778 2492.9133858267714 749.6062992125984 75.59055118110236 Tour-d’Auvergne,
2294.488188976378 2492.9133858267714 187.4015748031496 75.59055118110236 9e.

914.9606299212599 2713.3858267716537 455.11811023622045 78.74015748031496 2649
1278.740157480315 2713.3858267716537 182.6771653543307 78.74015748031496 Au
1370.0787401574803 2713.3858267716537 333.8582677165354 78.74015748031496 théâtre
1582.6771653543308 2713.3858267716537 303.93700787401576 78.74015748031496 (loges).

924.4094488188977 2801.5748031496064 453.54330708661416 86.61417322834646 2650
1286.6141732283465 2801.5748031496064 181.10236220472441 86.61417322834646 Au
1377.9527559055118 2801.5748031496064 332.2834645669291 86.61417322834646 théâtre
1588.976377952756 2801.5748031496064 393.7007874015748 86.61417322834646 (galeries).

897.6377952755905 2896.0629921259842 485.03937007874015 85.03937007874016 2651
1286.6141732283465 2896.0629921259842 420.4724409448819 85.03937007874016 Bourgeois
1609.4488188976377 2896.0629921259842 162.20472440944883 85.03937007874016 à
1674.015748031496 2896.0629921259842 193.70078740157481 85.03937007874016 la
1738.5826771653544 2896.0629921259842 387.40157480314963 85.03937007874016 brasserie.

707.0866141732283 3267.716535433071 370.0787401574803 80.31496062992126 ROURE
954.3307086614174 3267.716535433071 823.6220472440945 80.31496062992126 (Auguste-Louis),
1653.5433070866143 3267.716535433071 247.24409448818898 80.31496062992126 né
1777.9527559055118 3267.716535433071 206.29921259842519 80.31496062992126 à
1859.8425196850394 3267.716535433071 494.48818897637796 80.31496062992126 Avignon.
2229.9212598425197 3267.716535433071 206.29921259842519 80.31496062992126 —
2313.3858267716537 3267.716535433071 288.18897637795277 80.31496062992126 12,
2436.220472440945 3267.716535433071 206.29921259842519 80.31496062992126 rue

760.6299212598425 3363.779527559055 228.3464566929134 78.74015748031496 du
874.0157480314961 3363.779527559055 685.0393700787401 78.74015748031496 Petit-Paradis,
1445.6692913385828 3363.779527559055 190.5511811023622 78.74015748031496 à
1521.259842519685 3363.779527559055 418.8976377952756 78.74015748031496 Avignon
1787.4015748031495 3363.779527559055 494.48818897637796 78.74015748031496 (Vaucluse).

910.2362204724409 3577.952755905512 491.33858267716533 80.31496062992126 2652
1303.9370078740158 3577.952755905512 360.62992125984255 80.31496062992126 Paysage
1566.9291338582677 3577.952755905512 196.8503937007874 80.31496062992126 de
1664.5669291338584 3577.952755905512 393.7007874015748 80.31496062992126 Provence
1927.5590551181103 3577.952755905512 327.5590551181102 80.31496062992126 (matin).

897.6377952755905 3672.4409448818897 483.46456692913387 83.46456692913385 2653
1283.4645669291338 3672.4409448818897 354.3307086614173 83.46456692913385 Paysage
1541.732283464567 3672.4409448818897 193.70078740157481 83.46456692913385 de
1639.3700787401574 3672.4409448818897 387.40157480314963 83.46456692913385 Provence
1897.6377952755906 3672.4409448818897 289.76377952755905 83.46456692913385 (soir).

896.0629921259842 3766.9291338582675 496.06299212598424 78.74015748031496 2654
1292.9133858267717 3766.9291338582675 363.7795275590551 78.74015748031496 Paysage
1557.4803149606298 3766.9291338582675 198.4251968503937 78.74015748031496 du
1658.267716535433 3766.9291338582675 396.8503937007874 78.74015748031496 Provence
1922.8346456692914 3766.9291338582675 330.70866141732284 78.74015748031496 (matin).
