2147.244094488189 3351.968503937008
1003.9370078740158 440.5511811023622 173.6220472440945 36.61417322834646 —
1072.4409448818897 440.5511811023622 173.6220472440945 36.61417322834646 8
1107.8740157480315 440.5511811023622 103.93700787401575 36.61417322834646 —

558.6614173228346 516.1417322834645 127.55905511811024 49.60629921259842 L.
622.4409448818898 516.1417322834645 127.55905511811024 49.60629921259842 a.
686.2204724409448 516.1417322834645 148.8188976377953 49.60629921259842 s.,
771.2598425196851 516.1417322834645 127.55905511811024 49.60629921259842 en
833.8582677165355 516.1417322834645 275.1968503937008 49.60629921259842 français,
1046.4566929133857 516.1417322834645 106.2992125984252 49.60629921259842 à
1088.976377952756 516.1417322834645 127.55905511811024 49.60629921259842 M.
1152.755905511811 516.1417322834645 191.33858267716536 49.60629921259842 Yvan,
1279.1338582677165 516.1417322834645 106.2992125984252 49.60629921259842 à
1321.6535433070867 516.1417322834645 296.45669291338584 49.60629921259842 Bruxelles;
1555.5118110236222 516.1417322834645 211.41732283464566 49.60629921259842 Turin,
1681.8897637795276 516.1417322834645 85.03937007874016 49.60629921259842 25

513.7795275590552 562.2047244094488 135.82677165354332 44.881889763779526 mai
590.5511811023622 562.2047244094488 174.8031496062992 44.881889763779526 1852,
707.4803149606299 562.2047244094488 96.85039370078741 44.881889763779526 2
746.4566929133858 562.2047244094488 116.92913385826772 44.881889763779526 p.
804.3307086614174 562.2047244094488 135.82677165354332 44.881889763779526 pl.
862.2047244094488 562.2047244094488 135.82677165354332 44.881889763779526 in

584.6456692913385 612.992125984252 131.10236220472441 41.338582677165356 Belle
672.0472440944882 612.992125984252 160.62992125984252 41.338582677165356 lettre,
787.7952755905512 612.992125984252 131.10236220472441 41.338582677165356 toute
875.1968503937007 612.992125984252 204.33070866141733 41.338582677165356 politique.
1035.8267716535433 612.992125984252 131.10236220472441 41.338582677165356 «Chez
1123.2283464566929 612.992125984252 131.10236220472441 41.338582677165356 nous,
1210.6299212598426 612.992125984252 160.62992125984252 41.338582677165356 dit-il,
1327.5590551181103 612.992125984252 101.5748031496063 41.338582677165356 les
1385.4330708661416 612.992125984252 174.8031496062992 41.338582677165356 affaires
1516.5354330708662 612.992125984252 116.92913385826772 41.338582677165356 vont
1589.763779527559 612.992125984252 131.10236220472441 41.338582677165356 assez
1662.992125984252 612.992125984252 101.5748031496063 41.338582677165356 bien,

545.6692913385826 646.0629921259842 116.92913385826772 47.24409448818898 mais
618.8976377952756 646.0629921259842 102.75590551181102 47.24409448818898 sur
676.7716535433071 646.0629921259842 146.45669291338584 47.24409448818898 toutes
779.5275590551181 646.0629921259842 102.75590551181102 47.24409448818898 nos
838.5826771653543 646.0629921259842 205.51181102362204 47.24409448818898 frontières
1000.3937007874016 646.0629921259842 175.98425196850394 47.24409448818898 s'agite,
1132.6771653543308 646.0629921259842 88.58267716535433 47.24409448818898 la
1176.3779527559054 646.0629921259842 219.68503937007873 47.24409448818898 réaction...
1352.3622047244094 646.0629921259842 88.58267716535433 47.24409448818898 Si
1396.0629921259842 646.0629921259842 88.58267716535433 47.24409448818898 le
1440.9448818897638 646.0629921259842 191.33858267716536 47.24409448818898 ministère
1587.4015748031495 646.0629921259842 102.75590551181102 47.24409448818898 est
1631.1023622047244 646.0629921259842 132.28346456692913 47.24409448818898 faible,

543.3070866141733 693.3070866141733 98.03149606299213 36.61417322834646 le
592.9133858267717 693.3070866141733 113.38582677165354 36.61417322834646 roi
657.8740157480315 693.3070866141733 113.38582677165354 36.61417322834646 est
722.8346456692914 693.3070866141733 162.99212598425197 36.61417322834646 ferme,
836.2204724409448 693.3070866141733 98.03149606299213 36.61417322834646 et
884.6456692913385 693.3070866141733 113.38582677165354 36.61417322834646 ses
949.6062992125984 693.3070866141733 162.99212598425197 36.61417322834646 bonnes
1062.992125984252 693.3070866141733 227.95275590551182 36.61417322834646 intentions
1242.5196850393702 693.3070866141733 129.92125984251967 36.61417322834646 sont
1324.015748031496 693.3070866141733 178.3464566929134 36.61417322834646 connues
1453.9370078740158 693.3070866141733 98.03149606299213 36.61417322834646 de
1502.3622047244094 693.3070866141733 129.92125984251967 36.61417322834646 tout
1583.8582677165355 693.3070866141733 98.03149606299213 36.61417322834646 le
1615.748031496063 693.3070866141733 146.45669291338584 36.61417322834646 monde.»

459.4488188976378 750.0 154.7244094488189 50.78740157480315 40.
548.0314960629921 750.0 441.73228346456693 50.78740157480315 BROSSETTE
923.6220472440945 750.0 287.00787401574803 50.78740157480315 (Claude),
1145.6692913385828 750.0 243.30708661417322 50.78740157480315 avocat,
1322.8346456692914 750.0 154.7244094488189 50.78740157480315 ami
1410.236220472441 750.0 132.28346456692913 50.78740157480315 et
1455.1181102362204 750.0 309.4488188976378 50.78740157480315 commentateur

511.4173228346457 803.1496062992126 118.11023622047244 37.79527559055118 de
551.5748031496063 803.1496062992126 197.24409448818898 37.79527559055118 Boileau.

559.8425196850394 857.4803149606299 128.74015748031496 46.06299212598425 L.
623.6220472440945 857.4803149606299 128.74015748031496 46.06299212598425 a.
688.5826771653543 857.4803149606299 128.74015748031496 46.06299212598425 s.
753.5433070866142 857.4803149606299 107.48031496062993 46.06299212598425 à
796.0629921259842 857.4803149606299 128.74015748031496 46.06299212598425 M.
861.0236220472441 857.4803149606299 301.18110236220474 46.06299212598425 Clautrier,
1097.244094488189 857.4803149606299 301.18110236220474 46.06299212598425 secrétaire
1334.6456692913387 857.4803149606299 128.74015748031496 46.06299212598425 du
1377.1653543307086 857.4803149606299 387.40157480314963 46.06299212598425 contrôleur-

511.4173228346457 900.0 159.4488188976378 47.24409448818898 ral;
610.6299212598425 900.0 179.5275590551181 47.24409448818898 Lyon,
731.1023622047244 900.0 119.29133858267717 47.24409448818898 19
790.1574803149606 900.0 159.4488188976378 47.24409448818898 août
889.3700787401575 900.0 179.5275590551181 47.24409448818898 1714,
1009.8425196850394 900.0 99.21259842519684 47.24409448818898 2
1048.8188976377953 900.0 119.29133858267717 47.24409448818898 p.
1109.0551181102362 900.0 179.5275590551181 47.24409448818898 in-4,
1228.3464566929133 900.0 159.4488188976378 47.24409448818898 joli
1307.4803149606298 900.0 179.5275590551181 47.24409448818898 cachet.

581.1023622047244 955.511811023622 145.2755905511811 37.79527559055118 Belle
679.1338582677165 955.511811023622 161.81102362204723 37.79527559055118 lettre
792.5196850393701 955.511811023622 194.88188976377953 37.79527559055118 relative
937.7952755905512 955.511811023622 81.49606299212599 37.79527559055118 à
969.6850393700787 955.511811023622 96.85039370078741 37.79527559055118 la
1018.1102362204724 955.511811023622 194.88188976377953 37.79527559055118 sédition
1164.5669291338584 955.511811023622 113.38582677165354 37.79527559055118 qui
1229.5275590551182 955.511811023622 81.49606299212599 37.79527559055118 a
1261.4173228346456 955.511811023622 96.85039370078741 37.79527559055118 eu
1309.8425196850394 955.511811023622 129.92125984251967 37.79527559055118 lieu
1391.3385826771653 955.511811023622 81.49606299212599 37.79527559055118 à
1423.2283464566929 955.511811023622 129.92125984251967 37.79527559055118 Lyon
1504.724409448819 955.511811023622 96.85039370078741 37.79527559055118 au
1536.6141732283465 955.511811023622 226.77165354330708 37.79527559055118 commencement

540.9448818897638 994.488188976378 96.85039370078741 40.15748031496063 de
589.3700787401575 994.488188976378 145.2755905511811 40.15748031496063 juin,
686.2204724409448 994.488188976378 80.31496062992126 40.15748031496063 à
718.1102362204724 994.488188976378 96.85039370078741 40.15748031496063 la
766.5354330708661 994.488188976378 225.59055118110237 40.15748031496063 nomination
943.7007874015748 994.488188976378 96.85039370078741 40.15748031496063 de
992.1259842519685 994.488188976378 160.62992125984252 40.15748031496063 l'abbé
1104.3307086614172 994.488188976378 96.85039370078741 40.15748031496063 de
1152.755905511811 994.488188976378 192.51968503937007 40.15748031496063 Villeroy
1296.8503937007874 994.488188976378 80.31496062992126 40.15748031496063 à
1328.740157480315 994.488188976378 272.8346456692913 40.15748031496063 l’archevêché,
1554.3307086614172 994.488188976378 96.85039370078741 40.15748031496063 et
1602.755905511811 994.488188976378 96.85039370078741 40.15748031496063 au
1634.6456692913387 994.488188976378 128.74015748031496 40.15748031496063 séjour

540.9448818897638 1033.4645669291338 92.1259842519685 37.79527559055118 de
587.007874015748 1033.4645669291338 92.1259842519685 37.79527559055118 la
633.0708661417323 1033.4645669291338 137.00787401574803 37.79527559055118 reine
724.0157480314961 1033.4645669291338 92.1259842519685 37.79527559055118 de
770.0787401574803 1033.4645669291338 167.71653543307087 37.79527559055118 Pologne
891.7322834645669 1033.4645669291338 121.65354330708661 37.79527559055118 dans
968.503937007874 1033.4645669291338 137.00787401574803 37.79527559055118 cette
1045.275590551181 1033.4645669291338 121.65354330708661 37.79527559055118 ville.

460.62992125984255 1081.8897637795276 147.63779527559055 55.511811023622045 41.
544.488188976378 1081.8897637795276 188.9763779527559 55.511811023622045 LE
670.8661417322835 1081.8897637795276 272.8346456692913 55.511811023622045 MÊME.
881.1023622047244 1081.8897637795276 126.37795275590551 55.511811023622045 L.
943.7007874015748 1081.8897637795276 126.37795275590551 55.511811023622045 a.
1007.4803149606299 1081.8897637795276 126.37795275590551 55.511811023622045 s.
1070.0787401574803 1081.8897637795276 105.11811023622047 55.511811023622045 à
1112.5984251968505 1081.8897637795276 188.9763779527559 55.511811023622045 Fabri
1237.7952755905512 1081.8897637795276 126.37795275590551 55.511811023622045 et
1301.5748031496064 1081.8897637795276 272.8346456692913 55.511811023622045 Barillot,
1511.8110236220473 1081.8897637795276 272.8346456692913 55.511811023622045 libraires
1700.7874015748032 1081.8897637795276 62.59842519685039 55.511811023622045 à

510.23622047244095 1139.763779527559 224.40944881889763 47.24409448818898 Genève;
673.2283464566929 1139.763779527559 184.251968503937 47.24409448818898 Lyon,
796.0629921259842 1139.763779527559 122.83464566929133 47.24409448818898 31
857.4803149606299 1139.763779527559 184.251968503937 47.24409448818898 janv.
979.1338582677165 1139.763779527559 184.251968503937 47.24409448818898 1724,
1101.9685039370079 1139.763779527559 101.5748031496063 47.24409448818898 3
1143.3070866141732 1139.763779527559 122.83464566929133 47.24409448818898 p.
1204.724409448819 1139.763779527559 142.91338582677164 47.24409448818898 pl.
1286.2204724409448 1139.763779527559 184.251968503937 47.24409448818898 in-4,
1387.7952755905512 1139.763779527559 184.251968503937 47.24409448818898 cachet.

577.5590551181102 1195.275590551181 118.11023622047244 40.15748031496063 Très
651.9685039370079 1195.275590551181 237.4015748031496 40.15748031496063 intéressante
844.488188976378 1195.275590551181 147.63779527559055 40.15748031496063 épître
948.4251968503937 1195.275590551181 178.3464566929134 40.15748031496063 relative
1081.8897637795276 1195.275590551181 74.40944881889764 40.15748031496063 à
1111.4173228346456 1195.275590551181 192.51968503937007 40.15748031496063 l’édition
1259.0551181102362 1195.275590551181 88.58267716535433 40.15748031496063 de
1303.9370078740158 1195.275590551181 133.46456692913387 40.15748031496063 La
1392.5196850393702 1195.275590551181 237.4015748031496 40.15748031496063 Fontaine
1585.0393700787401 1195.275590551181 103.93700787401575 40.15748031496063 que
1629.9212598425197 1195.275590551181 133.46456692913387 40.15748031496063 donnent

540.9448818897638 1233.0708661417323 100.39370078740157 40.15748031496063 ces
597.6377952755905 1233.0708661417323 200.78740157480314 40.15748031496063 libraires,
755.9055118110236 1233.0708661417323 86.22047244094489 40.15748031496063 et
799.6062992125984 1233.0708661417323 287.00787401574803 40.15748031496063 particulièrement
1044.0944881889764 1233.0708661417323 72.04724409448819 40.15748031496063 à
1072.4409448818897 1233.0708661417323 129.92125984251967 40.15748031496063 celle
1158.6614173228347 1233.0708661417323 86.22047244094489 40.15748031496063 de
1202.3622047244094 1233.0708661417323 258.66141732283467 40.15748031496063 Boileau
1417.3228346456692 1233.0708661417323 144.09448818897638 40.15748031496063 qu'ils
1517.716535433071 1233.0708661417323 172.44094488188978 40.15748031496063 publient
1647.6377952755906 1233.0708661417323 86.22047244094489 40.15748031496063 et
1675.984251968504 1233.0708661417323 86.22047244094489 40.15748031496063 dans

540.9448818897638 1270.8661417322835 185.43307086614172 40.15748031496063 laquelle
680.3149606299213 1270.8661417322835 200.78740157480314 40.15748031496063 Brossette
835.0393700787401 1270.8661417322835 185.43307086614172 40.15748031496063 voudrait
973.2283464566929 1270.8661417322835 154.7244094488189 40.15748031496063 qu'ils
1081.8897637795276 1270.8661417322835 185.43307086614172 40.15748031496063 insèrent
1221.259842519685 1270.8661417322835 108.66141732283465 40.15748031496063 une
1282.6771653543308 1270.8661417322835 170.07874015748033 40.15748031496063 réponse
1406.6929133858268 1270.8661417322835 139.37007874015748 40.15748031496063 faite
1498.8188976377953 1270.8661417322835 108.66141732283465 40.15748031496063 par
1561.4173228346456 1270.8661417322835 93.30708661417323 40.15748031496063 le
1592.1259842519685 1270.8661417322835 170.07874015748033 40.15748031496063 satirique

539.7637795275591 1309.8425196850394 81.49606299212599 37.79527559055118 à
572.8346456692914 1309.8425196850394 113.38582677165354 37.79527559055118 des
637.7952755905512 1309.8425196850394 194.88188976377953 37.79527559055118 attaques
783.0708661417323 1309.8425196850394 96.85039370078741 37.79527559055118 de
831.496062992126 1309.8425196850394 178.3464566929134 37.79527559055118 Leclerc
961.4173228346457 1309.8425196850394 96.85039370078741 37.79527559055118 et
1009.8425196850394 1309.8425196850394 96.85039370078741 37.79527559055118 de
1042.9133858267717 1309.8425196850394 113.38582677165354 37.79527559055118 Huet.

457.0866141732283 1357.0866141732283 146.45669291338584 57.874015748031496 42.
540.9448818897638 1357.0866141732283 188.9763779527559 57.874015748031496 LE
667.3228346456693 1357.0866141732283 272.8346456692913 57.874015748031496 MÊME.
877.5590551181102 1357.0866141732283 126.37795275590551 57.874015748031496 1°
940.1574803149606 1357.0866141732283 188.9763779527559 57.874015748031496 Copie
1066.5354330708662 1357.0866141732283 146.45669291338584 57.874015748031496 (du
1150.3937007874015 1357.0866141732283 210.23622047244095 57.874015748031496 temps)
1296.8503937007874 1357.0866141732283 188.9763779527559 57.874015748031496 d’une
1423.2283464566929 1357.0866141732283 210.23622047244095 57.874015748031496 lettre
1548.4251968503936 1357.0866141732283 210.23622047244095 57.874015748031496 adressée

505.51181102362204 1412.5984251968505 153.54330708661416 49.60629921259842 par
594.0944881889764 1412.5984251968505 153.54330708661416 49.60629921259842 lui
681.496062992126 1412.5984251968505 109.84251968503936 49.60629921259842 à
726.3779527559055 1412.5984251968505 242.1259842519685 49.60629921259842 Boileau
902.3622047244095 1412.5984251968505 132.28346456692913 49.60629921259842 le
968.503937007874 1412.5984251968505 132.28346456692913 49.60629921259842 10
1033.4645669291338 1412.5984251968505 175.98425196850394 49.60629921259842 mars
1144.4881889763778 1412.5984251968505 198.4251968503937 49.60629921259842 1699,
1275.5905511811025 1412.5984251968505 153.54330708661416 49.60629921259842 sur
1364.1732283464567 1412.5984251968505 132.28346456692913 49.60629921259842 la
1430.3149606299212 1412.5984251968505 242.1259842519685 49.60629921259842 légende
1606.2992125984251 1412.5984251968505 132.28346456692913 49.60629921259842 de
1650.0 1412.5984251968505 109.84251968503936 49.60629921259842 son

509.0551181102362 1456.2992125984251 213.7795275590551 47.24409448818898 portrait
669.6850393700787 1456.2992125984251 160.62992125984252 47.24409448818898 gravé
775.9842519685039 1456.2992125984251 125.19685039370079 47.24409448818898 par
848.0314960629921 1456.2992125984251 196.06299212598427 47.24409448818898 Brevet.
989.7637795275591 1456.2992125984251 88.58267716535433 47.24409448818898 —
1025.1968503937007 1456.2992125984251 107.48031496062993 47.24409448818898 2°
1079.5275590551182 1456.2992125984251 107.48031496062993 47.24409448818898 L.
1132.6771653543308 1456.2992125984251 107.48031496062993 47.24409448818898 a.
1185.8267716535433 1456.2992125984251 107.48031496062993 47.24409448818898 s.
1238.976377952756 1456.2992125984251 107.48031496062993 47.24409448818898 de
1293.3070866141732 1456.2992125984251 213.7795275590551 47.24409448818898 Fabri
1453.9370078740158 1456.2992125984251 107.48031496062993 47.24409448818898 et
1489.3700787401574 1456.2992125984251 266.92913385826773 47.24409448818898 Barillot,

504.3307086614173 1500.0 282.2834645669291 44.881889763779526 libraires
720.4724409448819 1500.0 108.66141732283465 44.881889763779526 à
764.1732283464567 1500.0 238.58267716535434 44.881889763779526 Genève,
937.7952755905512 1500.0 108.66141732283465 44.881889763779526 à
980.3149606299213 1500.0 303.54330708661416 44.881889763779526 Brossette,
1218.8976377952756 1500.0 151.1811023622047 44.881889763779526 sur
1306.2992125984251 1500.0 347.244094488189 44.881889763779526 l’impression
1587.4015748031495 1500.0 129.92125984251967 44.881889763779526 du
1631.1023622047244 1500.0 129.92125984251967 44.881889763779526 Boi-

504.3307086614173 1542.5196850393702 175.98425196850394 43.7007874015748 leau
615.3543307086615 1542.5196850393702 175.98425196850394 43.7007874015748 avec
725.1968503937007 1542.5196850393702 154.7244094488189 43.7007874015748 ses
813.7795275590552 1542.5196850393702 374.40944881889766 43.7007874015748 commentaires,
1122.0472440944882 1542.5196850393702 132.28346456692913 43.7007874015748 et
1188.1889763779527 1542.5196850393702 220.86614173228347 43.7007874015748 copie,
1341.732283464567 1542.5196850393702 154.7244094488189 43.7007874015748 par
1430.3149606299212 1542.5196850393702 175.98425196850394 43.7007874015748 eux,
1540.1574803149606 1542.5196850393702 198.4251968503937 43.7007874015748 d’une
1651.1811023622047 1542.5196850393702 109.84251968503936 43.7007874015748 cu-

503.1496062992126 1586.2204724409448 219.68503937007873 44.881889763779526 rieuse
657.8740157480315 1586.2204724409448 219.68503937007873 44.881889763779526 lettre
811.4173228346457 1586.2204724409448 132.28346456692913 44.881889763779526 de
877.5590551181102 1586.2204724409448 198.4251968503937 44.881889763779526 J.-B.
1009.8425196850394 1586.2204724409448 264.56692913385825 44.881889763779526 Rousseau
1207.0866141732283 1586.2204724409448 153.54330708661416 44.881889763779526 sur
1295.6692913385828 1586.2204724409448 132.28346456692913 44.881889763779526 le
1361.8110236220473 1586.2204724409448 175.98425196850394 44.881889763779526 même
1471.6535433070867 1586.2204724409448 219.68503937007873 44.881889763779526 sujet,
1603.9370078740158 1586.2204724409448 153.54330708661416 44.881889763779526 1715,

505.51181102362204 1631.1023622047244 92.1259842519685 46.06299212598425 5
543.3070866141733 1631.1023622047244 111.02362204724409 46.06299212598425 p.
579.9212598425197 1631.1023622047244 128.74015748031496 46.06299212598425 in

454.7244094488189 1694.8818897637796 151.1811023622047 47.24409448818898 43.
540.9448818897638 1694.8818897637796 411.0236220472441 47.24409448818898 BUGEAUD,
887.007874015748 1694.8818897637796 259.84251968503935 47.24409448818898 maréchal
1081.8897637795276 1694.8818897637796 129.92125984251967 47.24409448818898 de
1124.4094488188975 1694.8818897637796 194.88188976377953 47.24409448818898 France.

553.9370078740158 1752.755905511811 128.74015748031496 47.24409448818898 1°
617.7165354330708 1752.755905511811 128.74015748031496 47.24409448818898 L.
682.6771653543307 1752.755905511811 150.0 47.24409448818898 s.,
768.8976377952756 1752.755905511811 107.48031496062993 47.24409448818898 à
811.4173228346457 1752.755905511811 301.18110236220474 47.24409448818898 l’occasion
1047.6377952755906 1752.755905511811 128.74015748031496 47.24409448818898 de
1112.5984251968505 1752.755905511811 150.0 47.24409448818898 son
1198.8188976377953 1752.755905511811 279.9212598425197 47.24409448818898 élévation
1413.7795275590552 1752.755905511811 107.48031496062993 47.24409448818898 à
1456.2992125984251 1752.755905511811 128.74015748031496 47.24409448818898 la
1521.259842519685 1752.755905511811 236.2204724409449 47.24409448818898 dignité
1671.259842519685 1752.755905511811 86.22047244094489 47.24409448818898 de

504.3307086614173 1797.6377952755906 262.20472440944883 47.24409448818898 maréchal;
706.2992125984252 1797.6377952755906 201.96850393700788 47.24409448818898 Alger,
846.8503937007874 1797.6377952755906 120.4724409448819 47.24409448818898 22
908.2677165354331 1797.6377952755906 161.81102362204723 47.24409448818898 août
1008.6614173228346 1797.6377952755906 181.88976377952756 47.24409448818898 1843,
1129.1338582677165 1797.6377952755906 100.39370078740157 47.24409448818898 1
1170.4724409448818 1797.6377952755906 120.4724409448819 47.24409448818898 p.
1230.708661417323 1797.6377952755906 242.1259842519685 47.24409448818898 in-4.—2°
1412.5984251968505 1797.6377952755906 181.88976377952756 47.24409448818898 Pièce
1533.0708661417323 1797.6377952755906 161.81102362204723 47.24409448818898 aut.
1613.3858267716535 1797.6377952755906 141.73228346456693 47.24409448818898 sig.,

506.6929133858268 1840.1574803149606 152.36220472440945 44.881889763779526 comme
607.0866141732283 1840.1574803149606 287.00787401574803 44.881889763779526 ex-colonel
843.3070866141733 1840.1574803149606 101.5748031496063 44.881889763779526 du
894.0944881889764 1840.1574803149606 118.11023622047244 44.881889763779526 14e
961.4173228346457 1840.1574803149606 101.5748031496063 44.881889763779526 de
1012.2047244094488 1840.1574803149606 236.2204724409449 44.881889763779526 ligne,
1197.6377952755906 1840.1574803149606 152.36220472440945 44.881889763779526 1831,
1299.2125984251968 1840.1574803149606 83.85826771653544 44.881889763779526 1
1332.283464566929 1840.1574803149606 101.5748031496063 44.881889763779526 p.
1366.5354330708662 1840.1574803149606 118.11023622047244 44.881889763779526 in

457.0866141732283 1901.5748031496064 146.45669291338584 49.60629921259842 44.
540.9448818897638 1901.5748031496064 356.6929133858268 49.60629921259842 CAMPAN
835.0393700787401 1901.5748031496064 210.23622047244095 49.60629921259842 (Mme),
981.496062992126 1901.5748031496064 251.5748031496063 49.60629921259842 lectrice
1170.4724409448818 1901.5748031496064 126.37795275590551 49.60629921259842 de
1234.251968503937 1901.5748031496064 440.5511811023622 49.60629921259842 Marie-Antoinette,
1590.9448818897638 1901.5748031496064 167.71653543307087 49.60629921259842 auteur

503.1496062992126 1950.0 100.39370078740157 49.60629921259842 de
552.7559055118111 1950.0 316.53543307086613 49.60629921259842 Mémoires
819.6850393700787 1950.0 116.92913385826772 49.60629921259842 sur
885.8267716535433 1950.0 150.0 49.60629921259842 cette
969.6850393700787 1950.0 199.60629921259843 49.60629921259842 princesse.

548.0314960629921 2009.0551181102362 137.00787401574803 48.425196850393704 L.
616.5354330708661 2009.0551181102362 137.00787401574803 48.425196850393704 a.
683.8582677165355 2009.0551181102362 137.00787401574803 48.425196850393704 s.
752.3622047244095 2009.0551181102362 137.00787401574803 48.425196850393704 au
820.8661417322835 2009.0551181102362 205.51181102362204 48.425196850393704 grand
957.8740157480315 2009.0551181102362 318.8976377952756 48.425196850393704 chancelier
1208.267716535433 2009.0551181102362 137.00787401574803 48.425196850393704 de
1276.7716535433071 2009.0551181102362 137.00787401574803 48.425196850393704 la
1345.275590551181 2009.0551181102362 227.95275590551182 48.425196850393704 Légion
1482.283464566929 2009.0551181102362 272.8346456692913 48.425196850393704 d’honneur;

505.51181102362204 2052.755905511811 179.5275590551181 47.24409448818898 Ecouen,
636.6141732283464 2052.755905511811 114.56692913385827 47.24409448818898 1er
701.5748031496063 2052.755905511811 114.56692913385827 47.24409448818898 av.
766.5354330708661 2052.755905511811 146.45669291338584 47.24409448818898 1811,
864.5669291338583 2052.755905511811 81.49606299212599 47.24409448818898 4
896.4566929133858 2052.755905511811 98.03149606299213 47.24409448818898 p.
946.0629921259842 2052.755905511811 114.56692913385827 47.24409448818898 pl.
1011.0236220472441 2052.755905511811 146.45669291338584 47.24409448818898 in-f.
1109.0551181102362 2052.755905511811 196.06299212598427 47.24409448818898 Belle
1238.976377952756 2052.755905511811 196.06299212598427 47.24409448818898 pièce.

566.9291338582677 2109.448818897638 129.92125984251967 42.51968503937008 Sur
641.3385826771654 2109.448818897638 129.92125984251967 42.51968503937008 les
715.7480314960629 2109.448818897638 204.33070866141733 42.51968503937008 mesures
864.5669291338583 2109.448818897638 93.30708661417323 42.51968503937008 à
902.3622047244095 2109.448818897638 204.33070866141733 42.51968503937008 prendre
1051.1811023622047 2109.448818897638 148.8188976377953 42.51968503937008 pour
1143.3070866141732 2109.448818897638 167.71653543307087 42.51968503937008 mieux
1255.5118110236222 2109.448818897638 185.43307086614172 42.51968503937008 fermer
1385.4330708661416 2109.448818897638 111.02362204724409 42.51968503937008 la
1440.9448818897638 2109.448818897638 185.43307086614172 42.51968503937008 maison
1553.1496062992126 2109.448818897638 204.33070866141733 42.51968503937008 impériale

531.496062992126 2148.4251968503936 212.5984251968504 40.15748031496063 d’Ecouen,
694.488188976378 2148.4251968503936 98.03149606299213 40.15748031496063 où
744.0944881889764 2148.4251968503936 98.03149606299213 40.15748031496063 un
792.5196850393701 2148.4251968503936 146.45669291338584 40.15748031496063 chien
890.5511811023622 2148.4251968503936 162.99212598425197 40.15748031496063 enragé
1005.1181102362204 2148.4251968503936 81.49606299212599 40.15748031496063 a
1038.1889763779527 2148.4251968503936 162.99212598425197 40.15748031496063 failli
1152.755905511811 2148.4251968503936 196.06299212598427 40.15748031496063 pénétrer
1299.2125984251968 2148.4251968503936 98.03149606299213 40.15748031496063 et
1347.6377952755906 2148.4251968503936 162.99212598425197 40.15748031496063 causer
1462.2047244094488 2148.4251968503936 244.48818897637796 40.15748031496063 d’horribles
1641.732283464567 2148.4251968503936 114.56692913385827 40.15748031496063 acci

517.3228346456693 2192.1259842519685 121.65354330708661 29.52755905511811 dents.

448.81889763779526 2248.818897637795 157.08661417322836 50.78740157480315 45.
538.5826771653543 2248.818897637795 496.06299212598424 50.78740157480315 CANCELLIERI
967.3228346456693 2248.818897637795 225.59055118110237 50.78740157480315 (Fr.),
1124.4094488188975 2248.818897637795 225.59055118110237 50.78740157480315 savant
1282.6771653543308 2248.818897637795 360.23622047244095 50.78740157480315 bibliographe
1551.9685039370079 2248.818897637795 203.1496062992126 50.78740157480315 piémon-

503.1496062992126 2297.244094488189 160.62992125984252 50.78740157480315 tais,
610.6299212598425 2297.244094488189 232.6771653543307 50.78740157480315 président
788.9763779527559 2297.244094488189 107.48031496062993 50.78740157480315 de
842.1259842519685 2297.244094488189 285.8267716535433 50.78740157480315 l’imprimerie
1074.8031496062993 2297.244094488189 107.48031496062993 50.78740157480315 de
1127.9527559055118 2297.244094488189 160.62992125984252 50.78740157480315 la
1217.716535433071 2297.244094488189 303.54330708661416 50.78740157480315 Propagande.

546.8503937007874 2355.1181102362207 121.65354330708661 44.881889763779526 L.
607.0866141732283 2355.1181102362207 121.65354330708661 44.881889763779526 a.
668.503937007874 2355.1181102362207 141.73228346456693 44.881889763779526 s.,
750.0 2355.1181102362207 121.65354330708661 44.881889763779526 en
811.4173228346457 2355.1181102362207 244.48818897637796 44.881889763779526 italien,
993.3070866141733 2355.1181102362207 101.5748031496063 44.881889763779526 à
1034.6456692913387 2355.1181102362207 121.65354330708661 44.881889763779526 M.
1094.8818897637796 2355.1181102362207 223.22834645669292 44.881889763779526 Marcel;
1257.8740157480315 2355.1181102362207 183.0708661417323 44.881889763779526 Rome,
1379.5275590551182 2355.1181102362207 183.0708661417323 44.881889763779526 1809,
1502.3622047244094 2355.1181102362207 101.5748031496063 44.881889763779526 1
1542.5196850393702 2355.1181102362207 121.65354330708661 44.881889763779526 p.
1583.8582677165355 2355.1181102362207 141.73228346456693 44.881889763779526 in

569.2913385826772 2408.267716535433 196.06299212598427 37.79527559055118 Relative
716.9291338582677 2408.267716535433 81.49606299212599 37.79527559055118 à
748.8188976377953 2408.267716535433 98.03149606299213 37.79527559055118 la
798.4251968503937 2408.267716535433 131.10236220472441 37.79527559055118 mort
879.9212598425197 2408.267716535433 98.03149606299213 37.79527559055118 du
928.3464566929134 2408.267716535433 162.99212598425197 37.79527559055118 savant
1042.9133858267717 2408.267716535433 146.45669291338584 37.79527559055118 Zeoga
1140.9448818897638 2408.267716535433 98.03149606299213 37.79527559055118 et
1190.5511811023623 2408.267716535433 114.56692913385827 37.79527559055118 aux
1255.5118110236222 2408.267716535433 196.06299212598427 37.79527559055118 ouvrages
1401.9685039370079 2408.267716535433 146.45669291338584 37.79527559055118 qu'il
1484.6456692913387 2408.267716535433 146.45669291338584 37.79527559055118 laisse.

446.45669291338584 2466.1417322834645 164.17322834645668 49.60629921259842 46.
539.7637795275591 2466.1417322834645 514.9606299212599 49.60629921259842 CHANGARNIER
985.0393700787401 2466.1417322834645 164.17322834645668 49.60629921259842 (le
1078.3464566929133 2466.1417322834645 304.7244094488189 49.60629921259842 général),
1312.2047244094488 2466.1417322834645 327.1653543307087 49.60629921259842 commandant
1569.6850393700788 2466.1417322834645 140.5511811023622 49.60629921259842 en
1616.9291338582677 2466.1417322834645 140.5511811023622 49.60629921259842 chef

496.06299212598424 2515.748031496063 119.29133858267717 41.338582677165356 de
556.2992125984252 2515.748031496063 219.68503937007873 41.338582677165356 l’armée
715.7480314960629 2515.748031496063 119.29133858267717 41.338582677165356 de
755.9055118110236 2515.748031496063 159.4488188976378 41.338582677165356 Paris.

546.8503937007874 2572.4409448818897 114.56692913385827 48.425196850393704 L.
603.5433070866142 2572.4409448818897 114.56692913385827 48.425196850393704 a.
661.4173228346457 2572.4409448818897 133.46456692913387 48.425196850393704 s.;
738.1889763779527 2572.4409448818897 305.90551181102364 48.425196850393704 (Bruxelles),
986.2204724409448 2572.4409448818897 114.56692913385827 48.425196850393704 15
1042.9133858267717 2572.4409448818897 172.44094488188978 48.425196850393704 janv.
1157.4803149606298 2572.4409448818897 172.44094488188978 48.425196850393704 1852,
1272.0472440944882 2572.4409448818897 95.66929133858268 48.425196850393704 2
1311.023622047244 2572.4409448818897 114.56692913385827 48.425196850393704 p.
1348.8188976377953 2572.4409448818897 133.46456692913387 48.425196850393704 in

440.5511811023622 2642.1259842519685 187.79527559055117 47.24409448818898 47.
548.0314960629921 2642.1259842519685 374.40944881889766 47.24409448818898 CHARDON
842.1259842519685 2642.1259842519685 160.62992125984252 47.24409448818898 DE
922.4409448818898 2642.1259842519685 160.62992125984252 47.24409448818898 LA
1002.7559055118111 2642.1259842519685 454.7244094488189 47.24409448818898 ROCHETTE,
1378.3464566929133 2642.1259842519685 374.40944881889766 47.24409448818898 helléniste
1645.275590551181 2642.1259842519685 107.48031496062993 47.24409448818898 et

499.6062992125984 2690.551181102362 309.4488188976378 49.60629921259842 bibliographe
731.1023622047244 2690.551181102362 174.8031496062992 49.60629921259842 érudit.

543.3070866141733 2747.244094488189 99.21259842519684 46.06299212598425 4
583.4645669291339 2747.244094488189 119.29133858267717 46.06299212598425 l.
642.5196850393701 2747.244094488189 119.29133858267717 46.06299212598425 a.
702.7559055118111 2747.244094488189 119.29133858267717 46.06299212598425 s.
761.8110236220473 2747.244094488189 99.21259842519684 46.06299212598425 à
801.9685039370079 2747.244094488189 238.58267716535434 46.06299212598425 Amanton,
980.3149606299213 2747.244094488189 238.58267716535434 46.06299212598425 1810-12,
1158.6614173228347 2747.244094488189 119.29133858267717 46.06299212598425 10
1217.716535433071 2747.244094488189 119.29133858267717 46.06299212598425 p.
1277.9527559055118 2747.244094488189 158.26771653543307 46.06299212598425 in-8
1377.1653543307086 2747.244094488189 119.29133858267717 46.06299212598425 ou
1416.1417322834645 2747.244094488189 139.37007874015748 46.06299212598425 in

565.7480314960629 2802.755905511811 252.75590551181102 40.15748031496063 Intéressante
770.0787401574803 2802.755905511811 284.6456692913386 40.15748031496063 correspondance
1007.4803149606299 2802.755905511811 188.9763779527559 40.15748031496063 relative
1149.2125984251968 2802.755905511811 79.13385826771653 40.15748031496063 à
1181.1023622047244 2802.755905511811 158.26771653543307 40.15748031496063 divers
1290.9448818897638 2802.755905511811 158.26771653543307 40.15748031496063 sujets
1401.9685039370079 2802.755905511811 236.2204724409449 40.15748031496063 d'érudition
1590.9448818897638 2802.755905511811 94.48818897637796 40.15748031496063 et
1638.1889763779527 2802.755905511811 94.48818897637796 40.15748031496063 de
1670.0787401574803 2802.755905511811 79.13385826771653 40.15748031496063 bi

511.4173228346457 2840.551181102362 212.5984251968504 36.61417322834646 bliographie.
