<alto xmlns:xsi="http://www.w3.org/2001/XMLSchema-instance" xmlns="http://www.loc.gov/standards/alto/ns-v2#" xmlns:page="http://schema.primaresearch.org/PAGE/gts/pagecontent/2013-07-15" xsi:schemaLocation="http://www.loc.gov/standards/alto/ns-v2# http://www.loc.gov/standards/alto/alto.xsd">
  <Description>
    <MeasurementUnit>pixel</MeasurementUnit>
    <sourceImageInformation>
         <fileName>11.xml</fileName>
      </sourceImageInformation>
    <OCRProcessing ID="IdOcr">
      <ocrProcessingStep>
        <processingDateTime>2020-05-13T10:41:26.269+02:00</processingDateTime>
        <processingSoftware>
               <softwareCreator>CONTRIBUTORS</softwareCreator>
               <softwareName>pdfalto</softwareName>
               <softwareVersion>0.1</softwareVersion>
            </processingSoftware>
      </ocrProcessingStep>
    </OCRProcessing>
  </Description>
  <Styles>
     <TextStyle ID="FONT0" FONTFAMILY="unknown" FONTSIZE="unknown" FONTTYPE="unknown" FONTWIDTH="unknown" FONTCOLOR="unknown" FONTSTYLE=""/>
     <TextStyle ID="FONT1" FONTFAMILY="unknown" FONTSIZE="unknown" FONTTYPE="unknown" FONTWIDTH="unknown" FONTCOLOR="unknown" FONTSTYLE="bold"/>
     <TextStyle ID="FONT2" FONTFAMILY="unknown" FONTSIZE="unknown" FONTTYPE="unknown" FONTWIDTH="unknown" FONTCOLOR="unknown" FONTSTYLE="italics"/>
</Styles>
  <Tags/>
  <Layout>
    <Page ID="Page1" PHYSICAL_IMG_NR="1" HEIGHT="3367.3228346456694" WIDTH="2192.1259842519685">
      <PrintSpace HEIGHT="3367.3228346456694" WIDTH="2087.0078740157483" VPOS="0.0" HPOS="5.905511811023622">
        <TextBlock ID="r_2_1" HEIGHT="40.15748031496063" WIDTH="167.71653543307087" VPOS="442.9133858267717" HPOS="981.496062992126">
          <TextLine ID="tl_2" BASELINE="408" HEIGHT="37.79527559055118" WIDTH="165.35433070866142" VPOS="444.09448818897636" HPOS="982.6771653543307">
            <String HEIGHT="37.79527559055118" WIDTH="165.35433070866142" VPOS="444.09448818897636" HPOS="949.6062992125984" CONTENT="—" ID="tl_2_1" STYLEREFS="FONT0"/>
            <SP HEIGHT="37.79527559055118" WIDTH="33.07086614173228" VPOS="444.09448818897636" HPOS="1114.9606299212599"/>
            <String HEIGHT="37.79527559055118" WIDTH="165.35433070866142" VPOS="444.09448818897636" HPOS="1015.7480314960629" CONTENT="9" ID="tl_2_2" STYLEREFS="FONT0"/>
            <SP HEIGHT="37.79527559055118" WIDTH="33.07086614173228" VPOS="444.09448818897636" HPOS="1181.1023622047244"/>
            <String HEIGHT="37.79527559055118" WIDTH="99.21259842519684" VPOS="444.09448818897636" HPOS="1048.8188976377953" CONTENT="—" ID="tl_2_3" STYLEREFS="FONT0"/>
          </TextLine>
        </TextBlock>
        <TextBlock ID="r_2_2" HEIGHT="124.01574803149606" WIDTH="1281.4960629921259" VPOS="501.9685039370079" HPOS="425.1968503937008">
          <TextLine ID="tl_3" BASELINE="494" HEIGHT="80.31496062992126" WIDTH="1279.1338582677165" VPOS="503.1496062992126" HPOS="426.37795275590554">
            <String HEIGHT="80.31496062992126" WIDTH="207.8740157480315" VPOS="503.1496062992126" HPOS="396.8503937007874" CONTENT="48." ID="tl_3_1" STYLEREFS="FONT0"/>
            <SP HEIGHT="80.31496062992126" WIDTH="29.52755905511811" VPOS="503.1496062992126" HPOS="604.7244094488188"/>
            <String HEIGHT="80.31496062992126" WIDTH="713.3858267716536" VPOS="503.1496062992126" HPOS="516.1417322834645" CONTENT="CHARENTE-INFÉRIEURE." ID="tl_3_2" STYLEREFS="FONT0"/>
            <SP HEIGHT="80.31496062992126" WIDTH="29.52755905511811" VPOS="503.1496062992126" HPOS="1229.5275590551182"/>
            <String HEIGHT="80.31496062992126" WIDTH="178.3464566929134" VPOS="503.1496062992126" HPOS="1139.763779527559" CONTENT="28" ID="tl_3_3" STYLEREFS="FONT0"/>
            <SP HEIGHT="80.31496062992126" WIDTH="29.52755905511811" VPOS="503.1496062992126" HPOS="1319.291338582677"/>
            <String HEIGHT="80.31496062992126" WIDTH="327.1653543307087" VPOS="503.1496062992126" HPOS="1229.5275590551182" CONTENT="pièces," ID="tl_3_4" STYLEREFS="FONT0"/>
            <SP HEIGHT="80.31496062992126" WIDTH="29.52755905511811" VPOS="503.1496062992126" HPOS="1556.6929133858268"/>
            <String HEIGHT="80.31496062992126" WIDTH="207.8740157480315" VPOS="503.1496062992126" HPOS="1468.1102362204724" CONTENT="sur" ID="tl_3_5" STYLEREFS="FONT0"/>
            <SP HEIGHT="80.31496062992126" WIDTH="29.52755905511811" VPOS="503.1496062992126" HPOS="1675.984251968504"/>
            <String HEIGHT="80.31496062992126" WIDTH="148.8188976377953" VPOS="503.1496062992126" HPOS="1556.6929133858268" CONTENT="pa" SUBS_TYPE="HypPart1" SUBS_CONTENT="papier" ID="tl_3_6" STYLEREFS="FONT0"/>
            <HYP CONTENT="-"/>
          </TextLine>
          <TextLine ID="tl_4" BASELINE="529" HEIGHT="57.874015748031496" WIDTH="1129.1338582677165" VPOS="566.9291338582677" HPOS="474.8031496062992">
            <String HEIGHT="57.874015748031496" WIDTH="155.90551181102362" VPOS="566.9291338582677" HPOS="455.90551181102364" CONTENT="pier" SUBS_TYPE="HypPart2" SUBS_CONTENT="papier" ID="tl_4_1" STYLEREFS="FONT0"/>
            <SP HEIGHT="57.874015748031496" WIDTH="18.89763779527559" VPOS="566.9291338582677" HPOS="610.6299212598425"/>
            <String HEIGHT="57.874015748031496" WIDTH="116.92913385826772" VPOS="566.9291338582677" HPOS="552.7559055118111" CONTENT="ou" ID="tl_4_2" STYLEREFS="FONT0"/>
            <SP HEIGHT="57.874015748031496" WIDTH="18.89763779527559" VPOS="566.9291338582677" HPOS="669.6850393700787"/>
            <String HEIGHT="57.874015748031496" WIDTH="135.82677165354332" VPOS="566.9291338582677" HPOS="610.6299212598425" CONTENT="sur" ID="tl_4_3" STYLEREFS="FONT0"/>
            <SP HEIGHT="57.874015748031496" WIDTH="18.89763779527559" VPOS="566.9291338582677" HPOS="747.6377952755905"/>
            <String HEIGHT="57.874015748031496" WIDTH="194.88188976377953" VPOS="566.9291338582677" HPOS="688.5826771653543" CONTENT="vélin," ID="tl_4_4" STYLEREFS="FONT0"/>
            <SP HEIGHT="57.874015748031496" WIDTH="18.89763779527559" VPOS="566.9291338582677" HPOS="883.4645669291339"/>
            <String HEIGHT="57.874015748031496" WIDTH="213.7795275590551" VPOS="566.9291338582677" HPOS="825.5905511811023" CONTENT="formant" ID="tl_4_5" STYLEREFS="FONT0"/>
            <SP HEIGHT="57.874015748031496" WIDTH="18.89763779527559" VPOS="566.9291338582677" HPOS="1039.3700787401574"/>
            <String HEIGHT="57.874015748031496" WIDTH="116.92913385826772" VPOS="566.9291338582677" HPOS="981.496062992126" CONTENT="la" ID="tl_4_6" STYLEREFS="FONT0"/>
            <SP HEIGHT="57.874015748031496" WIDTH="18.89763779527559" VPOS="566.9291338582677" HPOS="1097.244094488189"/>
            <String HEIGHT="57.874015748031496" WIDTH="194.88188976377953" VPOS="566.9291338582677" HPOS="1039.3700787401574" CONTENT="valeur" ID="tl_4_7" STYLEREFS="FONT0"/>
            <SP HEIGHT="57.874015748031496" WIDTH="18.89763779527559" VPOS="566.9291338582677" HPOS="1234.251968503937"/>
            <String HEIGHT="57.874015748031496" WIDTH="155.90551181102362" VPOS="566.9291338582677" HPOS="1175.1968503937007" CONTENT="d’un" ID="tl_4_8" STYLEREFS="FONT0"/>
            <SP HEIGHT="57.874015748031496" WIDTH="18.89763779527559" VPOS="566.9291338582677" HPOS="1331.1023622047244"/>
            <String HEIGHT="57.874015748031496" WIDTH="194.88188976377953" VPOS="566.9291338582677" HPOS="1273.2283464566929" CONTENT="volume" ID="tl_4_9" STYLEREFS="FONT0"/>
            <SP HEIGHT="57.874015748031496" WIDTH="18.89763779527559" VPOS="566.9291338582677" HPOS="1468.1102362204724"/>
            <String HEIGHT="57.874015748031496" WIDTH="213.7795275590551" VPOS="566.9291338582677" HPOS="1390.1574803149606" CONTENT="in" ID="tl_4_10" STYLEREFS="FONT0"/>
          </TextLine>
        </TextBlock>
        <TextBlock ID="r_2_3" HEIGHT="568.1102362204724" WIDTH="1242.5196850393702" VPOS="627.1653543307086" HPOS="466.53543307086613">
          <TextLine ID="tl_5" BASELINE="578" HEIGHT="54.330708661417326" WIDTH="1178.740157480315" VPOS="628.3464566929134" HPOS="524.4094488188977">
            <String HEIGHT="54.330708661417326" WIDTH="239.76377952755905" VPOS="628.3464566929134" HPOS="503.1496062992126" CONTENT="Dossier" ID="tl_5_1" STYLEREFS="FONT0"/>
            <SP HEIGHT="54.330708661417326" WIDTH="21.25984251968504" VPOS="628.3464566929134" HPOS="742.9133858267717"/>
            <String HEIGHT="54.330708661417326" WIDTH="349.6062992125984" VPOS="628.3464566929134" HPOS="676.7716535433071" CONTENT="intéressant," ID="tl_5_2" STYLEREFS="FONT0"/>
            <SP HEIGHT="54.330708661417326" WIDTH="21.25984251968504" VPOS="628.3464566929134" HPOS="1026.3779527559054"/>
            <String HEIGHT="54.330708661417326" WIDTH="327.1653543307087" VPOS="628.3464566929134" HPOS="961.4173228346457" CONTENT="comprenant:" ID="tl_5_3" STYLEREFS="FONT0"/>
            <SP HEIGHT="54.330708661417326" WIDTH="21.25984251968504" VPOS="628.3464566929134" HPOS="1288.5826771653544"/>
            <String HEIGHT="54.330708661417326" WIDTH="152.36220472440945" VPOS="628.3464566929134" HPOS="1222.4409448818897" CONTENT="une" ID="tl_5_4" STYLEREFS="FONT0"/>
            <SP HEIGHT="54.330708661417326" WIDTH="21.25984251968504" VPOS="628.3464566929134" HPOS="1375.984251968504"/>
            <String HEIGHT="54.330708661417326" WIDTH="218.50393700787401" VPOS="628.3464566929134" HPOS="1309.8425196850394" CONTENT="charte" ID="tl_5_5" STYLEREFS="FONT0"/>
            <SP HEIGHT="54.330708661417326" WIDTH="21.25984251968504" VPOS="628.3464566929134" HPOS="1528.3464566929133"/>
            <String HEIGHT="54.330708661417326" WIDTH="152.36220472440945" VPOS="628.3464566929134" HPOS="1463.3858267716535" CONTENT="sur" ID="tl_5_6" STYLEREFS="FONT0"/>
            <SP HEIGHT="54.330708661417326" WIDTH="21.25984251968504" VPOS="628.3464566929134" HPOS="1615.748031496063"/>
            <String HEIGHT="54.330708661417326" WIDTH="174.8031496062992" VPOS="628.3464566929134" HPOS="1528.3464566929133" CONTENT="vélin," ID="tl_5_7" STYLEREFS="FONT0"/>
          </TextLine>
          <TextLine ID="tl_6" BASELINE="609" HEIGHT="49.60629921259842" WIDTH="1230.708661417323" VPOS="669.6850393700787" HPOS="475.98425196850394">
            <String HEIGHT="49.60629921259842" WIDTH="245.66929133858267" VPOS="669.6850393700787" HPOS="455.90551181102364" CONTENT="relative" ID="tl_6_1" STYLEREFS="FONT0"/>
            <SP HEIGHT="49.60629921259842" WIDTH="20.078740157480315" VPOS="669.6850393700787" HPOS="701.5748031496063"/>
            <String HEIGHT="49.60629921259842" WIDTH="102.75590551181102" VPOS="669.6850393700787" HPOS="640.1574803149606" CONTENT="à" ID="tl_6_2" STYLEREFS="FONT0"/>
            <SP HEIGHT="49.60629921259842" WIDTH="20.078740157480315" VPOS="669.6850393700787" HPOS="742.9133858267717"/>
            <String HEIGHT="49.60629921259842" WIDTH="122.83464566929133" VPOS="669.6850393700787" HPOS="681.496062992126" CONTENT="la" ID="tl_6_3" STYLEREFS="FONT0"/>
            <SP HEIGHT="49.60629921259842" WIDTH="20.078740157480315" VPOS="669.6850393700787" HPOS="804.3307086614174"/>
            <String HEIGHT="49.60629921259842" WIDTH="266.92913385826773" VPOS="669.6850393700787" HPOS="742.9133858267717" CONTENT="Rochelle," ID="tl_6_4" STYLEREFS="FONT0"/>
            <SP HEIGHT="49.60629921259842" WIDTH="20.078740157480315" VPOS="669.6850393700787" HPOS="1009.8425196850394"/>
            <String HEIGHT="49.60629921259842" WIDTH="122.83464566929133" VPOS="669.6850393700787" HPOS="947.2440944881889" CONTENT="de" ID="tl_6_5" STYLEREFS="FONT0"/>
            <SP HEIGHT="49.60629921259842" WIDTH="20.078740157480315" VPOS="669.6850393700787" HPOS="1071.259842519685"/>
            <String HEIGHT="49.60629921259842" WIDTH="184.251968503937" VPOS="669.6850393700787" HPOS="1009.8425196850394" CONTENT="1424," ID="tl_6_6" STYLEREFS="FONT0"/>
            <SP HEIGHT="49.60629921259842" WIDTH="20.078740157480315" VPOS="669.6850393700787" HPOS="1194.0944881889764"/>
            <String HEIGHT="49.60629921259842" WIDTH="144.09448818897638" VPOS="669.6850393700787" HPOS="1132.6771653543308" CONTENT="gr." ID="tl_6_7" STYLEREFS="FONT0"/>
            <SP HEIGHT="49.60629921259842" WIDTH="20.078740157480315" VPOS="669.6850393700787" HPOS="1275.5905511811025"/>
            <String HEIGHT="49.60629921259842" WIDTH="205.51181102362204" VPOS="669.6850393700787" HPOS="1214.1732283464567" CONTENT="in-f.;" ID="tl_6_8" STYLEREFS="FONT0"/>
            <SP HEIGHT="49.60629921259842" WIDTH="20.078740157480315" VPOS="669.6850393700787" HPOS="1419.6850393700788"/>
            <String HEIGHT="49.60629921259842" WIDTH="184.251968503937" VPOS="669.6850393700787" HPOS="1358.267716535433" CONTENT="autre" ID="tl_6_9" STYLEREFS="FONT0"/>
            <SP HEIGHT="49.60629921259842" WIDTH="20.078740157480315" VPOS="669.6850393700787" HPOS="1542.5196850393702"/>
            <String HEIGHT="49.60629921259842" WIDTH="205.51181102362204" VPOS="669.6850393700787" HPOS="1481.1023622047244" CONTENT="charte" ID="tl_6_10" STYLEREFS="FONT0"/>
            <SP HEIGHT="49.60629921259842" WIDTH="20.078740157480315" VPOS="669.6850393700787" HPOS="1686.6141732283465"/>
            <String HEIGHT="49.60629921259842" WIDTH="102.75590551181102" VPOS="669.6850393700787" HPOS="1603.9370078740158" CONTENT="sur" ID="tl_6_11" STYLEREFS="FONT0"/>
          </TextLine>
          <TextLine ID="tl_7" BASELINE="644" HEIGHT="48.425196850393704" WIDTH="1234.251968503937" VPOS="712.2047244094488" HPOS="473.62204724409446">
            <String HEIGHT="48.425196850393704" WIDTH="209.0551181102362" VPOS="712.2047244094488" HPOS="450.0" CONTENT="vélin" ID="tl_7_1" STYLEREFS="FONT0"/>
            <SP HEIGHT="48.425196850393704" WIDTH="23.62204724409449" VPOS="712.2047244094488" HPOS="660.2362204724409"/>
            <String HEIGHT="48.425196850393704" WIDTH="325.98425196850394" VPOS="712.2047244094488" HPOS="590.5511811023622" CONTENT="concernant" ID="tl_7_2" STYLEREFS="FONT0"/>
            <SP HEIGHT="48.425196850393704" WIDTH="23.62204724409449" VPOS="712.2047244094488" HPOS="916.5354330708661"/>
            <String HEIGHT="48.425196850393704" WIDTH="325.98425196850394" VPOS="712.2047244094488" HPOS="845.6692913385826" CONTENT="Notre-Dame" ID="tl_7_3" STYLEREFS="FONT0"/>
            <SP HEIGHT="48.425196850393704" WIDTH="23.62204724409449" VPOS="712.2047244094488" HPOS="1172.8346456692914"/>
            <String HEIGHT="48.425196850393704" WIDTH="162.99212598425197" VPOS="712.2047244094488" HPOS="1101.9685039370079" CONTENT="des" ID="tl_7_4" STYLEREFS="FONT0"/>
            <SP HEIGHT="48.425196850393704" WIDTH="23.62204724409449" VPOS="712.2047244094488" HPOS="1264.9606299212599"/>
            <String HEIGHT="48.425196850393704" WIDTH="232.6771653543307" VPOS="712.2047244094488" HPOS="1195.275590551181" CONTENT="Halles" ID="tl_7_5" STYLEREFS="FONT0"/>
            <SP HEIGHT="48.425196850393704" WIDTH="23.62204724409449" VPOS="712.2047244094488" HPOS="1427.9527559055118"/>
            <String HEIGHT="48.425196850393704" WIDTH="139.37007874015748" VPOS="712.2047244094488" HPOS="1358.267716535433" CONTENT="de" ID="tl_7_6" STYLEREFS="FONT0"/>
            <SP HEIGHT="48.425196850393704" WIDTH="23.62204724409449" VPOS="712.2047244094488" HPOS="1498.8188976377953"/>
            <String HEIGHT="48.425196850393704" WIDTH="302.3622047244094" VPOS="712.2047244094488" HPOS="1405.5118110236222" CONTENT="Saint" SUBS_TYPE="HypPart1" SUBS_CONTENT="Saintd’Angély," ID="tl_7_7" STYLEREFS="FONT0"/>
            <HYP CONTENT="-"/>
          </TextLine>
          <TextLine ID="tl_8" BASELINE="688" HEIGHT="57.874015748031496" WIDTH="1229.5275590551182" VPOS="754.7244094488188" HPOS="474.8031496062992">
            <String HEIGHT="57.874015748031496" WIDTH="290.5511811023622" VPOS="754.7244094488188" HPOS="452.3622047244094" CONTENT="d’Angély," SUBS_TYPE="HypPart2" SUBS_CONTENT="Saintd’Angély," ID="tl_8_1" STYLEREFS="FONT0"/>
            <SP HEIGHT="57.874015748031496" WIDTH="22.440944881889763" VPOS="754.7244094488188" HPOS="742.9133858267717"/>
            <String HEIGHT="57.874015748031496" WIDTH="200.78740157480314" VPOS="754.7244094488188" HPOS="675.5905511811023" CONTENT="1474," ID="tl_8_2" STYLEREFS="FONT0"/>
            <SP HEIGHT="57.874015748031496" WIDTH="22.440944881889763" VPOS="754.7244094488188" HPOS="877.5590551181102"/>
            <String HEIGHT="57.874015748031496" WIDTH="112.20472440944881" VPOS="754.7244094488188" HPOS="810.2362204724409" CONTENT="2" ID="tl_8_3" STYLEREFS="FONT0"/>
            <SP HEIGHT="57.874015748031496" WIDTH="22.440944881889763" VPOS="754.7244094488188" HPOS="922.4409448818898"/>
            <String HEIGHT="57.874015748031496" WIDTH="134.64566929133858" VPOS="754.7244094488188" HPOS="855.1181102362204" CONTENT="p." ID="tl_8_4" STYLEREFS="FONT0"/>
            <SP HEIGHT="57.874015748031496" WIDTH="22.440944881889763" VPOS="754.7244094488188" HPOS="988.5826771653543"/>
            <String HEIGHT="57.874015748031496" WIDTH="223.22834645669292" VPOS="754.7244094488188" HPOS="922.4409448818898" CONTENT="in-f.;" ID="tl_8_5" STYLEREFS="FONT0"/>
            <SP HEIGHT="57.874015748031496" WIDTH="22.440944881889763" VPOS="754.7244094488188" HPOS="1145.6692913385828"/>
            <String HEIGHT="57.874015748031496" WIDTH="112.20472440944881" VPOS="754.7244094488188" HPOS="1078.3464566929133" CONTENT="4" ID="tl_8_6" STYLEREFS="FONT0"/>
            <SP HEIGHT="57.874015748031496" WIDTH="22.440944881889763" VPOS="754.7244094488188" HPOS="1190.5511811023623"/>
            <String HEIGHT="57.874015748031496" WIDTH="223.22834645669292" VPOS="754.7244094488188" HPOS="1123.2283464566929" CONTENT="pièces" ID="tl_8_7" STYLEREFS="FONT0"/>
            <SP HEIGHT="57.874015748031496" WIDTH="22.440944881889763" VPOS="754.7244094488188" HPOS="1346.4566929133857"/>
            <String HEIGHT="57.874015748031496" WIDTH="155.90551181102362" VPOS="754.7244094488188" HPOS="1279.1338582677165" CONTENT="sur" ID="tl_8_8" STYLEREFS="FONT0"/>
            <SP HEIGHT="57.874015748031496" WIDTH="22.440944881889763" VPOS="754.7244094488188" HPOS="1436.2204724409448"/>
            <String HEIGHT="57.874015748031496" WIDTH="223.22834645669292" VPOS="754.7244094488188" HPOS="1368.8976377952756" CONTENT="vélin," ID="tl_8_9" STYLEREFS="FONT0"/>
            <SP HEIGHT="57.874015748031496" WIDTH="22.440944881889763" VPOS="754.7244094488188" HPOS="1592.1259842519685"/>
            <String HEIGHT="57.874015748031496" WIDTH="178.3464566929134" VPOS="754.7244094488188" HPOS="1525.984251968504" CONTENT="sig." ID="tl_8_10" STYLEREFS="FONT0"/>
            <SP HEIGHT="57.874015748031496" WIDTH="22.440944881889763" VPOS="754.7244094488188" HPOS="1704.3307086614172"/>
            <String HEIGHT="57.874015748031496" WIDTH="89.76377952755905" VPOS="754.7244094488188" HPOS="1614.5669291338584" CONTENT="de" ID="tl_8_11" STYLEREFS="FONT0"/>
          </TextLine>
          <TextLine ID="tl_9" BASELINE="722" HEIGHT="59.05511811023622" WIDTH="1230.708661417323" VPOS="793.7007874015748" HPOS="473.62204724409446">
            <String HEIGHT="59.05511811023622" WIDTH="150.0" VPOS="793.7007874015748" HPOS="457.0866141732283" CONTENT="Louis" ID="tl_9_1" STYLEREFS="FONT0"/>
            <SP HEIGHT="59.05511811023622" WIDTH="16.53543307086614" VPOS="793.7007874015748" HPOS="607.0866141732283"/>
            <String HEIGHT="59.05511811023622" WIDTH="150.0" VPOS="793.7007874015748" HPOS="556.2992125984252" CONTENT="XIII," ID="tl_9_2" STYLEREFS="FONT0"/>
            <SP HEIGHT="59.05511811023622" WIDTH="16.53543307086614" VPOS="793.7007874015748" HPOS="706.2992125984252"/>
            <String HEIGHT="59.05511811023622" WIDTH="166.53543307086613" VPOS="793.7007874015748" HPOS="656.6929133858267" CONTENT="datées" ID="tl_9_3" STYLEREFS="FONT0"/>
            <SP HEIGHT="59.05511811023622" WIDTH="16.53543307086614" VPOS="793.7007874015748" HPOS="823.2283464566929"/>
            <String HEIGHT="59.05511811023622" WIDTH="99.21259842519684" VPOS="793.7007874015748" HPOS="772.4409448818898" CONTENT="du" ID="tl_9_4" STYLEREFS="FONT0"/>
            <SP HEIGHT="59.05511811023622" WIDTH="16.53543307086614" VPOS="793.7007874015748" HPOS="872.8346456692914"/>
            <String HEIGHT="59.05511811023622" WIDTH="183.0708661417323" VPOS="793.7007874015748" HPOS="823.2283464566929" CONTENT="camp" ID="tl_9_5" STYLEREFS="FONT2"/>
            <SP HEIGHT="59.05511811023622" WIDTH="16.53543307086614" VPOS="793.7007874015748" HPOS="1006.2992125984252"/>
            <String HEIGHT="59.05511811023622" WIDTH="166.53543307086613" VPOS="793.7007874015748" HPOS="955.511811023622" CONTENT="devant" ID="tl_9_6" STYLEREFS="FONT2"/>
            <SP HEIGHT="59.05511811023622" WIDTH="16.53543307086614" VPOS="793.7007874015748" HPOS="1122.0472440944882"/>
            <String HEIGHT="59.05511811023622" WIDTH="99.21259842519684" VPOS="793.7007874015748" HPOS="1072.4409448818897" CONTENT="la" ID="tl_9_7" STYLEREFS="FONT2"/>
            <SP HEIGHT="59.05511811023622" WIDTH="16.53543307086614" VPOS="793.7007874015748" HPOS="1171.6535433070867"/>
            <String HEIGHT="59.05511811023622" WIDTH="265.748031496063" VPOS="793.7007874015748" HPOS="1122.0472440944882" CONTENT="Rochelle" ID="tl_9_8" STYLEREFS="FONT2"/>
            <SP HEIGHT="59.05511811023622" WIDTH="16.53543307086614" VPOS="793.7007874015748" HPOS="1387.7952755905512"/>
            <String HEIGHT="59.05511811023622" WIDTH="99.21259842519684" VPOS="793.7007874015748" HPOS="1338.1889763779527" CONTENT="et" ID="tl_9_9" STYLEREFS="FONT0"/>
            <SP HEIGHT="59.05511811023622" WIDTH="16.53543307086614" VPOS="793.7007874015748" HPOS="1438.5826771653544"/>
            <String HEIGHT="59.05511811023622" WIDTH="99.21259842519684" VPOS="793.7007874015748" HPOS="1387.7952755905512" CONTENT="du" ID="tl_9_10" STYLEREFS="FONT0"/>
            <SP HEIGHT="59.05511811023622" WIDTH="16.53543307086614" VPOS="793.7007874015748" HPOS="1488.1889763779527"/>
            <String HEIGHT="59.05511811023622" WIDTH="183.0708661417323" VPOS="793.7007874015748" HPOS="1438.5826771653544" CONTENT="camp" ID="tl_9_11" STYLEREFS="FONT2"/>
            <SP HEIGHT="59.05511811023622" WIDTH="16.53543307086614" VPOS="793.7007874015748" HPOS="1621.6535433070867"/>
            <String HEIGHT="59.05511811023622" WIDTH="150.0" VPOS="793.7007874015748" HPOS="1554.3307086614172" CONTENT="de" ID="tl_9_12" STYLEREFS="FONT2"/>
          </TextLine>
          <TextLine ID="tl_10" BASELINE="756" HEIGHT="53.1496062992126" WIDTH="1234.251968503937" VPOS="839.7637795275591" HPOS="472.4409448818898">
            <String HEIGHT="53.1496062992126" WIDTH="199.60629921259843" VPOS="839.7637795275591" HPOS="454.7244094488189" CONTENT="vant" ID="tl_10_1" STYLEREFS="FONT2"/>
            <SP HEIGHT="53.1496062992126" WIDTH="17.716535433070867" VPOS="839.7637795275591" HPOS="654.3307086614174"/>
            <String HEIGHT="53.1496062992126" WIDTH="253.93700787401573" VPOS="839.7637795275591" HPOS="600.0" CONTENT="Royan," ID="tl_10_2" STYLEREFS="FONT2"/>
            <SP HEIGHT="53.1496062992126" WIDTH="17.716535433070867" VPOS="839.7637795275591" HPOS="853.9370078740158"/>
            <String HEIGHT="53.1496062992126" WIDTH="145.2755905511811" VPOS="839.7637795275591" HPOS="799.6062992125984" CONTENT="1622" ID="tl_10_3" STYLEREFS="FONT0"/>
            <SP HEIGHT="53.1496062992126" WIDTH="17.716535433070867" VPOS="839.7637795275591" HPOS="944.8818897637796"/>
            <String HEIGHT="53.1496062992126" WIDTH="108.66141732283465" VPOS="839.7637795275591" HPOS="889.3700787401575" CONTENT="et" ID="tl_10_4" STYLEREFS="FONT0"/>
            <SP HEIGHT="53.1496062992126" WIDTH="17.716535433070867" VPOS="839.7637795275591" HPOS="999.2125984251968"/>
            <String HEIGHT="53.1496062992126" WIDTH="162.99212598425197" VPOS="839.7637795275591" HPOS="944.8818897637796" CONTENT="1628;" ID="tl_10_5" STYLEREFS="FONT0"/>
            <SP HEIGHT="53.1496062992126" WIDTH="17.716535433070867" VPOS="839.7637795275591" HPOS="1107.8740157480315"/>
            <String HEIGHT="53.1496062992126" WIDTH="90.94488188976378" VPOS="839.7637795275591" HPOS="1053.5433070866143" CONTENT="—" ID="tl_10_6" STYLEREFS="FONT0"/>
            <SP HEIGHT="53.1496062992126" WIDTH="17.716535433070867" VPOS="839.7637795275591" HPOS="1144.4881889763778"/>
            <String HEIGHT="53.1496062992126" WIDTH="108.66141732283465" VPOS="839.7637795275591" HPOS="1090.1574803149606" CONTENT="22" ID="tl_10_7" STYLEREFS="FONT0"/>
            <SP HEIGHT="53.1496062992126" WIDTH="17.716535433070867" VPOS="839.7637795275591" HPOS="1198.8188976377953"/>
            <String HEIGHT="53.1496062992126" WIDTH="181.88976377952756" VPOS="839.7637795275591" HPOS="1144.4881889763778" CONTENT="pièces" ID="tl_10_8" STYLEREFS="FONT0"/>
            <SP HEIGHT="53.1496062992126" WIDTH="17.716535433070867" VPOS="839.7637795275591" HPOS="1325.1968503937007"/>
            <String HEIGHT="53.1496062992126" WIDTH="127.55905511811024" VPOS="839.7637795275591" HPOS="1270.8661417322835" CONTENT="gr." ID="tl_10_9" STYLEREFS="FONT0"/>
            <SP HEIGHT="53.1496062992126" WIDTH="17.716535433070867" VPOS="839.7637795275591" HPOS="1398.4251968503936"/>
            <String HEIGHT="53.1496062992126" WIDTH="181.88976377952756" VPOS="839.7637795275591" HPOS="1344.0944881889764" CONTENT="in-f.," ID="tl_10_10" STYLEREFS="FONT0"/>
            <SP HEIGHT="53.1496062992126" WIDTH="17.716535433070867" VPOS="839.7637795275591" HPOS="1524.8031496062993"/>
            <String HEIGHT="53.1496062992126" WIDTH="145.2755905511811" VPOS="839.7637795275591" HPOS="1470.4724409448818" CONTENT="dont" ID="tl_10_11" STYLEREFS="FONT0"/>
            <SP HEIGHT="53.1496062992126" WIDTH="17.716535433070867" VPOS="839.7637795275591" HPOS="1615.748031496063"/>
            <String HEIGHT="53.1496062992126" WIDTH="127.55905511811024" VPOS="839.7637795275591" HPOS="1561.4173228346456" CONTENT="une" ID="tl_10_12" STYLEREFS="FONT0"/>
            <SP HEIGHT="53.1496062992126" WIDTH="17.716535433070867" VPOS="839.7637795275591" HPOS="1688.976377952756"/>
            <String HEIGHT="53.1496062992126" WIDTH="90.94488188976378" VPOS="839.7637795275591" HPOS="1615.748031496063" CONTENT="sur" ID="tl_10_13" STYLEREFS="FONT0"/>
          </TextLine>
          <TextLine ID="tl_11" BASELINE="791" HEIGHT="51.968503937007874" WIDTH="1231.8897637795276" VPOS="882.2834645669292" HPOS="473.62204724409446">
            <String HEIGHT="51.968503937007874" WIDTH="216.14173228346456" VPOS="882.2834645669292" HPOS="452.3622047244094" CONTENT="vélin," ID="tl_11_1" STYLEREFS="FONT0"/>
            <SP HEIGHT="51.968503937007874" WIDTH="21.25984251968504" VPOS="882.2834645669292" HPOS="668.503937007874"/>
            <String HEIGHT="51.968503937007874" WIDTH="281.1023622047244" VPOS="882.2834645669292" HPOS="603.5433070866142" CONTENT="relatives" ID="tl_11_2" STYLEREFS="FONT0"/>
            <SP HEIGHT="51.968503937007874" WIDTH="21.25984251968504" VPOS="882.2834645669292" HPOS="884.6456692913385"/>
            <String HEIGHT="51.968503937007874" WIDTH="151.1811023622047" VPOS="882.2834645669292" HPOS="819.6850393700787" CONTENT="aux" ID="tl_11_3" STYLEREFS="FONT0"/>
            <SP HEIGHT="51.968503937007874" WIDTH="21.25984251968504" VPOS="882.2834645669292" HPOS="970.8661417322835"/>
            <String HEIGHT="51.968503937007874" WIDTH="323.62204724409446" VPOS="882.2834645669292" HPOS="905.9055118110236" CONTENT="communautés" ID="tl_11_4" STYLEREFS="FONT0"/>
            <SP HEIGHT="51.968503937007874" WIDTH="21.25984251968504" VPOS="882.2834645669292" HPOS="1229.5275590551182"/>
            <String HEIGHT="51.968503937007874" WIDTH="151.1811023622047" VPOS="882.2834645669292" HPOS="1165.748031496063" CONTENT="des" ID="tl_11_5" STYLEREFS="FONT0"/>
            <SP HEIGHT="51.968503937007874" WIDTH="21.25984251968504" VPOS="882.2834645669292" HPOS="1316.9291338582677"/>
            <String HEIGHT="51.968503937007874" WIDTH="302.3622047244094" VPOS="882.2834645669292" HPOS="1251.9685039370079" CONTENT="Ursulines," ID="tl_11_6" STYLEREFS="FONT0"/>
            <SP HEIGHT="51.968503937007874" WIDTH="21.25984251968504" VPOS="882.2834645669292" HPOS="1554.3307086614172"/>
            <String HEIGHT="51.968503937007874" WIDTH="151.1811023622047" VPOS="882.2834645669292" HPOS="1489.3700787401574" CONTENT="des" ID="tl_11_7" STYLEREFS="FONT0"/>
            <SP HEIGHT="51.968503937007874" WIDTH="21.25984251968504" VPOS="882.2834645669292" HPOS="1640.5511811023623"/>
            <String HEIGHT="51.968503937007874" WIDTH="151.1811023622047" VPOS="882.2834645669292" HPOS="1554.3307086614172" CONTENT="Dames" ID="tl_11_8" STYLEREFS="FONT0"/>
          </TextLine>
          <TextLine ID="tl_12" BASELINE="830" HEIGHT="54.330708661417326" WIDTH="1236.6141732283465" VPOS="925.9842519685039" HPOS="467.7165354330709">
            <String HEIGHT="54.330708661417326" WIDTH="356.6929133858268" VPOS="925.9842519685039" HPOS="446.45669291338584" CONTENT="hospitalières" ID="tl_12_1" STYLEREFS="FONT0"/>
            <SP HEIGHT="54.330708661417326" WIDTH="21.25984251968504" VPOS="925.9842519685039" HPOS="803.1496062992126"/>
            <String HEIGHT="54.330708661417326" WIDTH="125.19685039370079" VPOS="925.9842519685039" HPOS="740.5511811023622" CONTENT="de" ID="tl_12_2" STYLEREFS="FONT0"/>
            <SP HEIGHT="54.330708661417326" WIDTH="21.25984251968504" VPOS="925.9842519685039" HPOS="865.7480314960629"/>
            <String HEIGHT="54.330708661417326" WIDTH="125.19685039370079" VPOS="925.9842519685039" HPOS="803.1496062992126" CONTENT="la" ID="tl_12_3" STYLEREFS="FONT0"/>
            <SP HEIGHT="54.330708661417326" WIDTH="21.25984251968504" VPOS="925.9842519685039" HPOS="928.3464566929134"/>
            <String HEIGHT="54.330708661417326" WIDTH="230.31496062992127" VPOS="925.9842519685039" HPOS="865.7480314960629" CONTENT="Charité" ID="tl_12_4" STYLEREFS="FONT0"/>
            <SP HEIGHT="54.330708661417326" WIDTH="21.25984251968504" VPOS="925.9842519685039" HPOS="1096.0629921259842"/>
            <String HEIGHT="54.330708661417326" WIDTH="125.19685039370079" VPOS="925.9842519685039" HPOS="1033.4645669291338" CONTENT="et" ID="tl_12_5" STYLEREFS="FONT0"/>
            <SP HEIGHT="54.330708661417326" WIDTH="21.25984251968504" VPOS="925.9842519685039" HPOS="1159.8425196850394"/>
            <String HEIGHT="54.330708661417326" WIDTH="146.45669291338584" VPOS="925.9842519685039" HPOS="1096.0629921259842" CONTENT="des" ID="tl_12_6" STYLEREFS="FONT0"/>
            <SP HEIGHT="54.330708661417326" WIDTH="21.25984251968504" VPOS="925.9842519685039" HPOS="1243.7007874015749"/>
            <String HEIGHT="54.330708661417326" WIDTH="230.31496062992127" VPOS="925.9842519685039" HPOS="1179.9212598425197" CONTENT="prêtres" ID="tl_12_7" STYLEREFS="FONT0"/>
            <SP HEIGHT="54.330708661417326" WIDTH="21.25984251968504" VPOS="925.9842519685039" HPOS="1411.4173228346456"/>
            <String HEIGHT="54.330708661417326" WIDTH="125.19685039370079" VPOS="925.9842519685039" HPOS="1347.6377952755906" CONTENT="de" ID="tl_12_8" STYLEREFS="FONT0"/>
            <SP HEIGHT="54.330708661417326" WIDTH="21.25984251968504" VPOS="925.9842519685039" HPOS="1474.015748031496"/>
            <String HEIGHT="54.330708661417326" WIDTH="292.9133858267717" VPOS="925.9842519685039" HPOS="1411.4173228346456" CONTENT="l’Oratoire" ID="tl_12_9" STYLEREFS="FONT0"/>
            <SP HEIGHT="54.330708661417326" WIDTH="21.25984251968504" VPOS="925.9842519685039" HPOS="1704.3307086614172"/>
            <String HEIGHT="54.330708661417326" WIDTH="83.85826771653544" VPOS="925.9842519685039" HPOS="1620.4724409448818" CONTENT="de" ID="tl_12_10" STYLEREFS="FONT0"/>
          </TextLine>
          <TextLine ID="tl_13" BASELINE="864" HEIGHT="53.1496062992126" WIDTH="1231.8897637795276" VPOS="967.3228346456693" HPOS="472.4409448818898">
            <String HEIGHT="53.1496062992126" WIDTH="181.88976377952756" VPOS="967.3228346456693" HPOS="452.3622047244094" CONTENT="la" ID="tl_13_1" STYLEREFS="FONT2"/>
            <SP HEIGHT="53.1496062992126" WIDTH="20.078740157480315" VPOS="967.3228346456693" HPOS="634.2519685039371"/>
            <String HEIGHT="53.1496062992126" WIDTH="343.7007874015748" VPOS="967.3228346456693" HPOS="572.8346456692914" CONTENT="Rochelle;" ID="tl_13_2" STYLEREFS="FONT2"/>
            <SP HEIGHT="53.1496062992126" WIDTH="20.078740157480315" VPOS="967.3228346456693" HPOS="916.5354330708661"/>
            <String HEIGHT="53.1496062992126" WIDTH="141.73228346456693" VPOS="967.3228346456693" HPOS="856.2992125984252" CONTENT="aux" ID="tl_13_3" STYLEREFS="FONT0"/>
            <SP HEIGHT="53.1496062992126" WIDTH="20.078740157480315" VPOS="967.3228346456693" HPOS="998.0314960629921"/>
            <String HEIGHT="53.1496062992126" WIDTH="302.3622047244094" VPOS="967.3228346456693" HPOS="936.6141732283464" CONTENT="communautés" ID="tl_13_4" STYLEREFS="FONT0"/>
            <SP HEIGHT="53.1496062992126" WIDTH="20.078740157480315" VPOS="967.3228346456693" HPOS="1240.1574803149606"/>
            <String HEIGHT="53.1496062992126" WIDTH="121.65354330708661" VPOS="967.3228346456693" HPOS="1178.740157480315" CONTENT="de" ID="tl_13_5" STYLEREFS="FONT0"/>
            <SP HEIGHT="53.1496062992126" WIDTH="20.078740157480315" VPOS="967.3228346456693" HPOS="1300.3937007874015"/>
            <String HEIGHT="53.1496062992126" WIDTH="302.3622047244094" VPOS="967.3228346456693" HPOS="1240.1574803149606" CONTENT="Notre-Dame," ID="tl_13_6" STYLEREFS="FONT0"/>
            <SP HEIGHT="53.1496062992126" WIDTH="20.078740157480315" VPOS="967.3228346456693" HPOS="1542.5196850393702"/>
            <String HEIGHT="53.1496062992126" WIDTH="121.65354330708661" VPOS="967.3228346456693" HPOS="1482.283464566929" CONTENT="de" ID="tl_13_7" STYLEREFS="FONT0"/>
            <SP HEIGHT="53.1496062992126" WIDTH="20.078740157480315" VPOS="967.3228346456693" HPOS="1603.9370078740158"/>
            <String HEIGHT="53.1496062992126" WIDTH="181.88976377952756" VPOS="967.3228346456693" HPOS="1522.4409448818897" CONTENT="Sainte" SUBS_TYPE="HypPart1" SUBS_CONTENT="SainteClaire," ID="tl_13_8" STYLEREFS="FONT0"/>
            <HYP CONTENT="-"/>
          </TextLine>
          <TextLine ID="tl_14" BASELINE="901" HEIGHT="51.968503937007874" WIDTH="1229.5275590551182" VPOS="1012.2047244094488" HPOS="473.62204724409446">
            <String HEIGHT="51.968503937007874" WIDTH="196.06299212598427" VPOS="1012.2047244094488" HPOS="455.90551181102364" CONTENT="Claire," SUBS_TYPE="HypPart2" SUBS_CONTENT="SainteClaire," ID="tl_14_1" STYLEREFS="FONT0"/>
            <SP HEIGHT="51.968503937007874" WIDTH="17.716535433070867" VPOS="1012.2047244094488" HPOS="651.9685039370079"/>
            <String HEIGHT="51.968503937007874" WIDTH="125.19685039370079" VPOS="1012.2047244094488" HPOS="598.8188976377953" CONTENT="des" ID="tl_14_2" STYLEREFS="FONT0"/>
            <SP HEIGHT="51.968503937007874" WIDTH="17.716535433070867" VPOS="1012.2047244094488" HPOS="722.8346456692914"/>
            <String HEIGHT="51.968503937007874" WIDTH="249.21259842519686" VPOS="1012.2047244094488" HPOS="669.6850393700787" CONTENT="Carmélites" ID="tl_14_3" STYLEREFS="FONT0"/>
            <SP HEIGHT="51.968503937007874" WIDTH="17.716535433070867" VPOS="1012.2047244094488" HPOS="918.8976377952756"/>
            <String HEIGHT="51.968503937007874" WIDTH="107.48031496062993" VPOS="1012.2047244094488" HPOS="865.7480314960629" CONTENT="et" ID="tl_14_4" STYLEREFS="FONT0"/>
            <SP HEIGHT="51.968503937007874" WIDTH="17.716535433070867" VPOS="1012.2047244094488" HPOS="972.0472440944882"/>
            <String HEIGHT="51.968503937007874" WIDTH="125.19685039370079" VPOS="1012.2047244094488" HPOS="918.8976377952756" CONTENT="des" ID="tl_14_5" STYLEREFS="FONT0"/>
            <SP HEIGHT="51.968503937007874" WIDTH="17.716535433070867" VPOS="1012.2047244094488" HPOS="1044.0944881889764"/>
            <String HEIGHT="51.968503937007874" WIDTH="178.3464566929134" VPOS="1012.2047244094488" HPOS="990.9448818897638" CONTENT="Filles" ID="tl_14_6" STYLEREFS="FONT0"/>
            <SP HEIGHT="51.968503937007874" WIDTH="17.716535433070867" VPOS="1012.2047244094488" HPOS="1168.1102362204724"/>
            <String HEIGHT="51.968503937007874" WIDTH="107.48031496062993" VPOS="1012.2047244094488" HPOS="1114.9606299212599" CONTENT="de" ID="tl_14_7" STYLEREFS="FONT0"/>
            <SP HEIGHT="51.968503937007874" WIDTH="17.716535433070867" VPOS="1012.2047244094488" HPOS="1222.4409448818897"/>
            <String HEIGHT="51.968503937007874" WIDTH="107.48031496062993" VPOS="1012.2047244094488" HPOS="1168.1102362204724" CONTENT="la" ID="tl_14_8" STYLEREFS="FONT0"/>
            <SP HEIGHT="51.968503937007874" WIDTH="17.716535433070867" VPOS="1012.2047244094488" HPOS="1275.5905511811025"/>
            <String HEIGHT="51.968503937007874" WIDTH="196.06299212598427" VPOS="1012.2047244094488" HPOS="1222.4409448818897" CONTENT="Charité" ID="tl_14_9" STYLEREFS="FONT0"/>
            <SP HEIGHT="51.968503937007874" WIDTH="17.716535433070867" VPOS="1012.2047244094488" HPOS="1418.5039370078741"/>
            <String HEIGHT="51.968503937007874" WIDTH="107.48031496062993" VPOS="1012.2047244094488" HPOS="1364.1732283464567" CONTENT="de" ID="tl_14_10" STYLEREFS="FONT0"/>
            <SP HEIGHT="51.968503937007874" WIDTH="17.716535433070867" VPOS="1012.2047244094488" HPOS="1471.6535433070867"/>
            <String HEIGHT="51.968503937007874" WIDTH="302.3622047244094" VPOS="1012.2047244094488" HPOS="1400.7874015748032" CONTENT="Saintes;" ID="tl_14_11" STYLEREFS="FONT2"/>
          </TextLine>
          <TextLine ID="tl_15" BASELINE="939" HEIGHT="53.1496062992126" WIDTH="1231.8897637795276" VPOS="1055.9055118110236" HPOS="472.4409448818898">
            <String HEIGHT="53.1496062992126" WIDTH="122.83464566929133" VPOS="1055.9055118110236" HPOS="452.3622047244094" CONTENT="et" ID="tl_15_1" STYLEREFS="FONT0"/>
            <SP HEIGHT="53.1496062992126" WIDTH="20.078740157480315" VPOS="1055.9055118110236" HPOS="575.1968503937007"/>
            <String HEIGHT="53.1496062992126" WIDTH="102.75590551181102" VPOS="1055.9055118110236" HPOS="513.7795275590552" CONTENT="à" ID="tl_15_2" STYLEREFS="FONT0"/>
            <SP HEIGHT="53.1496062992126" WIDTH="20.078740157480315" VPOS="1055.9055118110236" HPOS="616.5354330708661"/>
            <String HEIGHT="53.1496062992126" WIDTH="122.83464566929133" VPOS="1055.9055118110236" HPOS="555.1181102362204" CONTENT="la" ID="tl_15_3" STYLEREFS="FONT0"/>
            <SP HEIGHT="53.1496062992126" WIDTH="20.078740157480315" VPOS="1055.9055118110236" HPOS="677.9527559055118"/>
            <String HEIGHT="53.1496062992126" WIDTH="287.00787401574803" VPOS="1055.9055118110236" HPOS="616.5354330708661" CONTENT="communauté" ID="tl_15_4" STYLEREFS="FONT0"/>
            <SP HEIGHT="53.1496062992126" WIDTH="20.078740157480315" VPOS="1055.9055118110236" HPOS="903.5433070866142"/>
            <String HEIGHT="53.1496062992126" WIDTH="144.09448818897638" VPOS="1055.9055118110236" HPOS="842.1259842519685" CONTENT="des" ID="tl_15_5" STYLEREFS="FONT0"/>
            <SP HEIGHT="53.1496062992126" WIDTH="20.078740157480315" VPOS="1055.9055118110236" HPOS="986.2204724409448"/>
            <String HEIGHT="53.1496062992126" WIDTH="513.7795275590552" VPOS="1055.9055118110236" HPOS="923.6220472440945" CONTENT="Nouvelles-Catholiques" ID="tl_15_6" STYLEREFS="FONT0"/>
            <SP HEIGHT="53.1496062992126" WIDTH="20.078740157480315" VPOS="1055.9055118110236" HPOS="1437.4015748031495"/>
            <String HEIGHT="53.1496062992126" WIDTH="122.83464566929133" VPOS="1055.9055118110236" HPOS="1375.984251968504" CONTENT="de" ID="tl_15_7" STYLEREFS="FONT0"/>
            <SP HEIGHT="53.1496062992126" WIDTH="20.078740157480315" VPOS="1055.9055118110236" HPOS="1498.8188976377953"/>
            <String HEIGHT="53.1496062992126" WIDTH="287.00787401574803" VPOS="1055.9055118110236" HPOS="1417.3228346456692" CONTENT="Pons:" ID="tl_15_8" STYLEREFS="FONT2"/>
          </TextLine>
          <TextLine ID="tl_16" BASELINE="977" HEIGHT="53.1496062992126" WIDTH="1229.5275590551182" VPOS="1100.7874015748032" HPOS="474.8031496062992">
            <String HEIGHT="53.1496062992126" WIDTH="386.2204724409449" VPOS="1100.7874015748032" HPOS="451.18110236220474" CONTENT="dénombrement" ID="tl_16_1" STYLEREFS="FONT0"/>
            <SP HEIGHT="53.1496062992126" WIDTH="23.62204724409449" VPOS="1100.7874015748032" HPOS="836.2204724409448"/>
            <String HEIGHT="53.1496062992126" WIDTH="168.89763779527559" VPOS="1100.7874015748032" HPOS="764.1732283464567" CONTENT="des" ID="tl_16_2" STYLEREFS="FONT0"/>
            <SP HEIGHT="53.1496062992126" WIDTH="23.62204724409449" VPOS="1100.7874015748032" HPOS="933.0708661417323"/>
            <String HEIGHT="53.1496062992126" WIDTH="217.3228346456693" VPOS="1100.7874015748032" HPOS="861.0236220472441" CONTENT="biens" ID="tl_16_3" STYLEREFS="FONT0"/>
            <SP HEIGHT="53.1496062992126" WIDTH="23.62204724409449" VPOS="1100.7874015748032" HPOS="1077.1653543307086"/>
            <String HEIGHT="53.1496062992126" WIDTH="144.09448818897638" VPOS="1100.7874015748032" HPOS="1005.1181102362204" CONTENT="de" ID="tl_16_4" STYLEREFS="FONT0"/>
            <SP HEIGHT="53.1496062992126" WIDTH="23.62204724409449" VPOS="1100.7874015748032" HPOS="1150.3937007874015"/>
            <String HEIGHT="53.1496062992126" WIDTH="168.89763779527559" VPOS="1100.7874015748032" HPOS="1077.1653543307086" CONTENT="ces" ID="tl_16_5" STYLEREFS="FONT0"/>
            <SP HEIGHT="53.1496062992126" WIDTH="23.62204724409449" VPOS="1100.7874015748032" HPOS="1246.0629921259842"/>
            <String HEIGHT="53.1496062992126" WIDTH="289.37007874015745" VPOS="1100.7874015748032" HPOS="1174.015748031496" CONTENT="diverses" ID="tl_16_6" STYLEREFS="FONT0"/>
            <SP HEIGHT="53.1496062992126" WIDTH="23.62204724409449" VPOS="1100.7874015748032" HPOS="1463.3858267716535"/>
            <String HEIGHT="53.1496062992126" WIDTH="337.79527559055117" VPOS="1100.7874015748032" HPOS="1366.5354330708662" CONTENT="communautés," ID="tl_16_7" STYLEREFS="FONT0"/>
          </TextLine>
          <TextLine ID="tl_17" BASELINE="1011" HEIGHT="49.60629921259842" WIDTH="835.0393700787401" VPOS="1144.4881889763778" HPOS="473.62204724409446">
            <String HEIGHT="49.60629921259842" WIDTH="235.03937007874015" VPOS="1144.4881889763778" HPOS="452.3622047244094" CONTENT="revêtus" ID="tl_17_1" STYLEREFS="FONT0"/>
            <SP HEIGHT="49.60629921259842" WIDTH="21.25984251968504" VPOS="1144.4881889763778" HPOS="687.4015748031496"/>
            <String HEIGHT="49.60629921259842" WIDTH="150.0" VPOS="1144.4881889763778" HPOS="623.6220472440945" CONTENT="des" ID="tl_17_2" STYLEREFS="FONT0"/>
            <SP HEIGHT="49.60629921259842" WIDTH="21.25984251968504" VPOS="1144.4881889763778" HPOS="773.6220472440945"/>
            <String HEIGHT="49.60629921259842" WIDTH="300.0" VPOS="1144.4881889763778" HPOS="708.6614173228346" CONTENT="signatures" ID="tl_17_3" STYLEREFS="FONT0"/>
            <SP HEIGHT="49.60629921259842" WIDTH="21.25984251968504" VPOS="1144.4881889763778" HPOS="1008.6614173228346"/>
            <String HEIGHT="49.60629921259842" WIDTH="150.0" VPOS="1144.4881889763778" HPOS="944.8818897637796" CONTENT="des" ID="tl_17_4" STYLEREFS="FONT0"/>
            <SP HEIGHT="49.60629921259842" WIDTH="21.25984251968504" VPOS="1144.4881889763778" HPOS="1094.8818897637796"/>
            <String HEIGHT="49.60629921259842" WIDTH="300.0" VPOS="1144.4881889763778" HPOS="1008.6614173228346" CONTENT="supérieures." ID="tl_17_5" STYLEREFS="FONT0"/>
          </TextLine>
        </TextBlock>
        <TextBlock ID="r_2_4" HEIGHT="51.968503937007874" WIDTH="830.3149606299213" VPOS="1202.3622047244094" HPOS="424.01574803149606">
          <TextLine ID="tl_18" BASELINE="1061" HEIGHT="49.60629921259842" WIDTH="827.9527559055118" VPOS="1203.5433070866143" HPOS="425.1968503937008">
            <String HEIGHT="49.60629921259842" WIDTH="152.36220472440945" VPOS="1203.5433070866143" HPOS="403.93700787401576" CONTENT="49." ID="tl_18_1" STYLEREFS="FONT0"/>
            <SP HEIGHT="49.60629921259842" WIDTH="21.25984251968504" VPOS="1203.5433070866143" HPOS="556.2992125984252"/>
            <String HEIGHT="49.60629921259842" WIDTH="304.7244094488189" VPOS="1203.5433070866143" HPOS="490.15748031496065" CONTENT="CHARLES" ID="tl_18_2" STYLEREFS="FONT1"/>
            <SP HEIGHT="49.60629921259842" WIDTH="21.25984251968504" VPOS="1203.5433070866143" HPOS="796.0629921259842"/>
            <String HEIGHT="49.60629921259842" WIDTH="261.0236220472441" VPOS="1203.5433070866143" HPOS="729.9212598425197" CONTENT="VII," ID="tl_18_3" STYLEREFS="FONT1"/>
            <SP HEIGHT="49.60629921259842" WIDTH="21.25984251968504" VPOS="1203.5433070866143" HPOS="992.1259842519685"/>
            <String HEIGHT="49.60629921259842" WIDTH="152.36220472440945" VPOS="1203.5433070866143" HPOS="925.9842519685039" CONTENT="roi" ID="tl_18_4" STYLEREFS="FONT0"/>
            <SP HEIGHT="49.60629921259842" WIDTH="21.25984251968504" VPOS="1203.5433070866143" HPOS="1078.3464566929133"/>
            <String HEIGHT="49.60629921259842" WIDTH="131.10236220472441" VPOS="1203.5433070866143" HPOS="1013.3858267716536" CONTENT="de" ID="tl_18_5" STYLEREFS="FONT0"/>
            <SP HEIGHT="49.60629921259842" WIDTH="21.25984251968504" VPOS="1203.5433070866143" HPOS="1144.4881889763778"/>
            <String HEIGHT="49.60629921259842" WIDTH="196.06299212598427" VPOS="1203.5433070866143" HPOS="1057.0866141732283" CONTENT="France." ID="tl_18_6" STYLEREFS="FONT0"/>
          </TextLine>
        </TextBlock>
        <TextBlock ID="r_2_5" HEIGHT="99.21259842519684" WIDTH="1229.5275590551182" VPOS="1260.236220472441" HPOS="475.98425196850394">
          <TextLine ID="tl_19" BASELINE="1113" HEIGHT="53.1496062992126" WIDTH="1182.283464566929" VPOS="1261.4173228346456" HPOS="522.0472440944882">
            <String HEIGHT="53.1496062992126" WIDTH="133.46456692913387" VPOS="1261.4173228346456" HPOS="499.6062992125984" CONTENT="L." ID="tl_19_1" STYLEREFS="FONT0"/>
            <SP HEIGHT="53.1496062992126" WIDTH="22.440944881889763" VPOS="1261.4173228346456" HPOS="633.0708661417323"/>
            <String HEIGHT="53.1496062992126" WIDTH="155.90551181102362" VPOS="1261.4173228346456" HPOS="566.9291338582677" CONTENT="s.," ID="tl_19_2" STYLEREFS="FONT0"/>
            <SP HEIGHT="53.1496062992126" WIDTH="22.440944881889763" VPOS="1261.4173228346456" HPOS="722.8346456692914"/>
            <String HEIGHT="53.1496062992126" WIDTH="155.90551181102362" VPOS="1261.4173228346456" HPOS="655.511811023622" CONTENT="sur" ID="tl_19_3" STYLEREFS="FONT0"/>
            <SP HEIGHT="53.1496062992126" WIDTH="22.440944881889763" VPOS="1261.4173228346456" HPOS="812.5984251968504"/>
            <String HEIGHT="53.1496062992126" WIDTH="245.66929133858267" VPOS="1261.4173228346456" HPOS="745.2755905511812" CONTENT="papier," ID="tl_19_4" STYLEREFS="FONT0"/>
            <SP HEIGHT="53.1496062992126" WIDTH="22.440944881889763" VPOS="1261.4173228346456" HPOS="990.9448818897638"/>
            <String HEIGHT="53.1496062992126" WIDTH="133.46456692913387" VPOS="1261.4173228346456" HPOS="923.6220472440945" CONTENT="au" ID="tl_19_5" STYLEREFS="FONT0"/>
            <SP HEIGHT="53.1496062992126" WIDTH="22.440944881889763" VPOS="1261.4173228346456" HPOS="1057.0866141732283"/>
            <String HEIGHT="53.1496062992126" WIDTH="290.5511811023622" VPOS="1261.4173228346456" HPOS="990.9448818897638" CONTENT="trésorier" ID="tl_19_6" STYLEREFS="FONT0"/>
            <SP HEIGHT="53.1496062992126" WIDTH="22.440944881889763" VPOS="1261.4173228346456" HPOS="1280.3149606299212"/>
            <String HEIGHT="53.1496062992126" WIDTH="133.46456692913387" VPOS="1261.4173228346456" HPOS="1212.992125984252" CONTENT="de" ID="tl_19_7" STYLEREFS="FONT0"/>
            <SP HEIGHT="53.1496062992126" WIDTH="22.440944881889763" VPOS="1261.4173228346456" HPOS="1347.6377952755906"/>
            <String HEIGHT="53.1496062992126" WIDTH="290.5511811023622" VPOS="1261.4173228346456" HPOS="1280.3149606299212" CONTENT="Toulouse;" ID="tl_19_8" STYLEREFS="FONT0"/>
            <SP HEIGHT="53.1496062992126" WIDTH="22.440944881889763" VPOS="1261.4173228346456" HPOS="1570.8661417322835"/>
            <String HEIGHT="53.1496062992126" WIDTH="223.22834645669292" VPOS="1261.4173228346456" HPOS="1481.1023622047244" CONTENT="Bourges," ID="tl_19_9" STYLEREFS="FONT0"/>
          </TextLine>
          <TextLine ID="tl_20" BASELINE="1150" HEIGHT="55.511811023622045" WIDTH="1182.283464566929" VPOS="1302.755905511811" HPOS="477.1653543307087">
            <String HEIGHT="55.511811023622045" WIDTH="140.5511811023622" VPOS="1302.755905511811" HPOS="457.0866141732283" CONTENT="1er" ID="tl_20_1" STYLEREFS="FONT0"/>
            <SP HEIGHT="55.511811023622045" WIDTH="20.078740157480315" VPOS="1302.755905511811" HPOS="597.6377952755905"/>
            <String HEIGHT="55.511811023622045" WIDTH="180.70866141732284" VPOS="1302.755905511811" HPOS="537.4015748031496" CONTENT="juin," ID="tl_20_2" STYLEREFS="FONT0"/>
            <SP HEIGHT="55.511811023622045" WIDTH="20.078740157480315" VPOS="1302.755905511811" HPOS="718.1102362204724"/>
            <String HEIGHT="55.511811023622045" WIDTH="140.5511811023622" VPOS="1302.755905511811" HPOS="657.8740157480315" CONTENT="1/2" ID="tl_20_3" STYLEREFS="FONT0"/>
            <SP HEIGHT="55.511811023622045" WIDTH="20.078740157480315" VPOS="1302.755905511811" HPOS="797.2440944881889"/>
            <String HEIGHT="55.511811023622045" WIDTH="120.4724409448819" VPOS="1302.755905511811" HPOS="738.1889763779527" CONTENT="p." ID="tl_20_4" STYLEREFS="FONT0"/>
            <SP HEIGHT="55.511811023622045" WIDTH="20.078740157480315" VPOS="1302.755905511811" HPOS="857.4803149606299"/>
            <String HEIGHT="55.511811023622045" WIDTH="160.62992125984252" VPOS="1302.755905511811" HPOS="797.2440944881889" CONTENT="pet." ID="tl_20_5" STYLEREFS="FONT0"/>
            <SP HEIGHT="55.511811023622045" WIDTH="20.078740157480315" VPOS="1302.755905511811" HPOS="957.8740157480315"/>
            <String HEIGHT="55.511811023622045" WIDTH="180.70866141732284" VPOS="1302.755905511811" HPOS="897.6377952755905" CONTENT="in-4," ID="tl_20_6" STYLEREFS="FONT0"/>
            <SP HEIGHT="55.511811023622045" WIDTH="20.078740157480315" VPOS="1302.755905511811" HPOS="1078.3464566929133"/>
            <String HEIGHT="55.511811023622045" WIDTH="200.78740157480314" VPOS="1302.755905511811" HPOS="1018.1102362204724" CONTENT="fragm." ID="tl_20_7" STYLEREFS="FONT0"/>
            <SP HEIGHT="55.511811023622045" WIDTH="20.078740157480315" VPOS="1302.755905511811" HPOS="1218.8976377952756"/>
            <String HEIGHT="55.511811023622045" WIDTH="120.4724409448819" VPOS="1302.755905511811" HPOS="1158.6614173228347" CONTENT="de" ID="tl_20_8" STYLEREFS="FONT0"/>
            <SP HEIGHT="55.511811023622045" WIDTH="20.078740157480315" VPOS="1302.755905511811" HPOS="1279.1338582677165"/>
            <String HEIGHT="55.511811023622045" WIDTH="220.86614173228347" VPOS="1302.755905511811" HPOS="1218.8976377952756" CONTENT="cachet." ID="tl_20_9" STYLEREFS="FONT0"/>
            <SP HEIGHT="55.511811023622045" WIDTH="20.078740157480315" VPOS="1302.755905511811" HPOS="1438.5826771653544"/>
            <String HEIGHT="55.511811023622045" WIDTH="200.78740157480314" VPOS="1302.755905511811" HPOS="1378.3464566929133" CONTENT="Tachée" ID="tl_20_10" STYLEREFS="FONT0"/>
            <SP HEIGHT="55.511811023622045" WIDTH="20.078740157480315" VPOS="1302.755905511811" HPOS="1579.1338582677165"/>
            <String HEIGHT="55.511811023622045" WIDTH="160.62992125984252" VPOS="1302.755905511811" HPOS="1498.8188976377953" CONTENT="d’eau." ID="tl_20_11" STYLEREFS="FONT0"/>
          </TextLine>
        </TextBlock>
        <TextBlock ID="r_2_6" HEIGHT="80.31496062992126" WIDTH="1207.0866141732283" VPOS="1359.4488188976377" HPOS="498.4251968503937">
          <TextLine ID="tl_21" BASELINE="1191" HEIGHT="46.06299212598425" WIDTH="1166.9291338582677" VPOS="1360.6299212598426" HPOS="537.4015748031496">
            <String HEIGHT="46.06299212598425" WIDTH="147.63779527559055" VPOS="1360.6299212598426" HPOS="520.8661417322835" CONTENT="Ordre" ID="tl_21_1" STYLEREFS="FONT0"/>
            <SP HEIGHT="46.06299212598425" WIDTH="16.53543307086614" VPOS="1360.6299212598426" HPOS="668.503937007874"/>
            <String HEIGHT="46.06299212598425" WIDTH="98.03149606299213" VPOS="1360.6299212598426" HPOS="620.0787401574803" CONTENT="de" ID="tl_21_2" STYLEREFS="FONT0"/>
            <SP HEIGHT="46.06299212598425" WIDTH="16.53543307086614" VPOS="1360.6299212598426" HPOS="718.1102362204724"/>
            <String HEIGHT="46.06299212598425" WIDTH="147.63779527559055" VPOS="1360.6299212598426" HPOS="668.503937007874" CONTENT="faire" ID="tl_21_3" STYLEREFS="FONT0"/>
            <SP HEIGHT="46.06299212598425" WIDTH="16.53543307086614" VPOS="1360.6299212598426" HPOS="817.3228346456693"/>
            <String HEIGHT="46.06299212598425" WIDTH="164.17322834645668" VPOS="1360.6299212598426" HPOS="767.7165354330708" CONTENT="porter" ID="tl_21_4" STYLEREFS="FONT0"/>
            <SP HEIGHT="46.06299212598425" WIDTH="16.53543307086614" VPOS="1360.6299212598426" HPOS="931.8897637795276"/>
            <String HEIGHT="46.06299212598425" WIDTH="114.56692913385827" VPOS="1360.6299212598426" HPOS="882.2834645669292" CONTENT="des" ID="tl_21_5" STYLEREFS="FONT0"/>
            <SP HEIGHT="46.06299212598425" WIDTH="16.53543307086614" VPOS="1360.6299212598426" HPOS="998.0314960629921"/>
            <String HEIGHT="46.06299212598425" WIDTH="180.70866141732284" VPOS="1360.6299212598426" HPOS="948.4251968503937" CONTENT="lettres" ID="tl_21_6" STYLEREFS="FONT0"/>
            <SP HEIGHT="46.06299212598425" WIDTH="16.53543307086614" VPOS="1360.6299212598426" HPOS="1129.1338582677165"/>
            <String HEIGHT="46.06299212598425" WIDTH="114.56692913385827" VPOS="1360.6299212598426" HPOS="1079.5275590551182" CONTENT="aux" ID="tl_21_7" STYLEREFS="FONT0"/>
            <SP HEIGHT="46.06299212598425" WIDTH="16.53543307086614" VPOS="1360.6299212598426" HPOS="1195.275590551181"/>
            <String HEIGHT="46.06299212598425" WIDTH="213.7795275590551" VPOS="1360.6299212598426" HPOS="1145.6692913385828" CONTENT="sénéchaux" ID="tl_21_8" STYLEREFS="FONT0"/>
            <SP HEIGHT="46.06299212598425" WIDTH="16.53543307086614" VPOS="1360.6299212598426" HPOS="1359.4488188976377"/>
            <String HEIGHT="46.06299212598425" WIDTH="98.03149606299213" VPOS="1360.6299212598426" HPOS="1309.8425196850394" CONTENT="de" ID="tl_21_9" STYLEREFS="FONT0"/>
            <SP HEIGHT="46.06299212598425" WIDTH="16.53543307086614" VPOS="1360.6299212598426" HPOS="1409.0551181102362"/>
            <String HEIGHT="46.06299212598425" WIDTH="213.7795275590551" VPOS="1360.6299212598426" HPOS="1359.4488188976377" CONTENT="Languedoc" ID="tl_21_10" STYLEREFS="FONT0"/>
            <SP HEIGHT="46.06299212598425" WIDTH="16.53543307086614" VPOS="1360.6299212598426" HPOS="1573.2283464566929"/>
            <String HEIGHT="46.06299212598425" WIDTH="98.03149606299213" VPOS="1360.6299212598426" HPOS="1523.6220472440946" CONTENT="et" ID="tl_21_11" STYLEREFS="FONT0"/>
            <SP HEIGHT="46.06299212598425" WIDTH="16.53543307086614" VPOS="1360.6299212598426" HPOS="1621.6535433070867"/>
            <String HEIGHT="46.06299212598425" WIDTH="98.03149606299213" VPOS="1360.6299212598426" HPOS="1573.2283464566929" CONTENT="de" ID="tl_21_12" STYLEREFS="FONT0"/>
            <SP HEIGHT="46.06299212598425" WIDTH="16.53543307086614" VPOS="1360.6299212598426" HPOS="1671.259842519685"/>
            <String HEIGHT="46.06299212598425" WIDTH="98.03149606299213" VPOS="1360.6299212598426" HPOS="1606.2992125984251" CONTENT="plu" SUBS_TYPE="HypPart1" SUBS_CONTENT="plusieurs" ID="tl_21_13" STYLEREFS="FONT0"/>
            <HYP CONTENT="-"/>
          </TextLine>
          <TextLine ID="tl_22" BASELINE="1218" HEIGHT="40.15748031496063" WIDTH="447.6377952755906" VPOS="1398.4251968503936" HPOS="499.6062992125984">
            <String HEIGHT="40.15748031496063" WIDTH="165.35433070866142" VPOS="1398.4251968503936" HPOS="483.07086614173227" CONTENT="sieurs" SUBS_TYPE="HypPart2" SUBS_CONTENT="plusieurs" ID="tl_22_1" STYLEREFS="FONT0"/>
            <SP HEIGHT="40.15748031496063" WIDTH="16.53543307086614" VPOS="1398.4251968503936" HPOS="648.4251968503937"/>
            <String HEIGHT="40.15748031496063" WIDTH="165.35433070866142" VPOS="1398.4251968503936" HPOS="598.8188976377953" CONTENT="villes" ID="tl_22_2" STYLEREFS="FONT0"/>
            <SP HEIGHT="40.15748031496063" WIDTH="16.53543307086614" VPOS="1398.4251968503936" HPOS="765.3543307086615"/>
            <String HEIGHT="40.15748031496063" WIDTH="99.21259842519684" VPOS="1398.4251968503936" HPOS="714.5669291338583" CONTENT="du" ID="tl_22_3" STYLEREFS="FONT0"/>
            <SP HEIGHT="40.15748031496063" WIDTH="16.53543307086614" VPOS="1398.4251968503936" HPOS="814.9606299212599"/>
            <String HEIGHT="40.15748031496063" WIDTH="132.28346456692913" VPOS="1398.4251968503936" HPOS="765.3543307086615" CONTENT="même" ID="tl_22_4" STYLEREFS="FONT0"/>
            <SP HEIGHT="40.15748031496063" WIDTH="16.53543307086614" VPOS="1398.4251968503936" HPOS="897.6377952755905"/>
            <String HEIGHT="40.15748031496063" WIDTH="115.74803149606299" VPOS="1398.4251968503936" HPOS="831.496062992126" CONTENT="pays." ID="tl_22_5" STYLEREFS="FONT0"/>
          </TextLine>
        </TextBlock>
        <TextBlock ID="r_2_7" HEIGHT="227.95275590551182" WIDTH="1283.8582677165355" VPOS="1451.5748031496064" HPOS="422.8346456692913">
          <TextLine ID="tl_23" BASELINE="1274" HEIGHT="51.968503937007874" WIDTH="1277.9527559055118" VPOS="1452.755905511811" HPOS="424.01574803149606">
            <String HEIGHT="51.968503937007874" WIDTH="159.4488188976378" VPOS="1452.755905511811" HPOS="401.5748031496063" CONTENT="50." ID="tl_23_1" STYLEREFS="FONT0"/>
            <SP HEIGHT="51.968503937007874" WIDTH="22.440944881889763" VPOS="1452.755905511811" HPOS="561.0236220472441"/>
            <String HEIGHT="51.968503937007874" WIDTH="411.0236220472441" VPOS="1452.755905511811" HPOS="492.5196850393701" CONTENT="CHARTE." ID="tl_23_2" STYLEREFS="FONT1"/>
            <SP HEIGHT="51.968503937007874" WIDTH="22.440944881889763" VPOS="1452.755905511811" HPOS="903.5433070866142"/>
            <String HEIGHT="51.968503937007874" WIDTH="205.51181102362204" VPOS="1452.755905511811" HPOS="835.0393700787401" CONTENT="Ordre" ID="tl_23_3" STYLEREFS="FONT0"/>
            <SP HEIGHT="51.968503937007874" WIDTH="22.440944881889763" VPOS="1452.755905511811" HPOS="1040.5511811023623"/>
            <String HEIGHT="51.968503937007874" WIDTH="137.00787401574803" VPOS="1452.755905511811" HPOS="972.0472440944882" CONTENT="du" ID="tl_23_4" STYLEREFS="FONT0"/>
            <SP HEIGHT="51.968503937007874" WIDTH="22.440944881889763" VPOS="1452.755905511811" HPOS="1109.0551181102362"/>
            <String HEIGHT="51.968503937007874" WIDTH="183.0708661417323" VPOS="1452.755905511811" HPOS="1040.5511811023623" CONTENT="fils" ID="tl_23_5" STYLEREFS="FONT0"/>
            <SP HEIGHT="51.968503937007874" WIDTH="22.440944881889763" VPOS="1452.755905511811" HPOS="1222.4409448818897"/>
            <String HEIGHT="51.968503937007874" WIDTH="205.51181102362204" VPOS="1452.755905511811" HPOS="1153.9370078740158" CONTENT="aîné," ID="tl_23_6" STYLEREFS="FONT0"/>
            <SP HEIGHT="51.968503937007874" WIDTH="22.440944881889763" VPOS="1452.755905511811" HPOS="1359.4488188976377"/>
            <String HEIGHT="51.968503937007874" WIDTH="320.0787401574803" VPOS="1452.755905511811" HPOS="1290.9448818897638" CONTENT="lieutenant" ID="tl_23_7" STYLEREFS="FONT0"/>
            <SP HEIGHT="51.968503937007874" WIDTH="22.440944881889763" VPOS="1452.755905511811" HPOS="1611.023622047244"/>
            <String HEIGHT="51.968503937007874" WIDTH="137.00787401574803" VPOS="1452.755905511811" HPOS="1542.5196850393702" CONTENT="du" ID="tl_23_8" STYLEREFS="FONT0"/>
            <SP HEIGHT="51.968503937007874" WIDTH="22.440944881889763" VPOS="1452.755905511811" HPOS="1679.5275590551182"/>
            <String HEIGHT="51.968503937007874" WIDTH="114.56692913385827" VPOS="1452.755905511811" HPOS="1587.4015748031495" CONTENT="roi" ID="tl_23_9" STYLEREFS="FONT0"/>
          </TextLine>
          <TextLine ID="tl_24" BASELINE="1315" HEIGHT="54.330708661417326" WIDTH="1231.8897637795276" VPOS="1498.8188976377953" HPOS="473.62204724409446">
            <String HEIGHT="54.330708661417326" WIDTH="246.8503937007874" VPOS="1498.8188976377953" HPOS="453.54330708661416" CONTENT="(Charles" ID="tl_24_1" STYLEREFS="FONT0"/>
            <SP HEIGHT="54.330708661417326" WIDTH="20.078740157480315" VPOS="1498.8188976377953" HPOS="699.2125984251968"/>
            <String HEIGHT="54.330708661417326" WIDTH="122.83464566929133" VPOS="1498.8188976377953" HPOS="637.7952755905512" CONTENT="V," ID="tl_24_2" STYLEREFS="FONT0"/>
            <SP HEIGHT="54.330708661417326" WIDTH="20.078740157480315" VPOS="1498.8188976377953" HPOS="760.6299212598425"/>
            <String HEIGHT="54.330708661417326" WIDTH="164.17322834645668" VPOS="1498.8188976377953" HPOS="699.2125984251968" CONTENT="fils" ID="tl_24_3" STYLEREFS="FONT0"/>
            <SP HEIGHT="54.330708661417326" WIDTH="20.078740157480315" VPOS="1498.8188976377953" HPOS="863.3858267716536"/>
            <String HEIGHT="54.330708661417326" WIDTH="122.83464566929133" VPOS="1498.8188976377953" HPOS="801.9685039370079" CONTENT="du" ID="tl_24_4" STYLEREFS="FONT0"/>
            <SP HEIGHT="54.330708661417326" WIDTH="20.078740157480315" VPOS="1498.8188976377953" HPOS="924.8031496062993"/>
            <String HEIGHT="54.330708661417326" WIDTH="144.09448818897638" VPOS="1498.8188976377953" HPOS="863.3858267716536" CONTENT="roi" ID="tl_24_5" STYLEREFS="FONT0"/>
            <SP HEIGHT="54.330708661417326" WIDTH="20.078740157480315" VPOS="1498.8188976377953" HPOS="1007.4803149606299"/>
            <String HEIGHT="54.330708661417326" WIDTH="205.51181102362204" VPOS="1498.8188976377953" HPOS="946.0629921259842" CONTENT="Jean)," ID="tl_24_6" STYLEREFS="FONT0"/>
            <SP HEIGHT="54.330708661417326" WIDTH="20.078740157480315" VPOS="1498.8188976377953" HPOS="1151.5748031496064"/>
            <String HEIGHT="54.330708661417326" WIDTH="122.83464566929133" VPOS="1498.8188976377953" HPOS="1090.1574803149606" CONTENT="de" ID="tl_24_7" STYLEREFS="FONT0"/>
            <SP HEIGHT="54.330708661417326" WIDTH="20.078740157480315" VPOS="1498.8188976377953" HPOS="1212.992125984252"/>
            <String HEIGHT="54.330708661417326" WIDTH="184.251968503937" VPOS="1498.8188976377953" HPOS="1151.5748031496064" CONTENT="payer" ID="tl_24_8" STYLEREFS="FONT0"/>
            <SP HEIGHT="54.330708661417326" WIDTH="20.078740157480315" VPOS="1498.8188976377953" HPOS="1335.8267716535433"/>
            <String HEIGHT="54.330708661417326" WIDTH="122.83464566929133" VPOS="1498.8188976377953" HPOS="1274.4094488188975" CONTENT="58" ID="tl_24_9" STYLEREFS="FONT0"/>
            <SP HEIGHT="54.330708661417326" WIDTH="20.078740157480315" VPOS="1498.8188976377953" HPOS="1397.244094488189"/>
            <String HEIGHT="54.330708661417326" WIDTH="225.59055118110237" VPOS="1498.8188976377953" HPOS="1335.8267716535433" CONTENT="deniers" ID="tl_24_10" STYLEREFS="FONT0"/>
            <SP HEIGHT="54.330708661417326" WIDTH="20.078740157480315" VPOS="1498.8188976377953" HPOS="1561.4173228346456"/>
            <String HEIGHT="54.330708661417326" WIDTH="164.17322834645668" VPOS="1498.8188976377953" HPOS="1500.0" CONTENT="d’or" ID="tl_24_11" STYLEREFS="FONT0"/>
            <SP HEIGHT="54.330708661417326" WIDTH="20.078740157480315" VPOS="1498.8188976377953" HPOS="1664.1732283464567"/>
            <String HEIGHT="54.330708661417326" WIDTH="122.83464566929133" VPOS="1498.8188976377953" HPOS="1582.6771653543308" CONTENT="pour" ID="tl_24_12" STYLEREFS="FONT0"/>
          </TextLine>
          <TextLine ID="tl_25" BASELINE="1350" HEIGHT="53.1496062992126" WIDTH="1233.0708661417323" VPOS="1541.3385826771653" HPOS="472.4409448818898">
            <String HEIGHT="53.1496062992126" WIDTH="242.1259842519685" VPOS="1541.3385826771653" HPOS="450.0" CONTENT="l’achat" ID="tl_25_1" STYLEREFS="FONT0"/>
            <SP HEIGHT="53.1496062992126" WIDTH="22.440944881889763" VPOS="1541.3385826771653" HPOS="692.1259842519685"/>
            <String HEIGHT="53.1496062992126" WIDTH="132.28346456692913" VPOS="1541.3385826771653" HPOS="625.9842519685039" CONTENT="de" ID="tl_25_2" STYLEREFS="FONT0"/>
            <SP HEIGHT="53.1496062992126" WIDTH="22.440944881889763" VPOS="1541.3385826771653" HPOS="758.2677165354331"/>
            <String HEIGHT="53.1496062992126" WIDTH="264.56692913385825" VPOS="1541.3385826771653" HPOS="692.1259842519685" CONTENT="certains" ID="tl_25_3" STYLEREFS="FONT0"/>
            <SP HEIGHT="53.1496062992126" WIDTH="22.440944881889763" VPOS="1541.3385826771653" HPOS="956.6929133858267"/>
            <String HEIGHT="53.1496062992126" WIDTH="219.68503937007873" VPOS="1541.3385826771653" HPOS="890.5511811023622" CONTENT="atours" ID="tl_25_4" STYLEREFS="FONT0"/>
            <SP HEIGHT="53.1496062992126" WIDTH="22.440944881889763" VPOS="1541.3385826771653" HPOS="1111.4173228346456"/>
            <String HEIGHT="53.1496062992126" WIDTH="175.98425196850394" VPOS="1541.3385826771653" HPOS="1045.275590551181" CONTENT="pour" ID="tl_25_5" STYLEREFS="FONT0"/>
            <SP HEIGHT="53.1496062992126" WIDTH="22.440944881889763" VPOS="1541.3385826771653" HPOS="1221.259842519685"/>
            <String HEIGHT="53.1496062992126" WIDTH="242.1259842519685" VPOS="1541.3385826771653" HPOS="1155.1181102362204" CONTENT="Jeanne," ID="tl_25_6" STYLEREFS="FONT0"/>
            <SP HEIGHT="53.1496062992126" WIDTH="22.440944881889763" VPOS="1541.3385826771653" HPOS="1397.244094488189"/>
            <String HEIGHT="53.1496062992126" WIDTH="132.28346456692913" VPOS="1541.3385826771653" HPOS="1331.1023622047244" CONTENT="sa" ID="tl_25_7" STYLEREFS="FONT0"/>
            <SP HEIGHT="53.1496062992126" WIDTH="22.440944881889763" VPOS="1541.3385826771653" HPOS="1463.3858267716535"/>
            <String HEIGHT="53.1496062992126" WIDTH="219.68503937007873" VPOS="1541.3385826771653" HPOS="1397.244094488189" CONTENT="fille," ID="tl_25_8" STYLEREFS="FONT0"/>
            <SP HEIGHT="53.1496062992126" WIDTH="22.440944881889763" VPOS="1541.3385826771653" HPOS="1616.9291338582677"/>
            <String HEIGHT="53.1496062992126" WIDTH="132.28346456692913" VPOS="1541.3385826771653" HPOS="1551.9685039370079" CONTENT="et" ID="tl_25_9" STYLEREFS="FONT0"/>
            <SP HEIGHT="53.1496062992126" WIDTH="22.440944881889763" VPOS="1541.3385826771653" HPOS="1683.0708661417323"/>
            <String HEIGHT="53.1496062992126" WIDTH="109.84251968503936" VPOS="1541.3385826771653" HPOS="1595.6692913385828" CONTENT="les" ID="tl_25_10" STYLEREFS="FONT0"/>
          </TextLine>
          <TextLine ID="tl_26" BASELINE="1385" HEIGHT="50.78740157480315" WIDTH="1231.8897637795276" VPOS="1585.0393700787401" HPOS="472.4409448818898">
            <String HEIGHT="50.78740157480315" WIDTH="205.51181102362204" VPOS="1585.0393700787401" HPOS="452.3622047244094" CONTENT="femmes" ID="tl_26_1" STYLEREFS="FONT0"/>
            <SP HEIGHT="50.78740157480315" WIDTH="20.078740157480315" VPOS="1585.0393700787401" HPOS="656.6929133858267"/>
            <String HEIGHT="50.78740157480315" WIDTH="122.83464566929133" VPOS="1585.0393700787401" HPOS="595.2755905511812" CONTENT="de" ID="tl_26_2" STYLEREFS="FONT0"/>
            <SP HEIGHT="50.78740157480315" WIDTH="20.078740157480315" VPOS="1585.0393700787401" HPOS="719.2913385826772"/>
            <String HEIGHT="50.78740157480315" WIDTH="144.09448818897638" VPOS="1585.0393700787401" HPOS="656.6929133858267" CONTENT="son" ID="tl_26_3" STYLEREFS="FONT0"/>
            <SP HEIGHT="50.78740157480315" WIDTH="20.078740157480315" VPOS="1585.0393700787401" HPOS="800.7874015748032"/>
            <String HEIGHT="50.78740157480315" WIDTH="246.8503937007874" VPOS="1585.0393700787401" HPOS="739.3700787401575" CONTENT="service;" ID="tl_26_4" STYLEREFS="FONT0"/>
            <SP HEIGHT="50.78740157480315" WIDTH="20.078740157480315" VPOS="1585.0393700787401" HPOS="986.2204724409448"/>
            <String HEIGHT="50.78740157480315" WIDTH="122.83464566929133" VPOS="1585.0393700787401" HPOS="923.6220472440945" CONTENT="23" ID="tl_26_5" STYLEREFS="FONT0"/>
            <SP HEIGHT="50.78740157480315" WIDTH="20.078740157480315" VPOS="1585.0393700787401" HPOS="1047.6377952755906"/>
            <String HEIGHT="50.78740157480315" WIDTH="164.17322834645668" VPOS="1585.0393700787401" HPOS="986.2204724409448" CONTENT="oct." ID="tl_26_6" STYLEREFS="FONT0"/>
            <SP HEIGHT="50.78740157480315" WIDTH="20.078740157480315" VPOS="1585.0393700787401" HPOS="1150.3937007874015"/>
            <String HEIGHT="50.78740157480315" WIDTH="184.251968503937" VPOS="1585.0393700787401" HPOS="1088.976377952756" CONTENT="1357," ID="tl_26_7" STYLEREFS="FONT0"/>
            <SP HEIGHT="50.78740157480315" WIDTH="20.078740157480315" VPOS="1585.0393700787401" HPOS="1273.2283464566929"/>
            <String HEIGHT="50.78740157480315" WIDTH="164.17322834645668" VPOS="1585.0393700787401" HPOS="1211.8110236220473" CONTENT="in-4" ID="tl_26_8" STYLEREFS="FONT0"/>
            <SP HEIGHT="50.78740157480315" WIDTH="20.078740157480315" VPOS="1585.0393700787401" HPOS="1375.984251968504"/>
            <String HEIGHT="50.78740157480315" WIDTH="184.251968503937" VPOS="1585.0393700787401" HPOS="1314.5669291338584" CONTENT="obl.," ID="tl_26_9" STYLEREFS="FONT0"/>
            <SP HEIGHT="50.78740157480315" WIDTH="20.078740157480315" VPOS="1585.0393700787401" HPOS="1498.8188976377953"/>
            <String HEIGHT="50.78740157480315" WIDTH="184.251968503937" VPOS="1585.0393700787401" HPOS="1437.4015748031495" CONTENT="trace" ID="tl_26_10" STYLEREFS="FONT0"/>
            <SP HEIGHT="50.78740157480315" WIDTH="20.078740157480315" VPOS="1585.0393700787401" HPOS="1621.6535433070867"/>
            <String HEIGHT="50.78740157480315" WIDTH="122.83464566929133" VPOS="1585.0393700787401" HPOS="1560.236220472441" CONTENT="de" ID="tl_26_11" STYLEREFS="FONT0"/>
            <SP HEIGHT="50.78740157480315" WIDTH="20.078740157480315" VPOS="1585.0393700787401" HPOS="1684.251968503937"/>
            <String HEIGHT="50.78740157480315" WIDTH="102.75590551181102" VPOS="1585.0393700787401" HPOS="1601.5748031496064" CONTENT="ca" SUBS_TYPE="HypPart1" SUBS_CONTENT="cachet." ID="tl_26_12" STYLEREFS="FONT0"/>
            <HYP CONTENT="-"/>
          </TextLine>
          <TextLine ID="tl_27" BASELINE="1421" HEIGHT="49.60629921259842" WIDTH="575.1968503937007" VPOS="1628.740157480315" HPOS="472.4409448818898">
            <String HEIGHT="49.60629921259842" WIDTH="216.14173228346456" VPOS="1628.740157480315" HPOS="448.81889763779526" CONTENT="chet." SUBS_TYPE="HypPart2" SUBS_CONTENT="cachet." ID="tl_27_1" STYLEREFS="FONT0"/>
            <SP HEIGHT="49.60629921259842" WIDTH="23.62204724409449" VPOS="1628.740157480315" HPOS="663.7795275590552"/>
            <String HEIGHT="49.60629921259842" WIDTH="144.09448818897638" VPOS="1628.740157480315" HPOS="591.7322834645669" CONTENT="Un" ID="tl_27_2" STYLEREFS="FONT0"/>
            <SP HEIGHT="49.60629921259842" WIDTH="23.62204724409449" VPOS="1628.740157480315" HPOS="735.8267716535433"/>
            <String HEIGHT="49.60629921259842" WIDTH="167.71653543307087" VPOS="1628.740157480315" HPOS="663.7795275590552" CONTENT="peu" ID="tl_27_3" STYLEREFS="FONT0"/>
            <SP HEIGHT="49.60629921259842" WIDTH="23.62204724409449" VPOS="1628.740157480315" HPOS="831.496062992126"/>
            <String HEIGHT="49.60629921259842" WIDTH="311.81102362204723" VPOS="1628.740157480315" HPOS="735.8267716535433" CONTENT="endommagée." ID="tl_27_4" STYLEREFS="FONT0"/>
          </TextLine>
        </TextBlock>
        <TextBlock ID="r_2_8" HEIGHT="105.11811023622047" WIDTH="1281.4960629921259" VPOS="1686.6141732283465" HPOS="422.8346456692913">
          <TextLine ID="tl_28" BASELINE="1477" HEIGHT="56.69291338582677" WIDTH="1279.1338582677165" VPOS="1687.7952755905512" HPOS="424.01574803149606">
            <String HEIGHT="56.69291338582677" WIDTH="162.99212598425197" VPOS="1687.7952755905512" HPOS="400.3937007874016" CONTENT="51." ID="tl_28_1" STYLEREFS="FONT0"/>
            <SP HEIGHT="56.69291338582677" WIDTH="23.62204724409449" VPOS="1687.7952755905512" HPOS="563.3858267716536"/>
            <String HEIGHT="56.69291338582677" WIDTH="465.3543307086614" VPOS="1687.7952755905512" HPOS="493.7007874015748" CONTENT="CHAUMETTE" ID="tl_28_2" STYLEREFS="FONT1"/>
            <SP HEIGHT="56.69291338582677" WIDTH="23.62204724409449" VPOS="1687.7952755905512" HPOS="959.0551181102362"/>
            <String HEIGHT="56.69291338582677" WIDTH="395.6692913385827" VPOS="1687.7952755905512" HPOS="889.3700787401575" CONTENT="(Anaxagoras)," ID="tl_28_3" STYLEREFS="FONT0"/>
            <SP HEIGHT="56.69291338582677" WIDTH="23.62204724409449" VPOS="1687.7952755905512" HPOS="1285.0393700787401"/>
            <String HEIGHT="56.69291338582677" WIDTH="302.3622047244094" VPOS="1687.7952755905512" HPOS="1214.1732283464567" CONTENT="procureur" ID="tl_28_4" STYLEREFS="FONT0"/>
            <SP HEIGHT="56.69291338582677" WIDTH="23.62204724409449" VPOS="1687.7952755905512" HPOS="1516.5354330708662"/>
            <String HEIGHT="56.69291338582677" WIDTH="139.37007874015748" VPOS="1687.7952755905512" HPOS="1446.8503937007874" CONTENT="de" ID="tl_28_5" STYLEREFS="FONT0"/>
            <SP HEIGHT="56.69291338582677" WIDTH="23.62204724409449" VPOS="1687.7952755905512" HPOS="1587.4015748031495"/>
            <String HEIGHT="56.69291338582677" WIDTH="139.37007874015748" VPOS="1687.7952755905512" HPOS="1516.5354330708662" CONTENT="la" ID="tl_28_6" STYLEREFS="FONT0"/>
            <SP HEIGHT="56.69291338582677" WIDTH="23.62204724409449" VPOS="1687.7952755905512" HPOS="1657.0866141732283"/>
            <String HEIGHT="56.69291338582677" WIDTH="139.37007874015748" VPOS="1687.7952755905512" HPOS="1563.7795275590552" CONTENT="Com" SUBS_TYPE="HypPart1" SUBS_CONTENT="Commune" ID="tl_28_7" STYLEREFS="FONT0"/>
            <HYP CONTENT="-"/>
          </TextLine>
          <TextLine ID="tl_29" BASELINE="1516" HEIGHT="54.330708661417326" WIDTH="669.6850393700787" VPOS="1736.2204724409448" HPOS="471.25984251968504">
            <String HEIGHT="54.330708661417326" WIDTH="167.71653543307087" VPOS="1736.2204724409448" HPOS="450.0" CONTENT="mune" SUBS_TYPE="HypPart2" SUBS_CONTENT="Commune" ID="tl_29_1" STYLEREFS="FONT0"/>
            <SP HEIGHT="54.330708661417326" WIDTH="21.25984251968504" VPOS="1736.2204724409448" HPOS="617.7165354330708"/>
            <String HEIGHT="54.330708661417326" WIDTH="125.19685039370079" VPOS="1736.2204724409448" HPOS="555.1181102362204" CONTENT="de" ID="tl_29_2" STYLEREFS="FONT0"/>
            <SP HEIGHT="54.330708661417326" WIDTH="21.25984251968504" VPOS="1736.2204724409448" HPOS="680.3149606299213"/>
            <String HEIGHT="54.330708661417326" WIDTH="209.0551181102362" VPOS="1736.2204724409448" HPOS="617.7165354330708" CONTENT="Paris," ID="tl_29_3" STYLEREFS="FONT0"/>
            <SP HEIGHT="54.330708661417326" WIDTH="21.25984251968504" VPOS="1736.2204724409448" HPOS="826.7716535433071"/>
            <String HEIGHT="54.330708661417326" WIDTH="251.5748031496063" VPOS="1736.2204724409448" HPOS="764.1732283464567" CONTENT="décapité" ID="tl_29_4" STYLEREFS="FONT0"/>
            <SP HEIGHT="54.330708661417326" WIDTH="21.25984251968504" VPOS="1736.2204724409448" HPOS="1015.7480314960629"/>
            <String HEIGHT="54.330708661417326" WIDTH="125.19685039370079" VPOS="1736.2204724409448" HPOS="953.1496062992126" CONTENT="en" ID="tl_29_5" STYLEREFS="FONT0"/>
            <SP HEIGHT="54.330708661417326" WIDTH="21.25984251968504" VPOS="1736.2204724409448" HPOS="1078.3464566929133"/>
            <String HEIGHT="54.330708661417326" WIDTH="146.45669291338584" VPOS="1736.2204724409448" HPOS="994.488188976378" CONTENT="1794." ID="tl_29_6" STYLEREFS="FONT0"/>
          </TextLine>
        </TextBlock>
        <TextBlock ID="r_2_9" HEIGHT="96.85039370078741" WIDTH="1231.8897637795276" VPOS="1791.732283464567" HPOS="468.8976377952756">
          <TextLine ID="tl_30" BASELINE="1564" HEIGHT="54.330708661417326" WIDTH="1182.283464566929" VPOS="1792.9133858267717" HPOS="517.3228346456693">
            <String HEIGHT="54.330708661417326" WIDTH="152.36220472440945" VPOS="1792.9133858267717" HPOS="498.4251968503937" CONTENT="Let." ID="tl_30_1" STYLEREFS="FONT0"/>
            <SP HEIGHT="54.330708661417326" WIDTH="18.89763779527559" VPOS="1792.9133858267717" HPOS="650.7874015748032"/>
            <String HEIGHT="54.330708661417326" WIDTH="152.36220472440945" VPOS="1792.9133858267717" HPOS="594.0944881889764" CONTENT="sig." ID="tl_30_2" STYLEREFS="FONT0"/>
            <SP HEIGHT="54.330708661417326" WIDTH="18.89763779527559" VPOS="1792.9133858267717" HPOS="746.4566929133858"/>
            <String HEIGHT="54.330708661417326" WIDTH="95.66929133858268" VPOS="1792.9133858267717" HPOS="688.5826771653543" CONTENT="à" ID="tl_30_3" STYLEREFS="FONT0"/>
            <SP HEIGHT="54.330708661417326" WIDTH="18.89763779527559" VPOS="1792.9133858267717" HPOS="784.2519685039371"/>
            <String HEIGHT="54.330708661417326" WIDTH="114.56692913385827" VPOS="1792.9133858267717" HPOS="727.5590551181102" CONTENT="la" ID="tl_30_4" STYLEREFS="FONT0"/>
            <SP HEIGHT="54.330708661417326" WIDTH="18.89763779527559" VPOS="1792.9133858267717" HPOS="840.9448818897638"/>
            <String HEIGHT="54.330708661417326" WIDTH="210.23622047244095" VPOS="1792.9133858267717" HPOS="784.2519685039371" CONTENT="section" ID="tl_30_5" STYLEREFS="FONT0"/>
            <SP HEIGHT="54.330708661417326" WIDTH="18.89763779527559" VPOS="1792.9133858267717" HPOS="994.488188976378"/>
            <String HEIGHT="54.330708661417326" WIDTH="114.56692913385827" VPOS="1792.9133858267717" HPOS="936.6141732283464" CONTENT="de" ID="tl_30_6" STYLEREFS="FONT0"/>
            <SP HEIGHT="54.330708661417326" WIDTH="18.89763779527559" VPOS="1792.9133858267717" HPOS="1051.1811023622047"/>
            <String HEIGHT="54.330708661417326" WIDTH="171.25984251968504" VPOS="1792.9133858267717" HPOS="994.488188976378" CONTENT="1792;" ID="tl_30_7" STYLEREFS="FONT0"/>
            <SP HEIGHT="54.330708661417326" WIDTH="18.89763779527559" VPOS="1792.9133858267717" HPOS="1165.748031496063"/>
            <String HEIGHT="54.330708661417326" WIDTH="190.15748031496062" VPOS="1792.9133858267717" HPOS="1109.0551181102362" CONTENT="Paris," ID="tl_30_8" STYLEREFS="FONT0"/>
            <SP HEIGHT="54.330708661417326" WIDTH="18.89763779527559" VPOS="1792.9133858267717" HPOS="1299.2125984251968"/>
            <String HEIGHT="54.330708661417326" WIDTH="95.66929133858268" VPOS="1792.9133858267717" HPOS="1242.5196850393702" CONTENT="6" ID="tl_30_9" STYLEREFS="FONT0"/>
            <SP HEIGHT="54.330708661417326" WIDTH="18.89763779527559" VPOS="1792.9133858267717" HPOS="1337.007874015748"/>
            <String HEIGHT="54.330708661417326" WIDTH="152.36220472440945" VPOS="1792.9133858267717" HPOS="1280.3149606299212" CONTENT="fév." ID="tl_30_10" STYLEREFS="FONT0"/>
            <SP HEIGHT="54.330708661417326" WIDTH="18.89763779527559" VPOS="1792.9133858267717" HPOS="1432.6771653543308"/>
            <String HEIGHT="54.330708661417326" WIDTH="171.25984251968504" VPOS="1792.9133858267717" HPOS="1375.984251968504" CONTENT="1793," ID="tl_30_11" STYLEREFS="FONT0"/>
            <SP HEIGHT="54.330708661417326" WIDTH="18.89763779527559" VPOS="1792.9133858267717" HPOS="1547.244094488189"/>
            <String HEIGHT="54.330708661417326" WIDTH="95.66929133858268" VPOS="1792.9133858267717" HPOS="1489.3700787401574" CONTENT="1" ID="tl_30_12" STYLEREFS="FONT0"/>
            <SP HEIGHT="54.330708661417326" WIDTH="18.89763779527559" VPOS="1792.9133858267717" HPOS="1585.0393700787401"/>
            <String HEIGHT="54.330708661417326" WIDTH="114.56692913385827" VPOS="1792.9133858267717" HPOS="1528.3464566929133" CONTENT="p." ID="tl_30_13" STYLEREFS="FONT0"/>
            <SP HEIGHT="54.330708661417326" WIDTH="18.89763779527559" VPOS="1792.9133858267717" HPOS="1642.9133858267717"/>
            <String HEIGHT="54.330708661417326" WIDTH="133.46456692913387" VPOS="1792.9133858267717" HPOS="1566.1417322834645" CONTENT="in" ID="tl_30_14" STYLEREFS="FONT0"/>
          </TextLine>
          <TextLine ID="tl_31" BASELINE="1598" HEIGHT="49.60629921259842" WIDTH="550.3937007874016" VPOS="1837.7952755905512" HPOS="470.0787401574803">
            <String HEIGHT="49.60629921259842" WIDTH="183.0708661417323" VPOS="1837.7952755905512" HPOS="447.6377952755906" CONTENT="tête" ID="tl_31_1" STYLEREFS="FONT0"/>
            <SP HEIGHT="49.60629921259842" WIDTH="22.440944881889763" VPOS="1837.7952755905512" HPOS="630.7086614173228"/>
            <String HEIGHT="49.60629921259842" WIDTH="183.0708661417323" VPOS="1837.7952755905512" HPOS="562.2047244094488" CONTENT="imp." ID="tl_31_2" STYLEREFS="FONT0"/>
            <SP HEIGHT="49.60629921259842" WIDTH="22.440944881889763" VPOS="1837.7952755905512" HPOS="745.2755905511812"/>
            <String HEIGHT="49.60629921259842" WIDTH="138.18897637795277" VPOS="1837.7952755905512" HPOS="676.7716535433071" CONTENT="de" ID="tl_31_3" STYLEREFS="FONT0"/>
            <SP HEIGHT="49.60629921259842" WIDTH="22.440944881889763" VPOS="1837.7952755905512" HPOS="813.7795275590552"/>
            <String HEIGHT="49.60629921259842" WIDTH="138.18897637795277" VPOS="1837.7952755905512" HPOS="745.2755905511812" CONTENT="la" ID="tl_31_4" STYLEREFS="FONT0"/>
            <SP HEIGHT="49.60629921259842" WIDTH="22.440944881889763" VPOS="1837.7952755905512" HPOS="883.4645669291339"/>
            <String HEIGHT="49.60629921259842" WIDTH="229.13385826771653" VPOS="1837.7952755905512" HPOS="791.3385826771654" CONTENT="Commune." ID="tl_31_5" STYLEREFS="FONT0"/>
          </TextLine>
        </TextBlock>
        <TextBlock ID="r_2_10" HEIGHT="93.30708661417323" WIDTH="1280.3149606299212" VPOS="1896.8503937007874" HPOS="419.29133858267716">
          <TextLine ID="tl_32" BASELINE="1654" HEIGHT="55.511811023622045" WIDTH="1277.9527559055118" VPOS="1898.0314960629921" HPOS="420.4724409448819">
            <String HEIGHT="55.511811023622045" WIDTH="172.44094488188978" VPOS="1898.0314960629921" HPOS="395.6692913385827" CONTENT="52." ID="tl_32_1" STYLEREFS="FONT0"/>
            <SP HEIGHT="55.511811023622045" WIDTH="24.80314960629921" VPOS="1898.0314960629921" HPOS="568.1102362204724"/>
            <String HEIGHT="55.511811023622045" WIDTH="442.9133858267717" VPOS="1898.0314960629921" HPOS="493.7007874015748" CONTENT="CHRESTIENNE" ID="tl_32_2" STYLEREFS="FONT1"/>
            <SP HEIGHT="55.511811023622045" WIDTH="24.80314960629921" VPOS="1898.0314960629921" HPOS="936.6141732283464"/>
            <String HEIGHT="55.511811023622045" WIDTH="147.63779527559055" VPOS="1898.0314960629921" HPOS="863.3858267716536" CONTENT="DE" ID="tl_32_3" STYLEREFS="FONT1"/>
            <SP HEIGHT="55.511811023622045" WIDTH="24.80314960629921" VPOS="1898.0314960629921" HPOS="1009.8425196850394"/>
            <String HEIGHT="55.511811023622045" WIDTH="368.503937007874" VPOS="1898.0314960629921" HPOS="936.6141732283464" CONTENT="FRANCE," ID="tl_32_4" STYLEREFS="FONT1"/>
            <SP HEIGHT="55.511811023622045" WIDTH="24.80314960629921" VPOS="1898.0314960629921" HPOS="1305.1181102362204"/>
            <String HEIGHT="55.511811023622045" WIDTH="220.86614173228347" VPOS="1898.0314960629921" HPOS="1231.8897637795276" CONTENT="fille" ID="tl_32_5" STYLEREFS="FONT0"/>
            <SP HEIGHT="55.511811023622045" WIDTH="24.80314960629921" VPOS="1898.0314960629921" HPOS="1452.755905511811"/>
            <String HEIGHT="55.511811023622045" WIDTH="147.63779527559055" VPOS="1898.0314960629921" HPOS="1379.5275590551182" CONTENT="de" ID="tl_32_6" STYLEREFS="FONT0"/>
            <SP HEIGHT="55.511811023622045" WIDTH="24.80314960629921" VPOS="1898.0314960629921" HPOS="1525.984251968504"/>
            <String HEIGHT="55.511811023622045" WIDTH="220.86614173228347" VPOS="1898.0314960629921" HPOS="1452.755905511811" CONTENT="Henri" ID="tl_32_7" STYLEREFS="FONT0"/>
            <SP HEIGHT="55.511811023622045" WIDTH="24.80314960629921" VPOS="1898.0314960629921" HPOS="1673.6220472440946"/>
            <String HEIGHT="55.511811023622045" WIDTH="122.83464566929133" VPOS="1898.0314960629921" HPOS="1575.5905511811025" CONTENT="IV," ID="tl_32_8" STYLEREFS="FONT0"/>
          </TextLine>
          <TextLine ID="tl_33" BASELINE="1684" HEIGHT="42.51968503937008" WIDTH="382.6771653543307" VPOS="1946.4566929133857" HPOS="468.8976377952756">
            <String HEIGHT="42.51968503937008" WIDTH="242.1259842519685" VPOS="1946.4566929133857" HPOS="448.81889763779526" CONTENT="duchesse" ID="tl_33_1" STYLEREFS="FONT0"/>
            <SP HEIGHT="42.51968503937008" WIDTH="20.078740157480315" VPOS="1946.4566929133857" HPOS="690.9448818897638"/>
            <String HEIGHT="42.51968503937008" WIDTH="120.4724409448819" VPOS="1946.4566929133857" HPOS="629.5275590551181" CONTENT="de" ID="tl_33_2" STYLEREFS="FONT0"/>
            <SP HEIGHT="42.51968503937008" WIDTH="20.078740157480315" VPOS="1946.4566929133857" HPOS="751.1811023622047"/>
            <String HEIGHT="42.51968503937008" WIDTH="180.70866141732284" VPOS="1946.4566929133857" HPOS="670.8661417322835" CONTENT="Savoie." ID="tl_33_3" STYLEREFS="FONT0"/>
          </TextLine>
        </TextBlock>
        <TextBlock ID="r_2_11" HEIGHT="54.330708661417326" WIDTH="986.2204724409448" VPOS="2003.1496062992126" HPOS="514.9606299212599">
          <TextLine ID="tl_34" BASELINE="1741" HEIGHT="51.968503937007874" WIDTH="983.8582677165355" VPOS="2004.3307086614172" HPOS="516.1417322834645">
            <String HEIGHT="51.968503937007874" WIDTH="177.16535433070865" VPOS="2004.3307086614172" HPOS="496.06299212598424" CONTENT="Pièce" ID="tl_34_1" STYLEREFS="FONT0"/>
            <SP HEIGHT="51.968503937007874" WIDTH="20.078740157480315" VPOS="2004.3307086614172" HPOS="673.2283464566929"/>
            <String HEIGHT="51.968503937007874" WIDTH="177.16535433070865" VPOS="2004.3307086614172" HPOS="614.1732283464567" CONTENT="sig.;" ID="tl_34_2" STYLEREFS="FONT0"/>
            <SP HEIGHT="51.968503937007874" WIDTH="20.078740157480315" VPOS="2004.3307086614172" HPOS="791.3385826771654"/>
            <String HEIGHT="51.968503937007874" WIDTH="177.16535433070865" VPOS="2004.3307086614172" HPOS="732.2834645669292" CONTENT="Turin" ID="tl_34_3" STYLEREFS="FONT0"/>
            <SP HEIGHT="51.968503937007874" WIDTH="20.078740157480315" VPOS="2004.3307086614172" HPOS="909.4488188976378"/>
            <String HEIGHT="51.968503937007874" WIDTH="98.03149606299213" VPOS="2004.3307086614172" HPOS="850.3937007874016" CONTENT="9" ID="tl_34_4" STYLEREFS="FONT0"/>
            <SP HEIGHT="51.968503937007874" WIDTH="20.078740157480315" VPOS="2004.3307086614172" HPOS="949.6062992125984"/>
            <String HEIGHT="51.968503937007874" WIDTH="157.08661417322836" VPOS="2004.3307086614172" HPOS="890.5511811023622" CONTENT="fév." ID="tl_34_5" STYLEREFS="FONT0"/>
            <SP HEIGHT="51.968503937007874" WIDTH="20.078740157480315" VPOS="2004.3307086614172" HPOS="1047.6377952755906"/>
            <String HEIGHT="51.968503937007874" WIDTH="177.16535433070865" VPOS="2004.3307086614172" HPOS="988.5826771653543" CONTENT="1738," ID="tl_34_6" STYLEREFS="FONT0"/>
            <SP HEIGHT="51.968503937007874" WIDTH="20.078740157480315" VPOS="2004.3307086614172" HPOS="1165.748031496063"/>
            <String HEIGHT="51.968503937007874" WIDTH="98.03149606299213" VPOS="2004.3307086614172" HPOS="1106.6929133858268" CONTENT="1" ID="tl_34_7" STYLEREFS="FONT0"/>
            <SP HEIGHT="51.968503937007874" WIDTH="20.078740157480315" VPOS="2004.3307086614172" HPOS="1204.724409448819"/>
            <String HEIGHT="51.968503937007874" WIDTH="118.11023622047244" VPOS="2004.3307086614172" HPOS="1145.6692913385828" CONTENT="p." ID="tl_34_8" STYLEREFS="FONT0"/>
            <SP HEIGHT="51.968503937007874" WIDTH="20.078740157480315" VPOS="2004.3307086614172" HPOS="1263.7795275590552"/>
            <String HEIGHT="51.968503937007874" WIDTH="197.24409448818898" VPOS="2004.3307086614172" HPOS="1204.724409448819" CONTENT="in-f.," ID="tl_34_9" STYLEREFS="FONT0"/>
            <SP HEIGHT="51.968503937007874" WIDTH="20.078740157480315" VPOS="2004.3307086614172" HPOS="1401.9685039370079"/>
            <String HEIGHT="51.968503937007874" WIDTH="177.16535433070865" VPOS="2004.3307086614172" HPOS="1322.8346456692914" CONTENT="cachet." ID="tl_34_10" STYLEREFS="FONT0"/>
          </TextLine>
        </TextBlock>
        <TextBlock ID="r_2_12" HEIGHT="85.03937007874016" WIDTH="1208.267716535433" VPOS="2057.48031496063" HPOS="493.7007874015748">
          <TextLine ID="tl_35" BASELINE="1782" HEIGHT="46.06299212598425" WIDTH="1168.1102362204724" VPOS="2058.6614173228345" HPOS="532.6771653543307">
            <String HEIGHT="46.06299212598425" WIDTH="157.08661417322836" VPOS="2058.6614173228345" HPOS="514.9606299212599" CONTENT="Ordre" ID="tl_35_1" STYLEREFS="FONT0"/>
            <SP HEIGHT="46.06299212598425" WIDTH="17.716535433070867" VPOS="2058.6614173228345" HPOS="672.0472440944882"/>
            <String HEIGHT="46.06299212598425" WIDTH="105.11811023622047" VPOS="2058.6614173228345" HPOS="620.0787401574803" CONTENT="de" ID="tl_35_2" STYLEREFS="FONT0"/>
            <SP HEIGHT="46.06299212598425" WIDTH="17.716535433070867" VPOS="2058.6614173228345" HPOS="724.0157480314961"/>
            <String HEIGHT="46.06299212598425" WIDTH="191.33858267716536" VPOS="2058.6614173228345" HPOS="672.0472440944882" CONTENT="compter" ID="tl_35_3" STYLEREFS="FONT0"/>
            <SP HEIGHT="46.06299212598425" WIDTH="17.716535433070867" VPOS="2058.6614173228345" HPOS="863.3858267716536"/>
            <String HEIGHT="46.06299212598425" WIDTH="157.08661417322836" VPOS="2058.6614173228345" HPOS="811.4173228346457" CONTENT="4,593" ID="tl_35_4" STYLEREFS="FONT0"/>
            <SP HEIGHT="46.06299212598425" WIDTH="17.716535433070867" VPOS="2058.6614173228345" HPOS="968.503937007874"/>
            <String HEIGHT="46.06299212598425" WIDTH="209.0551181102362" VPOS="2058.6614173228345" HPOS="916.5354330708661" CONTENT="ducatons" ID="tl_35_5" STYLEREFS="FONT0"/>
            <SP HEIGHT="46.06299212598425" WIDTH="17.716535433070867" VPOS="2058.6614173228345" HPOS="1125.5905511811025"/>
            <String HEIGHT="46.06299212598425" WIDTH="105.11811023622047" VPOS="2058.6614173228345" HPOS="1073.6220472440946" CONTENT="au" ID="tl_35_6" STYLEREFS="FONT0"/>
            <SP HEIGHT="46.06299212598425" WIDTH="17.716535433070867" VPOS="2058.6614173228345" HPOS="1177.5590551181103"/>
            <String HEIGHT="46.06299212598425" WIDTH="157.08661417322836" VPOS="2058.6614173228345" HPOS="1125.5905511811025" CONTENT="comte" ID="tl_35_7" STYLEREFS="FONT0"/>
            <SP HEIGHT="46.06299212598425" WIDTH="17.716535433070867" VPOS="2058.6614173228345" HPOS="1282.6771653543308"/>
            <String HEIGHT="46.06299212598425" WIDTH="244.48818897637796" VPOS="2058.6614173228345" HPOS="1229.5275590551182" CONTENT="Baldessare" ID="tl_35_8" STYLEREFS="FONT0"/>
            <SP HEIGHT="46.06299212598425" WIDTH="17.716535433070867" VPOS="2058.6614173228345" HPOS="1474.015748031496"/>
            <String HEIGHT="46.06299212598425" WIDTH="244.48818897637796" VPOS="2058.6614173228345" HPOS="1422.0472440944882" CONTENT="Messerati," ID="tl_35_9" STYLEREFS="FONT0"/>
            <SP HEIGHT="46.06299212598425" WIDTH="17.716535433070867" VPOS="2058.6614173228345" HPOS="1665.3543307086613"/>
            <String HEIGHT="46.06299212598425" WIDTH="105.11811023622047" VPOS="2058.6614173228345" HPOS="1595.6692913385828" CONTENT="pour" ID="tl_35_10" STYLEREFS="FONT0"/>
          </TextLine>
          <TextLine ID="tl_36" BASELINE="1813" HEIGHT="46.06299212598425" WIDTH="650.7874015748032" VPOS="2095.2755905511813" HPOS="494.88188976377955">
            <String HEIGHT="46.06299212598425" WIDTH="263.38582677165357" VPOS="2095.2755905511813" HPOS="479.5275590551181" CONTENT="l’acquisition" ID="tl_36_1" STYLEREFS="FONT0"/>
            <SP HEIGHT="46.06299212598425" WIDTH="15.354330708661417" VPOS="2095.2755905511813" HPOS="742.9133858267717"/>
            <String HEIGHT="46.06299212598425" WIDTH="93.30708661417323" VPOS="2095.2755905511813" HPOS="696.8503937007874" CONTENT="de" ID="tl_36_2" STYLEREFS="FONT0"/>
            <SP HEIGHT="46.06299212598425" WIDTH="15.354330708661417" VPOS="2095.2755905511813" HPOS="788.9763779527559"/>
            <String HEIGHT="46.06299212598425" WIDTH="108.66141732283465" VPOS="2095.2755905511813" HPOS="742.9133858267717" CONTENT="son" ID="tl_36_3" STYLEREFS="FONT0"/>
            <SP HEIGHT="46.06299212598425" WIDTH="15.354330708661417" VPOS="2095.2755905511813" HPOS="851.5748031496063"/>
            <String HEIGHT="46.06299212598425" WIDTH="124.01574803149606" VPOS="2095.2755905511813" HPOS="804.3307086614174" CONTENT="fief" ID="tl_36_4" STYLEREFS="FONT0"/>
            <SP HEIGHT="46.06299212598425" WIDTH="15.354330708661417" VPOS="2095.2755905511813" HPOS="928.3464566929134"/>
            <String HEIGHT="46.06299212598425" WIDTH="93.30708661417323" VPOS="2095.2755905511813" HPOS="882.2834645669292" CONTENT="de" ID="tl_36_5" STYLEREFS="FONT0"/>
            <SP HEIGHT="46.06299212598425" WIDTH="15.354330708661417" VPOS="2095.2755905511813" HPOS="975.5905511811023"/>
            <String HEIGHT="46.06299212598425" WIDTH="232.6771653543307" VPOS="2095.2755905511813" HPOS="912.992125984252" CONTENT="Casalborgone." ID="tl_36_6" STYLEREFS="FONT0"/>
          </TextLine>
        </TextBlock>
        <TextBlock ID="r_2_13" HEIGHT="109.84251968503936" WIDTH="1282.6771653543308" VPOS="2135.433070866142" HPOS="418.1102362204724">
          <TextLine ID="tl_37" BASELINE="1871" HEIGHT="73.22834645669292" WIDTH="1280.3149606299212" VPOS="2136.6141732283463" HPOS="419.29133858267716">
            <String HEIGHT="73.22834645669292" WIDTH="152.36220472440945" VPOS="2136.6141732283463" HPOS="398.0314960629921" CONTENT="53." ID="tl_37_1" STYLEREFS="FONT0"/>
            <SP HEIGHT="73.22834645669292" WIDTH="21.25984251968504" VPOS="2136.6141732283463" HPOS="549.2125984251968"/>
            <String HEIGHT="73.22834645669292" WIDTH="390.9448818897638" VPOS="2136.6141732283463" HPOS="484.251968503937" CONTENT="CLÉMENT" ID="tl_37_2" STYLEREFS="FONT1"/>
            <SP HEIGHT="73.22834645669292" WIDTH="21.25984251968504" VPOS="2136.6141732283463" HPOS="875.1968503937007"/>
            <String HEIGHT="73.22834645669292" WIDTH="282.2834645669291" VPOS="2136.6141732283463" HPOS="810.2362204724409" CONTENT="(Pierre)," ID="tl_37_3" STYLEREFS="FONT0"/>
            <SP HEIGHT="73.22834645669292" WIDTH="21.25984251968504" VPOS="2136.6141732283463" HPOS="1092.5196850393702"/>
            <String HEIGHT="73.22834645669292" WIDTH="238.58267716535434" VPOS="2136.6141732283463" HPOS="1026.3779527559054" CONTENT="célèbre" ID="tl_37_4" STYLEREFS="FONT0"/>
            <SP HEIGHT="73.22834645669292" WIDTH="21.25984251968504" VPOS="2136.6141732283463" HPOS="1266.1417322834645"/>
            <String HEIGHT="73.22834645669292" WIDTH="282.2834645669291" VPOS="2136.6141732283463" HPOS="1200.0" CONTENT="critique," ID="tl_37_5" STYLEREFS="FONT0"/>
            <SP HEIGHT="73.22834645669292" WIDTH="21.25984251968504" VPOS="2136.6141732283463" HPOS="1482.283464566929"/>
            <String HEIGHT="73.22834645669292" WIDTH="259.84251968503935" VPOS="2136.6141732283463" HPOS="1417.3228346456692" CONTENT="surnomme" ID="tl_37_6" STYLEREFS="FONT0"/>
            <SP HEIGHT="73.22834645669292" WIDTH="21.25984251968504" VPOS="2136.6141732283463" HPOS="1678.3464566929133"/>
            <String HEIGHT="73.22834645669292" WIDTH="108.66141732283465" VPOS="2136.6141732283463" HPOS="1590.9448818897638" CONTENT="par" ID="tl_37_7" STYLEREFS="FONT0"/>
          </TextLine>
          <TextLine ID="tl_38" BASELINE="1900" HEIGHT="41.338582677165356" WIDTH="414.56692913385825" VPOS="2202.755905511811" HPOS="467.7165354330709">
            <String HEIGHT="41.338582677165356" WIDTH="177.16535433070865" VPOS="2202.755905511811" HPOS="452.3622047244094" CONTENT="Voltaire" ID="tl_38_1" STYLEREFS="FONT0"/>
            <SP HEIGHT="41.338582677165356" WIDTH="15.354330708661417" VPOS="2202.755905511811" HPOS="630.7086614173228"/>
            <String HEIGHT="41.338582677165356" WIDTH="310.62992125984255" VPOS="2202.755905511811" HPOS="571.6535433070866" CONTENT="l'Inclément." ID="tl_38_2" STYLEREFS="FONT2"/>
          </TextLine>
        </TextBlock>
        <TextBlock ID="r_2_14" HEIGHT="95.66929133858268" WIDTH="1230.708661417323" VPOS="2255.9055118110236" HPOS="467.7165354330709">
          <TextLine ID="tl_39" BASELINE="1958" HEIGHT="55.511811023622045" WIDTH="1183.4645669291338" VPOS="2257.0866141732286" HPOS="513.7795275590552">
            <String HEIGHT="55.511811023622045" WIDTH="122.83464566929133" VPOS="2257.0866141732286" HPOS="493.7007874015748" CONTENT="L." ID="tl_39_1" STYLEREFS="FONT0"/>
            <SP HEIGHT="55.511811023622045" WIDTH="20.078740157480315" VPOS="2257.0866141732286" HPOS="615.3543307086615"/>
            <String HEIGHT="55.511811023622045" WIDTH="122.83464566929133" VPOS="2257.0866141732286" HPOS="555.1181102362204" CONTENT="a." ID="tl_39_2" STYLEREFS="FONT0"/>
            <SP HEIGHT="55.511811023622045" WIDTH="20.078740157480315" VPOS="2257.0866141732286" HPOS="676.7716535433071"/>
            <String HEIGHT="55.511811023622045" WIDTH="142.91338582677164" VPOS="2257.0866141732286" HPOS="615.3543307086615" CONTENT="s.;" ID="tl_39_3" STYLEREFS="FONT0"/>
            <SP HEIGHT="55.511811023622045" WIDTH="20.078740157480315" VPOS="2257.0866141732286" HPOS="758.2677165354331"/>
            <String HEIGHT="55.511811023622045" WIDTH="101.5748031496063" VPOS="2257.0866141732286" HPOS="696.8503937007874" CONTENT="5" ID="tl_39_4" STYLEREFS="FONT0"/>
            <SP HEIGHT="55.511811023622045" WIDTH="20.078740157480315" VPOS="2257.0866141732286" HPOS="799.6062992125984"/>
            <String HEIGHT="55.511811023622045" WIDTH="183.0708661417323" VPOS="2257.0866141732286" HPOS="738.1889763779527" CONTENT="brum." ID="tl_39_5" STYLEREFS="FONT0"/>
            <SP HEIGHT="55.511811023622045" WIDTH="20.078740157480315" VPOS="2257.0866141732286" HPOS="922.4409448818898"/>
            <String HEIGHT="55.511811023622045" WIDTH="122.83464566929133" VPOS="2257.0866141732286" HPOS="861.0236220472441" CONTENT="an" ID="tl_39_6" STYLEREFS="FONT0"/>
            <SP HEIGHT="55.511811023622045" WIDTH="20.078740157480315" VPOS="2257.0866141732286" HPOS="982.6771653543307"/>
            <String HEIGHT="55.511811023622045" WIDTH="142.91338582677164" VPOS="2257.0866141732286" HPOS="922.4409448818898" CONTENT="10," ID="tl_39_7" STYLEREFS="FONT0"/>
            <SP HEIGHT="55.511811023622045" WIDTH="20.078740157480315" VPOS="2257.0866141732286" HPOS="1064.1732283464567"/>
            <String HEIGHT="55.511811023622045" WIDTH="101.5748031496063" VPOS="2257.0866141732286" HPOS="1003.9370078740158" CONTENT="1" ID="tl_39_8" STYLEREFS="FONT0"/>
            <SP HEIGHT="55.511811023622045" WIDTH="20.078740157480315" VPOS="2257.0866141732286" HPOS="1105.5118110236222"/>
            <String HEIGHT="55.511811023622045" WIDTH="122.83464566929133" VPOS="2257.0866141732286" HPOS="1044.0944881889764" CONTENT="p." ID="tl_39_9" STYLEREFS="FONT0"/>
            <SP HEIGHT="55.511811023622045" WIDTH="20.078740157480315" VPOS="2257.0866141732286" HPOS="1166.9291338582677"/>
            <String HEIGHT="55.511811023622045" WIDTH="183.0708661417323" VPOS="2257.0866141732286" HPOS="1105.5118110236222" CONTENT="in-4." ID="tl_39_10" STYLEREFS="FONT0"/>
            <SP HEIGHT="55.511811023622045" WIDTH="20.078740157480315" VPOS="2257.0866141732286" HPOS="1288.5826771653544"/>
            <String HEIGHT="55.511811023622045" WIDTH="204.33070866141733" VPOS="2257.0866141732286" HPOS="1228.3464566929133" CONTENT="Piquée" ID="tl_39_11" STYLEREFS="FONT0"/>
            <SP HEIGHT="55.511811023622045" WIDTH="20.078740157480315" VPOS="2257.0866141732286" HPOS="1431.4960629921259"/>
            <String HEIGHT="55.511811023622045" WIDTH="285.8267716535433" VPOS="2257.0866141732286" HPOS="1371.259842519685" CONTENT="d’humidité" ID="tl_39_12" STYLEREFS="FONT0"/>
            <SP HEIGHT="55.511811023622045" WIDTH="20.078740157480315" VPOS="2257.0866141732286" HPOS="1655.9055118110236"/>
            <String HEIGHT="55.511811023622045" WIDTH="122.83464566929133" VPOS="2257.0866141732286" HPOS="1574.4094488188975" CONTENT="dans" ID="tl_39_13" STYLEREFS="FONT0"/>
          </TextLine>
          <TextLine ID="tl_40" BASELINE="1990" HEIGHT="35.43307086614173" WIDTH="237.4015748031496" VPOS="2314.9606299212596" HPOS="468.8976377952756">
            <String HEIGHT="35.43307086614173" WIDTH="166.53543307086613" VPOS="2314.9606299212596" HPOS="445.2755905511811" CONTENT="une" ID="tl_40_1" STYLEREFS="FONT0"/>
            <SP HEIGHT="35.43307086614173" WIDTH="23.62204724409449" VPOS="2314.9606299212596" HPOS="611.8110236220473"/>
            <String HEIGHT="35.43307086614173" WIDTH="190.15748031496062" VPOS="2314.9606299212596" HPOS="516.1417322834645" CONTENT="marge." ID="tl_40_2" STYLEREFS="FONT0"/>
          </TextLine>
        </TextBlock>
        <TextBlock ID="r_2_15" HEIGHT="42.51968503937008" WIDTH="669.6850393700787" VPOS="2356.299212598425" HPOS="531.496062992126">
          <TextLine ID="tl_41" BASELINE="2030" HEIGHT="40.15748031496063" WIDTH="667.3228346456693" VPOS="2357.48031496063" HPOS="532.6771653543307">
            <String HEIGHT="40.15748031496063" WIDTH="242.1259842519685" VPOS="2357.48031496063" HPOS="517.3228346456693" CONTENT="Intéressante" ID="tl_41_1" STYLEREFS="FONT0"/>
            <SP HEIGHT="40.15748031496063" WIDTH="15.354330708661417" VPOS="2357.48031496063" HPOS="760.6299212598425"/>
            <String HEIGHT="40.15748031496063" WIDTH="151.1811023622047" VPOS="2357.48031496063" HPOS="714.5669291338583" CONTENT="lettre" ID="tl_41_2" STYLEREFS="FONT0"/>
            <SP HEIGHT="40.15748031496063" WIDTH="15.354330708661417" VPOS="2357.48031496063" HPOS="865.7480314960629"/>
            <String HEIGHT="40.15748031496063" WIDTH="181.88976377952756" VPOS="2357.48031496063" HPOS="820.8661417322835" CONTENT="relative" ID="tl_41_3" STYLEREFS="FONT0"/>
            <SP HEIGHT="40.15748031496063" WIDTH="15.354330708661417" VPOS="2357.48031496063" HPOS="1002.7559055118111"/>
            <String HEIGHT="40.15748031496063" WIDTH="75.59055118110236" VPOS="2357.48031496063" HPOS="957.8740157480315" CONTENT="à" ID="tl_41_4" STYLEREFS="FONT0"/>
            <SP HEIGHT="40.15748031496063" WIDTH="15.354330708661417" VPOS="2357.48031496063" HPOS="1033.4645669291338"/>
            <String HEIGHT="40.15748031496063" WIDTH="106.2992125984252" VPOS="2357.48031496063" HPOS="987.4015748031496" CONTENT="ses" ID="tl_41_5" STYLEREFS="FONT0"/>
            <SP HEIGHT="40.15748031496063" WIDTH="15.354330708661417" VPOS="2357.48031496063" HPOS="1093.7007874015749"/>
            <String HEIGHT="40.15748031496063" WIDTH="166.53543307086613" VPOS="2357.48031496063" HPOS="1033.4645669291338" CONTENT="ouvrages." ID="tl_41_6" STYLEREFS="FONT0"/>
          </TextLine>
        </TextBlock>
        <TextBlock ID="r_2_16" HEIGHT="68.50393700787401" WIDTH="549.2125984251968" VPOS="2395.2755905511813" HPOS="416.92913385826773">
          <TextLine ID="tl_42" BASELINE="2085" HEIGHT="66.14173228346456" WIDTH="546.8503937007874" VPOS="2396.4566929133857" HPOS="418.1102362204724">
            <String HEIGHT="66.14173228346456" WIDTH="137.00787401574803" VPOS="2396.4566929133857" HPOS="398.0314960629921" CONTENT="54." ID="tl_42_1" STYLEREFS="FONT0"/>
            <SP HEIGHT="66.14173228346456" WIDTH="20.078740157480315" VPOS="2396.4566929133857" HPOS="535.0393700787401"/>
            <String HEIGHT="66.14173228346456" WIDTH="351.9685039370079" VPOS="2396.4566929133857" HPOS="477.1653543307087" CONTENT="CLERGÉ." ID="tl_42_2" STYLEREFS="FONT1"/>
            <SP HEIGHT="66.14173228346456" WIDTH="20.078740157480315" VPOS="2396.4566929133857" HPOS="827.9527559055118"/>
            <String HEIGHT="66.14173228346456" WIDTH="98.03149606299213" VPOS="2396.4566929133857" HPOS="770.0787401574803" CONTENT="7" ID="tl_42_3" STYLEREFS="FONT0"/>
            <SP HEIGHT="66.14173228346456" WIDTH="20.078740157480315" VPOS="2396.4566929133857" HPOS="866.9291338582677"/>
            <String HEIGHT="66.14173228346456" WIDTH="175.98425196850394" VPOS="2396.4566929133857" HPOS="788.9763779527559" CONTENT="pièces." ID="tl_42_4" STYLEREFS="FONT0"/>
          </TextLine>
        </TextBlock>
        <TextBlock ID="r_2_17" HEIGHT="446.45669291338584" WIDTH="1235.4330708661416" VPOS="2464.9606299212596" HPOS="462.99212598425197">
          <TextLine ID="tl_43" BASELINE="2133" HEIGHT="53.1496062992126" WIDTH="1179.9212598425197" VPOS="2466.1417322834645" HPOS="512.5984251968504">
            <String HEIGHT="53.1496062992126" WIDTH="269.29133858267716" VPOS="2466.1417322834645" HPOS="491.33858267716533" CONTENT="Discision" ID="tl_43_1" STYLEREFS="FONT0"/>
            <SP HEIGHT="53.1496062992126" WIDTH="21.25984251968504" VPOS="2466.1417322834645" HPOS="760.6299212598425"/>
            <String HEIGHT="53.1496062992126" WIDTH="165.35433070866142" VPOS="2466.1417322834645" HPOS="699.2125984251968" CONTENT="aut." ID="tl_43_2" STYLEREFS="FONT0"/>
            <SP HEIGHT="53.1496062992126" WIDTH="21.25984251968504" VPOS="2466.1417322834645" HPOS="864.5669291338583"/>
            <String HEIGHT="53.1496062992126" WIDTH="165.35433070866142" VPOS="2466.1417322834645" HPOS="801.9685039370079" CONTENT="sig." ID="tl_43_3" STYLEREFS="FONT0"/>
            <SP HEIGHT="53.1496062992126" WIDTH="21.25984251968504" VPOS="2466.1417322834645" HPOS="968.503937007874"/>
            <String HEIGHT="53.1496062992126" WIDTH="165.35433070866142" VPOS="2466.1417322834645" HPOS="905.9055118110236" CONTENT="d’un" ID="tl_43_4" STYLEREFS="FONT0"/>
            <SP HEIGHT="53.1496062992126" WIDTH="21.25984251968504" VPOS="2466.1417322834645" HPOS="1071.259842519685"/>
            <String HEIGHT="53.1496062992126" WIDTH="289.37007874015745" VPOS="2466.1417322834645" HPOS="1009.8425196850394" CONTENT="théologien" ID="tl_43_5" STYLEREFS="FONT0"/>
            <SP HEIGHT="53.1496062992126" WIDTH="21.25984251968504" VPOS="2466.1417322834645" HPOS="1299.2125984251968"/>
            <String HEIGHT="53.1496062992126" WIDTH="124.01574803149606" VPOS="2466.1417322834645" HPOS="1236.6141732283465" CONTENT="du" ID="tl_43_6" STYLEREFS="FONT0"/>
            <SP HEIGHT="53.1496062992126" WIDTH="21.25984251968504" VPOS="2466.1417322834645" HPOS="1361.8110236220473"/>
            <String HEIGHT="53.1496062992126" WIDTH="165.35433070866142" VPOS="2466.1417322834645" HPOS="1299.2125984251968" CONTENT="XVIe" ID="tl_43_7" STYLEREFS="FONT0"/>
            <SP HEIGHT="53.1496062992126" WIDTH="21.25984251968504" VPOS="2466.1417322834645" HPOS="1464.5669291338584"/>
            <String HEIGHT="53.1496062992126" WIDTH="227.95275590551182" VPOS="2466.1417322834645" HPOS="1403.1496062992126" CONTENT="siècle," ID="tl_43_8" STYLEREFS="FONT0"/>
            <SP HEIGHT="53.1496062992126" WIDTH="21.25984251968504" VPOS="2466.1417322834645" HPOS="1629.9212598425197"/>
            <String HEIGHT="53.1496062992126" WIDTH="145.2755905511811" VPOS="2466.1417322834645" HPOS="1547.244094488189" CONTENT="nommé" ID="tl_43_9" STYLEREFS="FONT0"/>
          </TextLine>
          <TextLine ID="tl_44" BASELINE="2168" HEIGHT="51.968503937007874" WIDTH="1228.3464566929133" VPOS="2508.6614173228345" HPOS="464.1732283464567">
            <String HEIGHT="51.968503937007874" WIDTH="231.49606299212599" VPOS="2508.6614173228345" HPOS="446.45669291338584" CONTENT="Ladvocat," ID="tl_44_1" STYLEREFS="FONT0"/>
            <SP HEIGHT="51.968503937007874" WIDTH="17.716535433070867" VPOS="2508.6614173228345" HPOS="677.9527559055118"/>
            <String HEIGHT="51.968503937007874" WIDTH="125.19685039370079" VPOS="2508.6614173228345" HPOS="624.8031496062993" CONTENT="sur" ID="tl_44_2" STYLEREFS="FONT0"/>
            <SP HEIGHT="51.968503937007874" WIDTH="17.716535433070867" VPOS="2508.6614173228345" HPOS="748.8188976377953"/>
            <String HEIGHT="51.968503937007874" WIDTH="106.2992125984252" VPOS="2508.6614173228345" HPOS="695.6692913385826" CONTENT="le" ID="tl_44_3" STYLEREFS="FONT0"/>
            <SP HEIGHT="51.968503937007874" WIDTH="17.716535433070867" VPOS="2508.6614173228345" HPOS="801.9685039370079"/>
            <String HEIGHT="51.968503937007874" WIDTH="249.21259842519686" VPOS="2508.6614173228345" HPOS="748.8188976377953" CONTENT="baptême" ID="tl_44_4" STYLEREFS="FONT2"/>
            <SP HEIGHT="51.968503937007874" WIDTH="17.716535433070867" VPOS="2508.6614173228345" HPOS="998.0314960629921"/>
            <String HEIGHT="51.968503937007874" WIDTH="125.19685039370079" VPOS="2508.6614173228345" HPOS="944.8818897637796" CONTENT="des" ID="tl_44_5" STYLEREFS="FONT2"/>
            <SP HEIGHT="51.968503937007874" WIDTH="17.716535433070867" VPOS="2508.6614173228345" HPOS="1068.8976377952756"/>
            <String HEIGHT="51.968503937007874" WIDTH="337.79527559055117" VPOS="2508.6614173228345" HPOS="1015.7480314960629" CONTENT="hérétiques," ID="tl_44_6" STYLEREFS="FONT2"/>
            <SP HEIGHT="51.968503937007874" WIDTH="17.716535433070867" VPOS="2508.6614173228345" HPOS="1354.724409448819"/>
            <String HEIGHT="51.968503937007874" WIDTH="88.58267716535433" VPOS="2508.6614173228345" HPOS="1300.3937007874015" CONTENT="1" ID="tl_44_7" STYLEREFS="FONT0"/>
            <SP HEIGHT="51.968503937007874" WIDTH="17.716535433070867" VPOS="2508.6614173228345" HPOS="1390.1574803149606"/>
            <String HEIGHT="51.968503937007874" WIDTH="106.2992125984252" VPOS="2508.6614173228345" HPOS="1337.007874015748" CONTENT="p." ID="tl_44_8" STYLEREFS="FONT0"/>
            <SP HEIGHT="51.968503937007874" WIDTH="17.716535433070867" VPOS="2508.6614173228345" HPOS="1443.3070866141732"/>
            <String HEIGHT="51.968503937007874" WIDTH="160.62992125984252" VPOS="2508.6614173228345" HPOS="1390.1574803149606" CONTENT="in-4." ID="tl_44_9" STYLEREFS="FONT0"/>
            <SP HEIGHT="51.968503937007874" WIDTH="17.716535433070867" VPOS="2508.6614173228345" HPOS="1549.6062992125985"/>
            <String HEIGHT="51.968503937007874" WIDTH="88.58267716535433" VPOS="2508.6614173228345" HPOS="1496.4566929133857" CONTENT="—" ID="tl_44_10" STYLEREFS="FONT0"/>
            <SP HEIGHT="51.968503937007874" WIDTH="17.716535433070867" VPOS="2508.6614173228345" HPOS="1586.2204724409448"/>
            <String HEIGHT="51.968503937007874" WIDTH="178.3464566929134" VPOS="2508.6614173228345" HPOS="1514.1732283464567" CONTENT="Relation" ID="tl_44_11" STYLEREFS="FONT0"/>
          </TextLine>
          <TextLine ID="tl_45" BASELINE="2207" HEIGHT="54.330708661417326" WIDTH="1228.3464566929133" VPOS="2552.3622047244094" HPOS="465.3543307086614">
            <String HEIGHT="54.330708661417326" WIDTH="106.2992125984252" VPOS="2552.3622047244094" HPOS="447.6377952755906" CONTENT="de" ID="tl_45_1" STYLEREFS="FONT0"/>
            <SP HEIGHT="54.330708661417326" WIDTH="17.716535433070867" VPOS="2552.3622047244094" HPOS="553.9370078740158"/>
            <String HEIGHT="54.330708661417326" WIDTH="106.2992125984252" VPOS="2552.3622047244094" HPOS="500.78740157480314" CONTENT="ce" ID="tl_45_2" STYLEREFS="FONT0"/>
            <SP HEIGHT="54.330708661417326" WIDTH="17.716535433070867" VPOS="2552.3622047244094" HPOS="608.2677165354331"/>
            <String HEIGHT="54.330708661417326" WIDTH="125.19685039370079" VPOS="2552.3622047244094" HPOS="553.9370078740158" CONTENT="qui" ID="tl_45_3" STYLEREFS="FONT0"/>
            <SP HEIGHT="54.330708661417326" WIDTH="17.716535433070867" VPOS="2552.3622047244094" HPOS="679.1338582677165"/>
            <String HEIGHT="54.330708661417326" WIDTH="160.62992125984252" VPOS="2552.3622047244094" HPOS="625.9842519685039" CONTENT="s’est" ID="tl_45_4" STYLEREFS="FONT0"/>
            <SP HEIGHT="54.330708661417326" WIDTH="17.716535433070867" VPOS="2552.3622047244094" HPOS="785.4330708661417"/>
            <String HEIGHT="54.330708661417326" WIDTH="160.62992125984252" VPOS="2552.3622047244094" HPOS="732.2834645669292" CONTENT="passé" ID="tl_45_5" STYLEREFS="FONT0"/>
            <SP HEIGHT="54.330708661417326" WIDTH="17.716535433070867" VPOS="2552.3622047244094" HPOS="892.9133858267717"/>
            <String HEIGHT="54.330708661417326" WIDTH="106.2992125984252" VPOS="2552.3622047244094" HPOS="839.7637795275591" CONTENT="au" ID="tl_45_6" STYLEREFS="FONT0"/>
            <SP HEIGHT="54.330708661417326" WIDTH="17.716535433070867" VPOS="2552.3622047244094" HPOS="946.0629921259842"/>
            <String HEIGHT="54.330708661417326" WIDTH="160.62992125984252" VPOS="2552.3622047244094" HPOS="892.9133858267717" CONTENT="sujet" ID="tl_45_7" STYLEREFS="FONT0"/>
            <SP HEIGHT="54.330708661417326" WIDTH="17.716535433070867" VPOS="2552.3622047244094" HPOS="1052.3622047244094"/>
            <String HEIGHT="54.330708661417326" WIDTH="106.2992125984252" VPOS="2552.3622047244094" HPOS="999.2125984251968" CONTENT="du" ID="tl_45_8" STYLEREFS="FONT0"/>
            <SP HEIGHT="54.330708661417326" WIDTH="17.716535433070867" VPOS="2552.3622047244094" HPOS="1106.6929133858268"/>
            <String HEIGHT="54.330708661417326" WIDTH="213.7795275590551" VPOS="2552.3622047244094" HPOS="1052.3622047244094" CONTENT="refus" ID="tl_45_9" STYLEREFS="FONT2"/>
            <SP HEIGHT="54.330708661417326" WIDTH="17.716535433070867" VPOS="2552.3622047244094" HPOS="1266.1417322834645"/>
            <String HEIGHT="54.330708661417326" WIDTH="125.19685039370079" VPOS="2552.3622047244094" HPOS="1212.992125984252" CONTENT="des" ID="tl_45_10" STYLEREFS="FONT2"/>
            <SP HEIGHT="54.330708661417326" WIDTH="17.716535433070867" VPOS="2552.3622047244094" HPOS="1338.1889763779527"/>
            <String HEIGHT="54.330708661417326" WIDTH="337.79527559055117" VPOS="2552.3622047244094" HPOS="1283.8582677165355" CONTENT="sacrements," ID="tl_45_11" STYLEREFS="FONT2"/>
            <SP HEIGHT="54.330708661417326" WIDTH="17.716535433070867" VPOS="2552.3622047244094" HPOS="1622.8346456692914"/>
            <String HEIGHT="54.330708661417326" WIDTH="125.19685039370079" VPOS="2552.3622047244094" HPOS="1568.5039370078741" CONTENT="par" ID="tl_45_12" STYLEREFS="FONT0"/>
            <SP HEIGHT="54.330708661417326" WIDTH="17.716535433070867" VPOS="2552.3622047244094" HPOS="1693.7007874015749"/>
            <String HEIGHT="54.330708661417326" WIDTH="70.86614173228347" VPOS="2552.3622047244094" HPOS="1622.8346456692914" CONTENT="le" ID="tl_45_13" STYLEREFS="FONT0"/>
          </TextLine>
          <TextLine ID="tl_46" BASELINE="2245" HEIGHT="56.69291338582677" WIDTH="1227.1653543307086" VPOS="2594.8818897637793" HPOS="465.3543307086614">
            <String HEIGHT="56.69291338582677" WIDTH="174.8031496062992" VPOS="2594.8818897637793" HPOS="442.9133858267717" CONTENT="curé" ID="tl_46_1" STYLEREFS="FONT0"/>
            <SP HEIGHT="56.69291338582677" WIDTH="22.440944881889763" VPOS="2594.8818897637793" HPOS="618.8976377952756"/>
            <String HEIGHT="56.69291338582677" WIDTH="131.10236220472441" VPOS="2594.8818897637793" HPOS="552.7559055118111" CONTENT="de" ID="tl_46_2" STYLEREFS="FONT0"/>
            <SP HEIGHT="56.69291338582677" WIDTH="22.440944881889763" VPOS="2594.8818897637793" HPOS="685.0393700787401"/>
            <String HEIGHT="56.69291338582677" WIDTH="569.2913385826772" VPOS="2594.8818897637793" HPOS="618.8976377952756" CONTENT="Saint-Etienne-du-Mont," ID="tl_46_3" STYLEREFS="FONT0"/>
            <SP HEIGHT="56.69291338582677" WIDTH="22.440944881889763" VPOS="2594.8818897637793" HPOS="1188.1889763779527"/>
            <String HEIGHT="56.69291338582677" WIDTH="109.84251968503936" VPOS="2594.8818897637793" HPOS="1123.2283464566929" CONTENT="à" ID="tl_46_4" STYLEREFS="FONT0"/>
            <SP HEIGHT="56.69291338582677" WIDTH="22.440944881889763" VPOS="2594.8818897637793" HPOS="1231.8897637795276"/>
            <String HEIGHT="56.69291338582677" WIDTH="131.10236220472441" VPOS="2594.8818897637793" HPOS="1166.9291338582677" CONTENT="un" ID="tl_46_5" STYLEREFS="FONT0"/>
            <SP HEIGHT="56.69291338582677" WIDTH="22.440944881889763" VPOS="2594.8818897637793" HPOS="1298.0314960629921"/>
            <String HEIGHT="56.69291338582677" WIDTH="219.68503937007873" VPOS="2594.8818897637793" HPOS="1231.8897637795276" CONTENT="prêtre" ID="tl_46_6" STYLEREFS="FONT0"/>
            <SP HEIGHT="56.69291338582677" WIDTH="22.440944881889763" VPOS="2594.8818897637793" HPOS="1451.5748031496064"/>
            <String HEIGHT="56.69291338582677" WIDTH="131.10236220472441" VPOS="2594.8818897637793" HPOS="1385.4330708661416" CONTENT="de" ID="tl_46_7" STYLEREFS="FONT0"/>
            <SP HEIGHT="56.69291338582677" WIDTH="22.440944881889763" VPOS="2594.8818897637793" HPOS="1517.716535433071"/>
            <String HEIGHT="56.69291338582677" WIDTH="263.38582677165357" VPOS="2594.8818897637793" HPOS="1429.1338582677165" CONTENT="Marseille," ID="tl_46_8" STYLEREFS="FONT0"/>
          </TextLine>
          <TextLine ID="tl_47" BASELINE="2278" HEIGHT="51.968503937007874" WIDTH="1228.3464566929133" VPOS="2638.582677165354" HPOS="465.3543307086614">
            <String HEIGHT="51.968503937007874" WIDTH="178.3464566929134" VPOS="2638.582677165354" HPOS="442.9133858267717" CONTENT="mars" ID="tl_47_1" STYLEREFS="FONT0"/>
            <SP HEIGHT="51.968503937007874" WIDTH="22.440944881889763" VPOS="2638.582677165354" HPOS="621.2598425196851"/>
            <String HEIGHT="51.968503937007874" WIDTH="200.78740157480314" VPOS="2638.582677165354" HPOS="555.1181102362204" CONTENT="1752," ID="tl_47_2" STYLEREFS="FONT0"/>
            <SP HEIGHT="51.968503937007874" WIDTH="22.440944881889763" VPOS="2638.582677165354" HPOS="755.9055118110236"/>
            <String HEIGHT="51.968503937007874" WIDTH="290.5511811023622" VPOS="2638.582677165354" HPOS="688.5826771653543" CONTENT="manuscrit" ID="tl_47_3" STYLEREFS="FONT0"/>
            <SP HEIGHT="51.968503937007874" WIDTH="22.440944881889763" VPOS="2638.582677165354" HPOS="979.1338582677165"/>
            <String HEIGHT="51.968503937007874" WIDTH="290.5511811023622" VPOS="2638.582677165354" HPOS="911.8110236220473" CONTENT="original," ID="tl_47_4" STYLEREFS="FONT0"/>
            <SP HEIGHT="51.968503937007874" WIDTH="22.440944881889763" VPOS="2638.582677165354" HPOS="1202.3622047244094"/>
            <String HEIGHT="51.968503937007874" WIDTH="133.46456692913387" VPOS="2638.582677165354" HPOS="1135.0393700787401" CONTENT="50" ID="tl_47_5" STYLEREFS="FONT0"/>
            <SP HEIGHT="51.968503937007874" WIDTH="22.440944881889763" VPOS="2638.582677165354" HPOS="1269.6850393700788"/>
            <String HEIGHT="51.968503937007874" WIDTH="133.46456692913387" VPOS="2638.582677165354" HPOS="1202.3622047244094" CONTENT="p." ID="tl_47_6" STYLEREFS="FONT0"/>
            <SP HEIGHT="51.968503937007874" WIDTH="22.440944881889763" VPOS="2638.582677165354" HPOS="1335.8267716535433"/>
            <String HEIGHT="51.968503937007874" WIDTH="223.22834645669292" VPOS="2638.582677165354" HPOS="1269.6850393700788" CONTENT="in-12." ID="tl_47_7" STYLEREFS="FONT0"/>
            <SP HEIGHT="51.968503937007874" WIDTH="22.440944881889763" VPOS="2638.582677165354" HPOS="1492.9133858267717"/>
            <String HEIGHT="51.968503937007874" WIDTH="112.20472440944881" VPOS="2638.582677165354" HPOS="1425.5905511811025" CONTENT="—" ID="tl_47_8" STYLEREFS="FONT0"/>
            <SP HEIGHT="51.968503937007874" WIDTH="22.440944881889763" VPOS="2638.582677165354" HPOS="1537.7952755905512"/>
            <String HEIGHT="51.968503937007874" WIDTH="245.66929133858267" VPOS="2638.582677165354" HPOS="1448.0314960629921" CONTENT="Assemblée" ID="tl_47_9" STYLEREFS="FONT0"/>
          </TextLine>
          <TextLine ID="tl_48" BASELINE="2321" HEIGHT="66.14173228346456" WIDTH="1227.1653543307086" VPOS="2675.196850393701" HPOS="466.53543307086613">
            <String HEIGHT="66.14173228346456" WIDTH="111.02362204724409" VPOS="2675.196850393701" HPOS="447.6377952755906" CONTENT="du" ID="tl_48_1" STYLEREFS="FONT0"/>
            <SP HEIGHT="66.14173228346456" WIDTH="18.89763779527559" VPOS="2675.196850393701" HPOS="559.8425196850394"/>
            <String HEIGHT="66.14173228346456" WIDTH="185.43307086614172" VPOS="2675.196850393701" HPOS="503.1496062992126" CONTENT="clergé" ID="tl_48_2" STYLEREFS="FONT0"/>
            <SP HEIGHT="66.14173228346456" WIDTH="18.89763779527559" VPOS="2675.196850393701" HPOS="689.7637795275591"/>
            <String HEIGHT="66.14173228346456" WIDTH="111.02362204724409" VPOS="2675.196850393701" HPOS="634.2519685039371" CONTENT="de" ID="tl_48_3" STYLEREFS="FONT0"/>
            <SP HEIGHT="66.14173228346456" WIDTH="18.89763779527559" VPOS="2675.196850393701" HPOS="745.2755905511812"/>
            <String HEIGHT="66.14173228346456" WIDTH="185.43307086614172" VPOS="2675.196850393701" HPOS="689.7637795275591" CONTENT="France" ID="tl_48_4" STYLEREFS="FONT0"/>
            <SP HEIGHT="66.14173228346456" WIDTH="18.89763779527559" VPOS="2675.196850393701" HPOS="875.1968503937007"/>
            <String HEIGHT="66.14173228346456" WIDTH="111.02362204724409" VPOS="2675.196850393701" HPOS="819.6850393700787" CONTENT="au" ID="tl_48_5" STYLEREFS="FONT0"/>
            <SP HEIGHT="66.14173228346456" WIDTH="18.89763779527559" VPOS="2675.196850393701" HPOS="931.8897637795276"/>
            <String HEIGHT="66.14173228346456" WIDTH="167.71653543307087" VPOS="2675.196850393701" HPOS="875.1968503937007" CONTENT="sujet" ID="tl_48_6" STYLEREFS="FONT0"/>
            <SP HEIGHT="66.14173228346456" WIDTH="18.89763779527559" VPOS="2675.196850393701" HPOS="1042.9133858267717"/>
            <String HEIGHT="66.14173228346456" WIDTH="111.02362204724409" VPOS="2675.196850393701" HPOS="987.4015748031496" CONTENT="du" ID="tl_48_7" STYLEREFS="FONT0"/>
            <SP HEIGHT="66.14173228346456" WIDTH="18.89763779527559" VPOS="2675.196850393701" HPOS="1098.4251968503936"/>
            <String HEIGHT="66.14173228346456" WIDTH="223.22834645669292" VPOS="2675.196850393701" HPOS="1042.9133858267717" CONTENT="refus" ID="tl_48_8" STYLEREFS="FONT2"/>
            <SP HEIGHT="66.14173228346456" WIDTH="18.89763779527559" VPOS="2675.196850393701" HPOS="1266.1417322834645"/>
            <String HEIGHT="66.14173228346456" WIDTH="129.92125984251967" VPOS="2675.196850393701" HPOS="1210.6299212598426" CONTENT="des" ID="tl_48_9" STYLEREFS="FONT2"/>
            <SP HEIGHT="66.14173228346456" WIDTH="18.89763779527559" VPOS="2675.196850393701" HPOS="1340.5511811023623"/>
            <String HEIGHT="66.14173228346456" WIDTH="353.1496062992126" VPOS="2675.196850393701" HPOS="1285.0393700787401" CONTENT="sacrements;" ID="tl_48_10" STYLEREFS="FONT2"/>
            <SP HEIGHT="66.14173228346456" WIDTH="18.89763779527559" VPOS="2675.196850393701" HPOS="1638.1889763779527"/>
            <String HEIGHT="66.14173228346456" WIDTH="129.92125984251967" VPOS="2675.196850393701" HPOS="1563.7795275590552" CONTENT="copie" ID="tl_48_11" STYLEREFS="FONT0"/>
          </TextLine>
          <TextLine ID="tl_49" BASELINE="2355" HEIGHT="56.69291338582677" WIDTH="1228.3464566929133" VPOS="2724.803149606299" HPOS="466.53543307086613">
            <String HEIGHT="56.69291338582677" WIDTH="138.18897637795277" VPOS="2724.803149606299" HPOS="448.81889763779526" CONTENT="sig." ID="tl_49_1" STYLEREFS="FONT0"/>
            <SP HEIGHT="56.69291338582677" WIDTH="17.716535433070867" VPOS="2724.803149606299" HPOS="588.1889763779527"/>
            <String HEIGHT="56.69291338582677" WIDTH="121.65354330708661" VPOS="2724.803149606299" HPOS="536.2204724409448" CONTENT="par" ID="tl_49_2" STYLEREFS="FONT0"/>
            <SP HEIGHT="56.69291338582677" WIDTH="17.716535433070867" VPOS="2724.803149606299" HPOS="656.6929133858267"/>
            <String HEIGHT="56.69291338582677" WIDTH="224.40944881889763" VPOS="2724.803149606299" HPOS="604.7244094488188" CONTENT="l’abbé" ID="tl_49_3" STYLEREFS="FONT2"/>
            <SP HEIGHT="56.69291338582677" WIDTH="17.716535433070867" VPOS="2724.803149606299" HPOS="830.3149606299213"/>
            <String HEIGHT="56.69291338582677" WIDTH="103.93700787401575" VPOS="2724.803149606299" HPOS="778.3464566929134" CONTENT="de" ID="tl_49_4" STYLEREFS="FONT2"/>
            <SP HEIGHT="56.69291338582677" WIDTH="17.716535433070867" VPOS="2724.803149606299" HPOS="882.2834645669292"/>
            <String HEIGHT="56.69291338582677" WIDTH="294.09448818897636" VPOS="2724.803149606299" HPOS="830.3149606299213" CONTENT="Coriolis," ID="tl_49_5" STYLEREFS="FONT2"/>
            <SP HEIGHT="56.69291338582677" WIDTH="17.716535433070867" VPOS="2724.803149606299" HPOS="1124.4094488188975"/>
            <String HEIGHT="56.69291338582677" WIDTH="103.93700787401575" VPOS="2724.803149606299" HPOS="1072.4409448818897" CONTENT="26" ID="tl_49_6" STYLEREFS="FONT0"/>
            <SP HEIGHT="56.69291338582677" WIDTH="17.716535433070867" VPOS="2724.803149606299" HPOS="1176.3779527559054"/>
            <String HEIGHT="56.69291338582677" WIDTH="103.93700787401575" VPOS="2724.803149606299" HPOS="1124.4094488188975" CONTENT="p." ID="tl_49_7" STYLEREFS="FONT0"/>
            <SP HEIGHT="56.69291338582677" WIDTH="17.716535433070867" VPOS="2724.803149606299" HPOS="1228.3464566929133"/>
            <String HEIGHT="56.69291338582677" WIDTH="155.90551181102362" VPOS="2724.803149606299" HPOS="1176.3779527559054" CONTENT="in-f." ID="tl_49_8" STYLEREFS="FONT0"/>
            <SP HEIGHT="56.69291338582677" WIDTH="17.716535433070867" VPOS="2724.803149606299" HPOS="1331.1023622047244"/>
            <String HEIGHT="56.69291338582677" WIDTH="86.22047244094489" VPOS="2724.803149606299" HPOS="1279.1338582677165" CONTENT="—" ID="tl_49_9" STYLEREFS="FONT0"/>
            <SP HEIGHT="56.69291338582677" WIDTH="17.716535433070867" VPOS="2724.803149606299" HPOS="1366.5354330708662"/>
            <String HEIGHT="56.69291338582677" WIDTH="207.8740157480315" VPOS="2724.803149606299" HPOS="1314.5669291338584" CONTENT="Plaintes" ID="tl_49_10" STYLEREFS="FONT0"/>
            <SP HEIGHT="56.69291338582677" WIDTH="17.716535433070867" VPOS="2724.803149606299" HPOS="1522.4409448818897"/>
            <String HEIGHT="56.69291338582677" WIDTH="138.18897637795277" VPOS="2724.803149606299" HPOS="1470.4724409448818" CONTENT="d’un" ID="tl_49_11" STYLEREFS="FONT0"/>
            <SP HEIGHT="56.69291338582677" WIDTH="17.716535433070867" VPOS="2724.803149606299" HPOS="1608.6614173228347"/>
            <String HEIGHT="56.69291338582677" WIDTH="155.90551181102362" VPOS="2724.803149606299" HPOS="1538.976377952756" CONTENT="anonyme" ID="tl_49_12" STYLEREFS="FONT0"/>
          </TextLine>
          <TextLine ID="tl_50" BASELINE="2393" HEIGHT="56.69291338582677" WIDTH="1225.984251968504" VPOS="2769.685039370079" HPOS="467.7165354330709">
            <String HEIGHT="56.69291338582677" WIDTH="98.03149606299213" VPOS="2769.685039370079" HPOS="451.18110236220474" CONTENT="au" ID="tl_50_1" STYLEREFS="FONT0"/>
            <SP HEIGHT="56.69291338582677" WIDTH="16.53543307086614" VPOS="2769.685039370079" HPOS="549.2125984251968"/>
            <String HEIGHT="56.69291338582677" WIDTH="147.63779527559055" VPOS="2769.685039370079" HPOS="500.78740157480314" CONTENT="sujet" ID="tl_50_2" STYLEREFS="FONT0"/>
            <SP HEIGHT="56.69291338582677" WIDTH="16.53543307086614" VPOS="2769.685039370079" HPOS="647.2440944881889"/>
            <String HEIGHT="56.69291338582677" WIDTH="98.03149606299213" VPOS="2769.685039370079" HPOS="598.8188976377953" CONTENT="du" ID="tl_50_3" STYLEREFS="FONT0"/>
            <SP HEIGHT="56.69291338582677" WIDTH="16.53543307086614" VPOS="2769.685039370079" HPOS="696.8503937007874"/>
            <String HEIGHT="56.69291338582677" WIDTH="179.5275590551181" VPOS="2769.685039370079" HPOS="647.2440944881889" CONTENT="prix" ID="tl_50_4" STYLEREFS="FONT2"/>
            <SP HEIGHT="56.69291338582677" WIDTH="16.53543307086614" VPOS="2769.685039370079" HPOS="826.7716535433071"/>
            <String HEIGHT="56.69291338582677" WIDTH="229.13385826771653" VPOS="2769.685039370079" HPOS="778.3464566929134" CONTENT="exorbitant" ID="tl_50_5" STYLEREFS="FONT2"/>
            <SP HEIGHT="56.69291338582677" WIDTH="16.53543307086614" VPOS="2769.685039370079" HPOS="1007.4803149606299"/>
            <String HEIGHT="56.69291338582677" WIDTH="114.56692913385827" VPOS="2769.685039370079" HPOS="957.8740157480315" CONTENT="des" ID="tl_50_6" STYLEREFS="FONT2"/>
            <SP HEIGHT="56.69291338582677" WIDTH="16.53543307086614" VPOS="2769.685039370079" HPOS="1072.4409448818897"/>
            <String HEIGHT="56.69291338582677" WIDTH="179.5275590551181" VPOS="2769.685039370079" HPOS="1024.015748031496" CONTENT="chaises" ID="tl_50_7" STYLEREFS="FONT2"/>
            <SP HEIGHT="56.69291338582677" WIDTH="16.53543307086614" VPOS="2769.685039370079" HPOS="1203.5433070866143"/>
            <String HEIGHT="56.69291338582677" WIDTH="131.10236220472441" VPOS="2769.685039370079" HPOS="1153.9370078740158" CONTENT="dans" ID="tl_50_8" STYLEREFS="FONT2"/>
            <SP HEIGHT="56.69291338582677" WIDTH="16.53543307086614" VPOS="2769.685039370079" HPOS="1285.0393700787401"/>
            <String HEIGHT="56.69291338582677" WIDTH="114.56692913385827" VPOS="2769.685039370079" HPOS="1235.4330708661416" CONTENT="les" ID="tl_50_9" STYLEREFS="FONT2"/>
            <SP HEIGHT="56.69291338582677" WIDTH="16.53543307086614" VPOS="2769.685039370079" HPOS="1350.0"/>
            <String HEIGHT="56.69291338582677" WIDTH="261.0236220472441" VPOS="2769.685039370079" HPOS="1301.5748031496064" CONTENT="églises," ID="tl_50_10" STYLEREFS="FONT2"/>
            <SP HEIGHT="56.69291338582677" WIDTH="16.53543307086614" VPOS="2769.685039370079" HPOS="1562.5984251968505"/>
            <String HEIGHT="56.69291338582677" WIDTH="81.49606299212599" VPOS="2769.685039370079" HPOS="1514.1732283464567" CONTENT="3" ID="tl_50_11" STYLEREFS="FONT0"/>
            <SP HEIGHT="56.69291338582677" WIDTH="16.53543307086614" VPOS="2769.685039370079" HPOS="1595.6692913385828"/>
            <String HEIGHT="56.69291338582677" WIDTH="98.03149606299213" VPOS="2769.685039370079" HPOS="1546.0629921259842" CONTENT="p." ID="tl_50_12" STYLEREFS="FONT0"/>
            <SP HEIGHT="56.69291338582677" WIDTH="16.53543307086614" VPOS="2769.685039370079" HPOS="1644.0944881889764"/>
            <String HEIGHT="56.69291338582677" WIDTH="114.56692913385827" VPOS="2769.685039370079" HPOS="1579.1338582677165" CONTENT="in" ID="tl_50_13" STYLEREFS="FONT0"/>
          </TextLine>
          <TextLine ID="tl_51" BASELINE="2427" HEIGHT="61.41732283464567" WIDTH="1230.708661417323" VPOS="2805.1181102362207" HPOS="465.3543307086614">
            <String HEIGHT="61.41732283464567" WIDTH="102.75590551181102" VPOS="2805.1181102362207" HPOS="445.2755905511811" CONTENT="—" ID="tl_51_1" STYLEREFS="FONT0"/>
            <SP HEIGHT="61.41732283464567" WIDTH="20.078740157480315" VPOS="2805.1181102362207" HPOS="546.8503937007874"/>
            <String HEIGHT="61.41732283464567" WIDTH="245.66929133858267" VPOS="2805.1181102362207" HPOS="485.43307086614175" CONTENT="Discours" ID="tl_51_2" STYLEREFS="FONT0"/>
            <SP HEIGHT="61.41732283464567" WIDTH="20.078740157480315" VPOS="2805.1181102362207" HPOS="732.2834645669292"/>
            <String HEIGHT="61.41732283464567" WIDTH="266.92913385826773" VPOS="2805.1181102362207" HPOS="670.8661417322835" CONTENT="(prononcé" ID="tl_51_3" STYLEREFS="FONT0"/>
            <SP HEIGHT="61.41732283464567" WIDTH="20.078740157480315" VPOS="2805.1181102362207" HPOS="936.6141732283464"/>
            <String HEIGHT="61.41732283464567" WIDTH="102.75590551181102" VPOS="2805.1181102362207" HPOS="875.1968503937007" CONTENT="à" ID="tl_51_4" STYLEREFS="FONT0"/>
            <SP HEIGHT="61.41732283464567" WIDTH="20.078740157480315" VPOS="2805.1181102362207" HPOS="977.9527559055118"/>
            <String HEIGHT="61.41732283464567" WIDTH="122.83464566929133" VPOS="2805.1181102362207" HPOS="916.5354330708661" CONTENT="la" ID="tl_51_5" STYLEREFS="FONT0"/>
            <SP HEIGHT="61.41732283464567" WIDTH="20.078740157480315" VPOS="2805.1181102362207" HPOS="1039.3700787401574"/>
            <String HEIGHT="61.41732283464567" WIDTH="328.34645669291336" VPOS="2805.1181102362207" HPOS="977.9527559055118" CONTENT="proclamation" ID="tl_51_6" STYLEREFS="FONT0"/>
            <SP HEIGHT="61.41732283464567" WIDTH="20.078740157480315" VPOS="2805.1181102362207" HPOS="1306.2992125984251"/>
            <String HEIGHT="61.41732283464567" WIDTH="122.83464566929133" VPOS="2805.1181102362207" HPOS="1244.8818897637796" CONTENT="de" ID="tl_51_7" STYLEREFS="FONT0"/>
            <SP HEIGHT="61.41732283464567" WIDTH="20.078740157480315" VPOS="2805.1181102362207" HPOS="1367.716535433071"/>
            <String HEIGHT="61.41732283464567" WIDTH="328.34645669291336" VPOS="2805.1181102362207" HPOS="1306.2992125984251" CONTENT="Gobel" ID="tl_51_8" STYLEREFS="FONT2"/>
            <SP HEIGHT="61.41732283464567" WIDTH="20.078740157480315" VPOS="2805.1181102362207" HPOS="1634.6456692913387"/>
            <String HEIGHT="61.41732283464567" WIDTH="144.09448818897638" VPOS="2805.1181102362207" HPOS="1551.9685039370079" CONTENT="comme" ID="tl_51_9" STYLEREFS="FONT0"/>
          </TextLine>
          <TextLine ID="tl_52" BASELINE="2464" HEIGHT="53.1496062992126" WIDTH="1231.8897637795276" VPOS="2857.0866141732286" HPOS="465.3543307086614">
            <String HEIGHT="53.1496062992126" WIDTH="216.14173228346456" VPOS="2857.0866141732286" HPOS="444.09448818897636" CONTENT="évêque" ID="tl_52_1" STYLEREFS="FONT0"/>
            <SP HEIGHT="53.1496062992126" WIDTH="21.25984251968504" VPOS="2857.0866141732286" HPOS="660.2362204724409"/>
            <String HEIGHT="53.1496062992126" WIDTH="129.92125984251967" VPOS="2857.0866141732286" HPOS="595.2755905511812" CONTENT="de" ID="tl_52_2" STYLEREFS="FONT0"/>
            <SP HEIGHT="53.1496062992126" WIDTH="21.25984251968504" VPOS="2857.0866141732286" HPOS="725.1968503937007"/>
            <String HEIGHT="53.1496062992126" WIDTH="216.14173228346456" VPOS="2857.0866141732286" HPOS="660.2362204724409" CONTENT="Paris," ID="tl_52_3" STYLEREFS="FONT0"/>
            <SP HEIGHT="53.1496062992126" WIDTH="21.25984251968504" VPOS="2857.0866141732286" HPOS="876.3779527559055"/>
            <String HEIGHT="53.1496062992126" WIDTH="151.1811023622047" VPOS="2857.0866141732286" HPOS="811.4173228346457" CONTENT="par" ID="tl_52_4" STYLEREFS="FONT0"/>
            <SP HEIGHT="53.1496062992126" WIDTH="21.25984251968504" VPOS="2857.0866141732286" HPOS="962.5984251968504"/>
            <String HEIGHT="53.1496062992126" WIDTH="129.92125984251967" VPOS="2857.0866141732286" HPOS="897.6377952755905" CONTENT="M." ID="tl_52_5" STYLEREFS="FONT0"/>
            <SP HEIGHT="53.1496062992126" WIDTH="21.25984251968504" VPOS="2857.0866141732286" HPOS="1027.5590551181103"/>
            <String HEIGHT="53.1496062992126" WIDTH="281.1023622047244" VPOS="2857.0866141732286" HPOS="962.5984251968504" CONTENT="Beauvais," ID="tl_52_6" STYLEREFS="FONT0"/>
            <SP HEIGHT="53.1496062992126" WIDTH="21.25984251968504" VPOS="2857.0866141732286" HPOS="1243.7007874015749"/>
            <String HEIGHT="53.1496062992126" WIDTH="194.88188976377953" VPOS="2857.0866141732286" HPOS="1178.740157480315" CONTENT="près," ID="tl_52_7" STYLEREFS="FONT0"/>
            <SP HEIGHT="53.1496062992126" WIDTH="21.25984251968504" VPOS="2857.0866141732286" HPOS="1373.6220472440946"/>
            <String HEIGHT="53.1496062992126" WIDTH="129.92125984251967" VPOS="2857.0866141732286" HPOS="1308.6614173228347" CONTENT="de" ID="tl_52_8" STYLEREFS="FONT0"/>
            <SP HEIGHT="53.1496062992126" WIDTH="21.25984251968504" VPOS="2857.0866141732286" HPOS="1437.4015748031495"/>
            <String HEIGHT="53.1496062992126" WIDTH="216.14173228346456" VPOS="2857.0866141732286" HPOS="1373.6220472440946" CONTENT="l’Ass." ID="tl_52_9" STYLEREFS="FONT0"/>
            <SP HEIGHT="53.1496062992126" WIDTH="21.25984251968504" VPOS="2857.0866141732286" HPOS="1589.763779527559"/>
            <String HEIGHT="53.1496062992126" WIDTH="194.88188976377953" VPOS="2857.0866141732286" HPOS="1502.3622047244094" CONTENT="électo" ID="tl_52_10" STYLEREFS="FONT0"/>
          </TextLine>
        </TextBlock>
        <GraphicalElement ID="r_5" HEIGHT="5.905511811023622" WIDTH="103.93700787401575" VPOS="87.4015748031496" HPOS="1908.6614173228347"/>
        <GraphicalElement ID="r_6" HEIGHT="7.086614173228346" WIDTH="245.66929133858267" VPOS="87.4015748031496" HPOS="1626.3779527559054"/>
        <GraphicalElement ID="r_7" HEIGHT="17.716535433070867" WIDTH="269.29133858267716" VPOS="3262.2047244094488" HPOS="349.6062992125984"/>
        <GraphicalElement ID="r_8" HEIGHT="9.448818897637794" WIDTH="437.00787401574803" VPOS="3272.834645669291" HPOS="1457.4803149606298"/>
        <GraphicalElement ID="r_9" HEIGHT="8.26771653543307" WIDTH="256.2992125984252" VPOS="3272.834645669291" HPOS="618.8976377952756"/>
        <GraphicalElement ID="r_10" HEIGHT="4.724409448818897" WIDTH="127.55905511811024" VPOS="3272.834645669291" HPOS="204.33070866141733"/>
        <GraphicalElement ID="r_11" HEIGHT="4.724409448818897" WIDTH="205.51181102362204" VPOS="3278.740157480315" HPOS="1251.9685039370079"/>
        <GraphicalElement ID="r_12" HEIGHT="230.31496062992127" WIDTH="5.905511811023622" VPOS="266.92913385826773" HPOS="2082.283464566929"/>
      </PrintSpace>
    </Page>
  </Layout>
</alto>
