2147.244094488189 3351.968503937008
1011.0236220472441 416.92913385826773 166.53543307086613 49.60629921259842 —
1077.1653543307086 416.92913385826773 199.60629921259843 49.60629921259842 10
1144.4881889763778 416.92913385826773 100.39370078740157 49.60629921259842 —

527.9527559055118 501.9685039370079 190.15748031496062 57.874015748031496 rale,
655.511811023622 501.9685039370079 127.55905511811024 57.874015748031496 et
718.1102362204724 501.9685039370079 168.89763779527559 57.874015748031496 sig.
824.4094488188977 501.9685039370079 127.55905511811024 57.874015748031496 de
888.1889763779527 501.9685039370079 168.89763779527559 57.874015748031496 lui,
994.488188976378 501.9685039370079 127.55905511811024 57.874015748031496 17
1057.0866141732283 501.9685039370079 168.89763779527559 57.874015748031496 mars
1163.3858267716535 501.9685039370079 190.15748031496062 57.874015748031496 1791,
1290.9448818897638 501.9685039370079 106.2992125984252 57.874015748031496 4
1332.283464566929 501.9685039370079 127.55905511811024 57.874015748031496 p.
1396.0629921259842 501.9685039370079 190.15748031496062 57.874015748031496 in-4.
1523.6220472440946 501.9685039370079 106.2992125984252 57.874015748031496 —
1566.1417322834645 501.9685039370079 211.41732283464566 57.874015748031496 Lettre
1692.5196850393702 501.9685039370079 85.03937007874016 57.874015748031496 de

525.5905511811023 544.488188976378 285.8267716535433 50.78740157480315 l’archev.
745.2755905511812 544.488188976378 132.28346456692913 50.78740157480315 de
811.4173228346457 544.488188976378 197.24409448818898 50.78740157480315 Paris
943.7007874015748 544.488188976378 263.38582677165357 50.78740157480315 Debelloy
1140.9448818897638 544.488188976378 153.54330708661416 50.78740157480315 sur
1228.3464566929133 544.488188976378 240.9448818897638 50.78740157480315 l’heure
1404.3307086614172 544.488188976378 132.28346456692913 50.78740157480315 du
1470.4724409448818 544.488188976378 240.9448818897638 50.78740157480315 mariage
1624.015748031496 544.488188976378 153.54330708661416 50.78740157480315 reli-

527.9527559055118 590.5511811023622 196.06299212598427 49.60629921259842 gieux,
666.1417322834645 590.5511811023622 98.03149606299213 49.60629921259842 5
705.1181102362204 590.5511811023622 175.98425196850394 49.60629921259842 frim.
822.0472440944882 590.5511811023622 118.11023622047244 49.60629921259842 an
881.1023622047244 590.5511811023622 137.00787401574803 49.60629921259842 11,
959.0551181102362 590.5511811023622 98.03149606299213 49.60629921259842 1
999.2125984251968 590.5511811023622 118.11023622047244 49.60629921259842 p.
1038.1889763779527 590.5511811023622 137.00787401574803 49.60629921259842 in

477.1653543307087 637.7952755905512 132.28346456692913 64.96062992125984 88.
552.7559055118111 637.7952755905512 320.0787401574803 64.96062992125984 CLÉRIC
816.1417322834645 637.7952755905512 244.48818897637796 64.96062992125984 (Pierre),
1003.9370078740158 637.7952755905512 225.59055118110237 64.96062992125984 jésuite,
1174.015748031496 637.7952755905512 187.79527559055117 64.96062992125984 poète,
1305.1181102362204 637.7952755905512 263.38582677165357 64.96062992125984 traducteur
1512.992125984252 637.7952755905512 113.38582677165354 64.96062992125984 en
1569.6850393700788 637.7952755905512 151.1811023622047 64.96062992125984 vers
1644.0944881889764 637.7952755905512 132.28346456692913 64.96062992125984 fran-

525.5905511811023 695.6692913385826 144.09448818897638 55.511811023622045 çais
615.3543307086615 695.6692913385826 108.66141732283465 55.511811023622045 de
669.6850393700787 695.6692913385826 360.23622047244095 55.511811023622045 l'Electre
975.5905511811023 695.6692913385826 108.66141732283465 55.511811023622045 de
1029.9212598425197 695.6692913385826 233.85826771653544 55.511811023622045 Sophocle,
1210.6299212598426 695.6692913385826 216.14173228346456 55.511811023622045 couronné
1372.4409448818897 695.6692913385826 144.09448818897638 55.511811023622045 huit
1463.3858267716535 695.6692913385826 144.09448818897638 55.511811023622045 fois
1553.1496062992126 695.6692913385826 126.37795275590551 55.511811023622045 par
1607.4803149606298 695.6692913385826 161.81102362204723 55.511811023622045 l’Acad.

523.2283464566929 747.6377952755905 134.64566929133858 46.06299212598425 des
600.0 747.6377952755905 153.54330708661416 46.06299212598425 Jeux
695.6692913385826 747.6377952755905 230.31496062992127 46.06299212598425 floraux,
868.1102362204724 747.6377952755905 115.74803149606299 46.06299212598425 né
925.9842519685039 747.6377952755905 95.66929133858268 46.06299212598425 à
944.8818897637796 747.6377952755905 192.51968503937007 46.06299212598425 Béziers.

569.2913385826772 800.7874015748032 118.11023622047244 49.60629921259842 L.
628.3464566929134 800.7874015748032 118.11023622047244 49.60629921259842 a.
688.5826771653543 800.7874015748032 118.11023622047244 49.60629921259842 s.
747.6377952755905 800.7874015748032 99.21259842519684 49.60629921259842 à
786.6141732283464 800.7874015748032 276.37795275590554 49.60629921259842 Brossette;
1003.9370078740158 800.7874015748032 256.2992125984252 49.60629921259842 Toulouse,
1201.1811023622047 800.7874015748032 118.11023622047244 49.60629921259842 12
1260.236220472441 800.7874015748032 177.16535433070865 49.60629921259842 juil.
1379.5275590551182 800.7874015748032 177.16535433070865 49.60629921259842 1717,
1497.6377952755906 800.7874015748032 99.21259842519684 49.60629921259842 3
1536.6141732283465 800.7874015748032 118.11023622047244 49.60629921259842 p.
1596.8503937007874 800.7874015748032 138.18897637795277 49.60629921259842 pl.
1655.9055118110236 800.7874015748032 118.11023622047244 49.60629921259842 pet.

505.51181102362204 852.7559055118111 128.74015748031496 34.25196850393701 in

590.5511811023622 901.1811023622047 252.75590551181102 42.51968503937008 Intéressante
796.0629921259842 901.1811023622047 173.6220472440945 42.51968503937008 épître,
922.4409448818898 901.1811023622047 141.73228346456693 42.51968503937008 toute
1016.9291338582677 901.1811023622047 190.15748031496062 42.51968503937008 relative
1158.6614173228347 901.1811023622047 79.13385826771653 42.51968503937008 à
1190.5511811023623 901.1811023622047 205.51181102362204 42.51968503937008 l'édition
1348.8188976377953 901.1811023622047 94.48818897637796 42.51968503937008 de
1396.0629921259842 901.1811023622047 173.6220472440945 42.51968503937008 Boileau
1522.4409448818897 901.1811023622047 237.4015748031496 42.51968503937008 accompagnée
1696.0629921259842 901.1811023622047 79.13385826771653 42.51968503937008 des

551.5748031496063 943.7007874015748 269.29133858267716 33.07086614173228 commentaires
770.0787401574803 943.7007874015748 100.39370078740157 33.07086614173228 de
803.1496062992126 943.7007874015748 201.96850393700788 33.07086614173228 Brossette.

467.7165354330709 992.1259842519685 145.2755905511811 57.874015748031496 86.
551.5748031496063 992.1259842519685 351.9685039370079 57.874015748031496 COCHIN
840.9448818897638 992.1259842519685 310.62992125984255 57.874015748031496 (Ch.-Nic.),
1090.1574803149606 992.1259842519685 206.69291338582678 57.874015748031496 habile
1235.4330708661416 992.1259842519685 249.21259842519686 57.874015748031496 graveur,
1422.0472440944882 992.1259842519685 186.61417322834646 57.874015748031496 garde
1546.0629921259842 992.1259842519685 124.01574803149606 57.874015748031496 du
1587.4015748031495 992.1259842519685 186.61417322834646 57.874015748031496 cabinet

519.6850393700787 1047.6377952755906 133.46456692913387 41.338582677165356 des
595.2755905511812 1047.6377952755906 210.23622047244095 41.338582677165356 dessins
748.8188976377953 1047.6377952755906 114.56692913385827 41.338582677165356 du
786.6141732283464 1047.6377952755906 114.56692913385827 41.338582677165356 roi.

569.2913385826772 1100.7874015748032 173.6220472440945 49.60629921259842 Pièce
685.0393700787401 1100.7874015748032 154.7244094488189 49.60629921259842 aut.
781.8897637795276 1100.7874015748032 173.6220472440945 49.60629921259842 sig.;
897.6377952755905 1100.7874015748032 193.70078740157481 49.60629921259842 Paris,
1033.4645669291338 1100.7874015748032 115.74803149606299 49.60629921259842 31
1091.3385826771653 1100.7874015748032 173.6220472440945 49.60629921259842 juil.
1207.0866141732283 1100.7874015748032 173.6220472440945 49.60629921259842 1760,
1322.8346456692914 1100.7874015748032 135.82677165354332 49.60629921259842 3/4
1400.7874015748032 1100.7874015748032 115.74803149606299 49.60629921259842 de
1458.6614173228347 1100.7874015748032 115.74803149606299 49.60629921259842 p.
1496.4566929133857 1100.7874015748032 135.82677165354332 49.60629921259842 in

584.6456692913385 1157.4803149606298 95.66929133858268 42.51968503937008 Il
633.0708661417323 1157.4803149606298 175.98425196850394 42.51968503937008 déclare
761.8110236220473 1157.4803149606298 144.09448818897638 42.51968503937008 avoir
857.4803149606299 1157.4803149606298 128.74015748031496 42.51968503937008 reçu
937.7952755905512 1157.4803149606298 95.66929133858268 42.51968503937008 de
986.2204724409448 1157.4803149606298 95.66929133858268 42.51968503937008 M.
1034.6456692913387 1157.4803149606298 160.62992125984252 42.51968503937008 Massé,
1146.8503937007874 1157.4803149606298 175.98425196850394 42.51968503937008 peintre
1274.4094488188975 1157.4803149606298 95.66929133858268 42.51968503937008 du
1322.8346456692914 1157.4803149606298 128.74015748031496 42.51968503937008 roi,
1403.1496062992126 1157.4803149606298 112.20472440944881 42.51968503937008 les
1466.9291338582677 1157.4803149606298 95.66929133858268 42.51968503937008 54
1515.3543307086613 1157.4803149606298 192.51968503937007 42.51968503937008 dessins,
1642.9133858267717 1157.4803149606298 128.74015748031496 42.51968503937008 exécu-

546.8503937007874 1196.4566929133857 113.38582677165354 42.51968503937008 tés
611.8110236220473 1196.4566929133857 113.38582677165354 42.51968503937008 par
676.7716535433071 1196.4566929133857 209.0551181102362 42.51968503937008 celui-ci,
837.4015748031496 1196.4566929133857 177.16535433070865 42.51968503937008 d’après
966.1417322834645 1196.4566929133857 113.38582677165354 42.51968503937008 les
1031.1023622047244 1196.4566929133857 193.70078740157481 42.51968503937008 tableaux
1176.3779527559054 1196.4566929133857 161.81102362204723 42.51968503937008 peints
1288.5826771653544 1196.4566929133857 113.38582677165354 42.51968503937008 par
1353.5433070866143 1196.4566929133857 113.38582677165354 42.51968503937008 Ch.
1418.5039370078741 1196.4566929133857 161.81102362204723 42.51968503937008 Lebrun
1530.708661417323 1196.4566929133857 128.74015748031496 42.51968503937008 dans
1611.023622047244 1196.4566929133857 96.85039370078741 42.51968503937008 la
1644.0944881889764 1196.4566929133857 128.74015748031496 42.51968503937008 grande

548.0314960629921 1236.6141732283465 167.71653543307087 40.15748031496063 galerie
670.8661417322835 1236.6141732283465 92.1259842519685 40.15748031496063 et
716.9291338582677 1236.6141732283465 107.48031496062993 40.15748031496063 les
777.1653543307086 1236.6141732283465 122.83464566929133 40.15748031496063 deux
853.9370078740158 1236.6141732283465 153.54330708661416 40.15748031496063 salons
961.4173228346457 1236.6141732283465 92.1259842519685 40.15748031496063 de
992.1259842519685 1236.6141732283465 198.4251968503937 40.15748031496063 Versailles.

465.3543307086614 1275.5905511811025 138.18897637795277 62.59842519685039 57.
544.488188976378 1275.5905511811025 315.3543307086614 62.59842519685039 COLLÉ
800.7874015748032 1275.5905511811025 197.24409448818898 62.59842519685039 (Ch.),
937.7952755905512 1275.5905511811025 216.14173228346456 62.59842519685039 célèbre
1096.0629921259842 1275.5905511811025 295.2755905511811 62.59842519685039 chansonnier
1331.1023622047244 1275.5905511811025 118.11023622047244 62.59842519685039 et
1390.1574803149606 1275.5905511811025 197.24409448818898 62.59842519685039 auteur
1508.267716535433 1275.5905511811025 256.2992125984252 62.59842519685039 dramatique.

562.2047244094488 1341.732283464567 119.29133858267717 49.60629921259842 L.
622.4409448818898 1341.732283464567 119.29133858267717 49.60629921259842 a.
681.496062992126 1341.732283464567 119.29133858267717 49.60629921259842 s.
741.7322834645669 1341.732283464567 119.29133858267717 49.60629921259842 au
800.7874015748032 1341.732283464567 238.58267716535434 49.60629921259842 comédien
980.3149606299213 1341.732283464567 258.66141732283467 49.60629921259842 Préville,
1178.740157480315 1341.732283464567 99.21259842519684 49.60629921259842 5
1218.8976377952756 1341.732283464567 179.5275590551181 49.60629921259842 juil.
1338.1889763779527 1341.732283464567 179.5275590551181 49.60629921259842 1778,
1457.4803149606298 1341.732283464567 99.21259842519684 49.60629921259842 1
1496.4566929133857 1341.732283464567 119.29133858267717 49.60629921259842 p.
1536.6141732283465 1341.732283464567 139.37007874015748 49.60629921259842 in

584.6456692913385 1396.0629921259842 199.60629921259843 43.7007874015748 Charmante
738.1889763779527 1396.0629921259842 153.54330708661416 43.7007874015748 épître
845.6692913385826 1396.0629921259842 184.251968503937 43.7007874015748 relative
985.0393700787401 1396.0629921259842 76.77165354330708 43.7007874015748 à
1015.7480314960629 1396.0629921259842 92.1259842519685 43.7007874015748 la
1061.8110236220473 1396.0629921259842 199.60629921259843 43.7007874015748 Partie
1215.3543307086613 1396.0629921259842 92.1259842519685 43.7007874015748 de
1261.4173228346456 1396.0629921259842 153.54330708661416 43.7007874015748 chasse
1368.8976377952756 1396.0629921259842 92.1259842519685 43.7007874015748 de
1414.9606299212599 1396.0629921259842 138.18897637795277 43.7007874015748 Henri
1508.267716535433 1396.0629921259842 168.89763779527559 43.7007874015748 IV,
1631.1023622047244 1396.0629921259842 92.1259842519685 43.7007874015748 sa
1661.8110236220473 1396.0629921259842 107.48031496062993 43.7007874015748 meil-

546.8503937007874 1439.763779527559 137.00787401574803 40.15748031496063 leure
622.4409448818898 1439.763779527559 121.65354330708661 40.15748031496063 pièce.

464.1732283464567 1489.3700787401574 142.91338582677164 54.330708661417326 58.
545.6692913385826 1489.3700787401574 346.06299212598424 54.330708661417326 CONTAT
830.3149606299213 1489.3700787401574 264.56692913385825 54.330708661417326 (Louise),
1033.4645669291338 1489.3700787401574 224.40944881889763 54.330708661417326 célèbre
1196.4566929133857 1489.3700787401574 305.90551181102364 54.330708661417326 comédienne,
1440.9448818897638 1489.3700787401574 183.0708661417323 54.330708661417326 femme
1563.7795275590552 1489.3700787401574 121.65354330708661 54.330708661417326 de
1603.9370078740158 1489.3700787401574 162.99212598425197 54.330708661417326 Parny.

565.7480314960629 1548.4251968503936 124.01574803149606 48.425196850393704 1°
628.3464566929134 1548.4251968503936 103.93700787401575 48.425196850393704 5
669.6850393700787 1548.4251968503936 227.95275590551182 48.425196850393704 billets
836.2204724409448 1548.4251968503936 165.35433070866142 48.425196850393704 aut.
938.9763779527559 1548.4251968503936 124.01574803149606 48.425196850393704 au
1001.5748031496063 1548.4251968503936 227.95275590551182 48.425196850393704 citoyen
1166.9291338582677 1548.4251968503936 227.95275590551182 48.425196850393704 Ségaux,
1333.4645669291338 1548.4251968503936 103.93700787401575 48.425196850393704 9
1374.8031496062993 1548.4251968503936 124.01574803149606 48.425196850393704 p.
1436.2204724409448 1548.4251968503936 206.69291338582678 48.425196850393704 in-18.
1581.4960629921259 1548.4251968503936 103.93700787401575 48.425196850393704 —
1622.8346456692914 1548.4251968503936 103.93700787401575 48.425196850393704 4
1644.0944881889764 1548.4251968503936 124.01574803149606 48.425196850393704 let.

517.3228346456693 1590.9448818897638 112.20472440944881 46.06299212598425 la
574.0157480314961 1590.9448818897638 281.1023622047244 46.06299212598425 concernant,
798.4251968503937 1590.9448818897638 150.0 46.06299212598425 dont
891.7322834645669 1590.9448818897638 93.30708661417323 46.06299212598425 2
929.5275590551181 1590.9448818897638 112.20472440944881 46.06299212598425 l.
985.0393700787401 1590.9448818897638 112.20472440944881 46.06299212598425 a.
1041.732283464567 1590.9448818897638 112.20472440944881 46.06299212598425 s.
1097.244094488189 1590.9448818897638 112.20472440944881 46.06299212598425 du
1153.9370078740158 1590.9448818897638 205.51181102362204 46.06299212598425 célèbre
1302.755905511811 1590.9448818897638 262.20472440944883 46.06299212598425 architecte
1508.267716535433 1590.9448818897638 186.61417322834646 46.06299212598425 Ch.
1620.4724409448818 1590.9448818897638 150.0 46.06299212598425 de

518.503937007874 1634.6456692913387 347.244094488189 49.60629921259842 Wailly,
806.6929133858267 1634.6456692913387 115.74803149606299 49.60629921259842 de
864.5669291338583 1634.6456692913387 173.6220472440945 49.60629921259842 1788,
980.3149606299213 1634.6456692913387 115.74803149606299 49.60629921259842 où
1038.1889763779527 1634.6456692913387 115.74803149606299 49.60629921259842 il
1096.0629921259842 1634.6456692913387 211.41732283464566 49.60629921259842 réclame
1250.7874015748032 1634.6456692913387 115.74803149606299 49.60629921259842 le
1308.6614173228347 1634.6456692913387 211.41732283464566 49.60629921259842 montant
1462.2047244094488 1634.6456692913387 134.64566929133858 49.60629921259842 des
1520.0787401574803 1634.6456692913387 250.39370078740157 49.60629921259842 décorations

513.7795275590552 1679.5275590551182 275.1968503937008 48.425196850393704 exécutées
725.1968503937007 1679.5275590551182 148.8188976377953 48.425196850393704 par
810.2362204724409 1679.5275590551182 148.8188976377953 48.425196850393704 lui
895.2755905511812 1679.5275590551182 168.89763779527559 48.425196850393704 dans
1001.5748031496063 1679.5275590551182 127.55905511811024 48.425196850393704 sa
1042.9133858267717 1679.5275590551182 148.8188976377953 48.425196850393704 loge.

465.3543307086614 1737.4015748031495 135.82677165354332 55.511811023622045 59.
542.1259842519685 1737.4015748031495 311.81102362204723 55.511811023622045 COURT
796.0629921259842 1737.4015748031495 389.76377952755905 55.511811023622045 (Joseph-Désiré),
1126.7716535433071 1737.4015748031495 213.7795275590551 55.511811023622045 célèbre
1282.6771653543308 1737.4015748031495 213.7795275590551 55.511811023622045 peintre
1438.5826771653544 1737.4015748031495 272.8346456692913 55.511811023622045 d’histoire
1652.3622047244094 1737.4015748031495 116.92913385826772 55.511811023622045 et
1691.3385826771653 1737.4015748031495 77.95275590551181 55.511811023622045 de

499.6062992125984 1791.732283464567 212.5984251968504 50.78740157480315 portraits.

563.3858267716536 1847.244094488189 111.02362204724409 44.881889763779526 L.
618.8976377952756 1847.244094488189 111.02362204724409 44.881889763779526 a.
674.4094488188977 1847.244094488189 128.74015748031496 44.881889763779526 s.,
748.8188976377953 1847.244094488189 166.53543307086613 44.881889763779526 1837,
858.6614173228346 1847.244094488189 92.1259842519685 44.881889763779526 1
895.2755905511812 1847.244094488189 111.02362204724409 44.881889763779526 p.
933.0708661417323 1847.244094488189 128.74015748031496 44.881889763779526 in

465.3543307086614 1902.755905511811 147.63779527559055 57.874015748031496 60.
549.2125984251968 1902.755905511811 377.9527559055118 57.874015748031496 COUTHON
864.5669291338583 1902.755905511811 294.09448818897636 57.874015748031496 (Georges),
1096.0629921259842 1902.755905511811 231.49606299212599 57.874015748031496 célèbre
1263.7795275590552 1902.755905511811 377.9527559055118 57.874015748031496 conventionnel,
1557.8740157480315 1902.755905511811 210.23622047244095 57.874015748031496 décapité

514.9606299212599 1955.9055118110236 164.17322834645668 51.968503937007874 avec
596.4566929133858 1955.9055118110236 287.00787401574803 51.968503937007874 Robespierre.

562.2047244094488 2011.4173228346456 126.37795275590551 48.425196850393704 L.
625.9842519685039 2011.4173228346456 126.37795275590551 48.425196850393704 a.
689.7637795275591 2011.4173228346456 126.37795275590551 48.425196850393704 s.
752.3622047244095 2011.4173228346456 106.2992125984252 48.425196850393704 à
794.8818897637796 2011.4173228346456 253.93700787401573 48.425196850393704 Gaultier
985.0393700787401 2011.4173228346456 126.37795275590551 48.425196850393704 de
1048.8188976377953 2011.4173228346456 253.93700787401573 48.425196850393704 Biauzat,
1238.976377952756 2011.4173228346456 211.41732283464566 48.425196850393704 député
1387.7952755905512 2011.4173228346456 106.2992125984252 48.425196850393704 à
1429.1338582677165 2011.4173228346456 317.7165354330709 48.425196850393704 l’Assemblée
1661.8110236220473 2011.4173228346456 106.2992125984252 48.425196850393704 na-

512.5984251968504 2055.1181102362207 251.5748031496063 51.968503937007874 tionale;
701.5748031496063 2055.1181102362207 292.9133858267717 51.968503937007874 (Clermont,
931.8897637795276 2055.1181102362207 146.45669291338584 51.968503937007874 fin
1014.5669291338583 2055.1181102362207 187.79527559055117 51.968503937007874 janv.
1140.9448818897638 2055.1181102362207 209.0551181102362 51.968503937007874 1790),
1287.4015748031495 2055.1181102362207 105.11811023622047 51.968503937007874 1
1328.740157480315 2055.1181102362207 125.19685039370079 51.968503937007874 p.
1391.3385826771653 2055.1181102362207 187.79527559055117 51.968503937007874 in-4,
1516.5354330708662 2055.1181102362207 167.71653543307087 51.968503937007874 beau
1600.3937007874015 2055.1181102362207 167.71653543307087 51.968503937007874 cachet

513.7795275590552 2101.181102362205 153.54330708661416 40.15748031496063 aux
602.3622047244095 2101.181102362205 197.24409448818898 40.15748031496063 armes
733.4645669291339 2101.181102362205 131.10236220472441 40.15748031496063 de
798.4251968503937 2101.181102362205 131.10236220472441 40.15748031496063 la
864.5669291338583 2101.181102362205 197.24409448818898 40.15748031496063 ville
995.6692913385826 2101.181102362205 131.10236220472441 40.15748031496063 de
1039.3700787401574 2101.181102362205 240.9448818897638 40.15748031496063 Clermont.

582.2834645669292 2154.3307086614172 194.88188976377953 38.976377952755904 Relative
728.7401574803149 2154.3307086614172 81.49606299212599 38.976377952755904 à
761.8110236220473 2154.3307086614172 98.03149606299213 38.976377952755904 la
810.2362204724409 2154.3307086614172 227.95275590551182 38.976377952755904 nomination
989.7637795275591 2154.3307086614172 98.03149606299213 38.976377952755904 de
1038.1889763779527 2154.3307086614172 179.5275590551181 38.976377952755904 Biauzat
1168.1102362204724 2154.3307086614172 81.49606299212599 38.976377952755904 à
1201.1811023622047 2154.3307086614172 98.03149606299213 38.976377952755904 la
1249.6062992125985 2154.3307086614172 162.99212598425197 38.976377952755904 mairie
1364.1732283464567 2154.3307086614172 98.03149606299213 38.976377952755904 de
1396.0629921259842 2154.3307086614172 179.5275590551181 38.976377952755904 Clermont.

466.53543307086613 2211.0236220472443 134.64566929133858 53.1496062992126 61.
543.3070866141733 2211.0236220472443 325.98425196850394 53.1496062992126 CUVIER
811.4173228346457 2211.0236220472443 268.1102362204724 53.1496062992126 (Georges),
1022.8346456692914 2211.0236220472443 230.31496062992127 53.1496062992126 illustre
1176.3779527559054 2211.0236220472443 268.1102362204724 53.1496062992126 naturaliste.

562.2047244094488 2268.8976377952754 128.74015748031496 48.425196850393704 L.
625.9842519685039 2268.8976377952754 128.74015748031496 48.425196850393704 a.
690.9448818897638 2268.8976377952754 150.0 48.425196850393704 s.,
777.1653543307086 2268.8976377952754 193.70078740157481 48.425196850393704 comme
905.9055118110236 2268.8976377952754 301.18110236220474 48.425196850393704 secrétaire
1142.1259842519685 2268.8976377952754 278.74015748031496 48.425196850393704 perpétuel
1357.0866141732283 2268.8976377952754 128.74015748031496 48.425196850393704 de
1420.8661417322835 2268.8976377952754 236.2204724409449 48.425196850393704 l’Acad.
1570.8661417322835 2268.8976377952754 193.70078740157481 48.425196850393704 franc.,

513.7795275590552 2313.779527559055 124.01574803149606 46.06299212598425 au
575.1968503937007 2313.779527559055 185.43307086614172 46.06299212598425 baron
699.2125984251968 2313.779527559055 124.01574803149606 46.06299212598425 de
760.6299212598425 2313.779527559055 185.43307086614172 46.06299212598425 Bock;
884.6456692913385 2313.779527559055 206.69291338582678 46.06299212598425 Paris,
1028.740157480315 2313.779527559055 185.43307086614172 46.06299212598425 1828,
1152.755905511811 2313.779527559055 102.75590551181102 46.06299212598425 1
1194.0944881889764 2313.779527559055 124.01574803149606 46.06299212598425 p.
1235.4330708661416 2313.779527559055 144.09448818897638 46.06299212598425 in

464.1732283464567 2369.2913385826773 138.18897637795277 55.511811023622045 62.
543.3070866141733 2369.2913385826773 315.3543307086614 55.511811023622045 DAVID
799.6062992125984 2369.2913385826773 295.2755905511811 55.511811023622045 (Félicien),
1035.8267716535433 2369.2913385826773 216.14173228346456 55.511811023622045 célèbre
1192.9133858267717 2369.2913385826773 295.2755905511811 55.511811023622045 compositeur
1429.1338582677165 2369.2913385826773 118.11023622047244 55.511811023622045 de
1468.1102362204724 2369.2913385826773 197.24409448818898 55.511811023622045 musique.

565.7480314960629 2427.165354330709 330.70866141732284 49.60629921259842 Sérénade
844.488188976378 2427.165354330709 139.37007874015748 49.60629921259842 aut.
931.8897637795276 2427.165354330709 157.08661417322836 49.60629921259842 sig.,
1035.8267716535433 2427.165354330709 191.33858267716536 49.60629921259842 paroles
1175.1968503937007 2427.165354330709 103.93700787401575 49.60629921259842 et
1227.1653543307086 2427.165354330709 209.0551181102362 49.60629921259842 musique,
1384.251968503937 2427.165354330709 87.4015748031496 49.60629921259842 3
1418.5039370078741 2427.165354330709 103.93700787401575 49.60629921259842 p.
1471.6535433070867 2427.165354330709 121.65354330708661 49.60629921259842 1/2
1523.6220472440946 2427.165354330709 121.65354330708661 49.60629921259842 in

464.1732283464567 2483.8582677165355 152.36220472440945 54.330708661417326 63.
550.3937007874016 2483.8582677165355 433.46456692913387 54.330708661417326 DELACROIX
918.8976377952756 2483.8582677165355 238.58267716535434 54.330708661417326 (Eug.),
1092.5196850393702 2483.8582677165355 238.58267716535434 54.330708661417326 célèbre
1266.1417322834645 2483.8582677165355 238.58267716535434 54.330708661417326 peintre
1439.763779527559 2483.8582677165355 325.98425196850394 54.330708661417326 d'histoire,
1679.5275590551182 2483.8582677165355 86.22047244094489 54.330708661417326 de

496.06299212598424 2539.3700787401576 219.68503937007873 42.51968503937008 l’Institut.

561.0236220472441 2592.51968503937 118.11023622047244 47.24409448818898 L.
620.0787401574803 2592.51968503937 118.11023622047244 47.24409448818898 a.
679.1338582677165 2592.51968503937 118.11023622047244 47.24409448818898 s.
738.1889763779527 2592.51968503937 98.03149606299213 47.24409448818898 à
778.3464566929134 2592.51968503937 118.11023622047244 47.24409448818898 M.
837.4015748031496 2592.51968503937 197.24409448818898 47.24409448818898 Souty,
974.4094488188977 2592.51968503937 118.11023622047244 47.24409448818898 21
1033.4645669291338 2592.51968503937 177.16535433070865 47.24409448818898 sept.
1152.755905511811 2592.51968503937 177.16535433070865 47.24409448818898 1848,
1270.8661417322835 2592.51968503937 98.03149606299213 47.24409448818898 1
1309.8425196850394 2592.51968503937 118.11023622047244 47.24409448818898 p.
1348.8188976377953 2592.51968503937 138.18897637795277 47.24409448818898 in

579.9212598425197 2642.1259842519685 179.5275590551181 42.51968503937008 Conseil
711.0236220472441 2642.1259842519685 129.92125984251967 42.51968503937008 pour
792.5196850393701 2642.1259842519685 98.03149606299213 42.51968503937008 le
840.9448818897638 2642.1259842519685 211.41732283464566 42.51968503937008 placement
1003.9370078740158 2642.1259842519685 129.92125984251967 42.51968503937008 d'un
1068.8976377952756 2642.1259842519685 162.99212598425197 42.51968503937008 tableau.

461.81102362204723 2683.464566929134 154.7244094488189 63.77952755905512 64.
550.3937007874016 2683.464566929134 198.4251968503937 63.77952755905512 LE
682.6771653543307 2683.464566929134 287.00787401574803 63.77952755905512 MÊME.
903.5433070866142 2683.464566929134 132.28346456692913 63.77952755905512 L.
969.6850393700787 2683.464566929134 132.28346456692913 63.77952755905512 a.
1035.8267716535433 2683.464566929134 132.28346456692913 63.77952755905512 s.
1101.9685039370079 2683.464566929134 109.84251968503936 63.77952755905512 à
1146.8503937007874 2683.464566929134 132.28346456692913 63.77952755905512 M.
1212.992125984252 2683.464566929134 220.86614173228347 63.77952755905512 Motte,
1367.716535433071 2683.464566929134 353.1496062992126 63.77952755905512 lithographe,
1654.724409448819 2683.464566929134 109.84251968503936 63.77952755905512 1
1675.984251968504 2683.464566929134 88.58267716535433 63.77952755905512 p.

496.06299212598424 2749.6062992125985 122.83464566929133 33.07086614173228 in

577.5590551181102 2789.763779527559 99.21259842519684 43.7007874015748 Il
627.1653543307086 2789.763779527559 180.70866141732284 43.7007874015748 demande
758.2677165354331 2789.763779527559 115.74803149606299 43.7007874015748 une
824.4094488188977 2789.763779527559 164.17322834645668 43.7007874015748 pierre
940.1574803149606 2789.763779527559 131.10236220472441 43.7007874015748 pour
1021.6535433070866 2789.763779527559 115.74803149606299 43.7007874015748 une
1087.7952755905512 2789.763779527559 263.38582677165357 43.7007874015748 lithographie
1301.5748031496064 2789.763779527559 99.21259842519684 43.7007874015748 de
1351.1811023622047 2789.763779527559 99.21259842519684 43.7007874015748 la
1400.7874015748032 2789.763779527559 213.7795275590551 43.7007874015748 dimension
1564.9606299212599 2789.763779527559 99.21259842519684 43.7007874015748 de
1614.5669291338584 2789.763779527559 147.63779527559055 43.7007874015748 celle
1696.0629921259842 2789.763779527559 66.14173228346456 43.7007874015748 du

538.5826771653543 2834.6456692913384 148.8188976377953 30.708661417322833 Giaour.
