2192.1259842519685 3367.3228346456694
947.2440944881889 403.93700787401576 167.71653543307087 60.23622047244095 —
1013.3858267716536 403.93700787401576 200.78740157480314 60.23622047244095 11
1080.708661417323 403.93700787401576 100.39370078740157 60.23622047244095 —

420.4724409448819 480.70866141732284 157.08661417322836 67.32283464566929 65.
510.23622047244095 480.70866141732284 201.96850393700788 67.32283464566929 LE
644.8818897637796 480.70866141732284 291.73228346456693 67.32283464566929 MÊME.
869.2913385826772 480.70866141732284 179.5275590551181 67.32283464566929 Deux
981.496062992126 480.70866141732284 246.8503937007874 67.32283464566929 croquis
1159.8425196850394 480.70866141732284 134.64566929133858 67.32283464566929 au
1227.1653543307086 480.70866141732284 246.8503937007874 67.32283464566929 crayon,
1406.6929133858268 480.70866141732284 224.40944881889763 67.32283464566929 études
1541.3385826771653 480.70866141732284 179.5275590551181 67.32283464566929 diffé-

472.4409448818898 543.3070866141733 188.9763779527559 46.06299212598425 rentes
604.7244094488188 543.3070866141733 113.38582677165354 46.06299212598425 de
661.4173228346457 543.3070866141733 132.28346456692913 46.06299212598425 son
737.007874015748 543.3070866141733 207.8740157480315 46.06299212598425 tableau
888.1889763779527 543.3070866141733 113.38582677165354 46.06299212598425 du
944.8818897637796 543.3070866141733 340.15748031496065 46.06299212598425 Giaour,
1228.3464566929133 543.3070866141733 94.48818897637796 46.06299212598425 2
1266.1417322834645 543.3070866141733 226.77165354330708 46.06299212598425 feuilles
1436.2204724409448 543.3070866141733 170.07874015748033 46.06299212598425 in-4,
1549.6062992125985 543.3070866141733 132.28346456692913 46.06299212598425 sur
1606.2992125984251 543.3070866141733 113.38582677165354 46.06299212598425 les-

467.7165354330709 587.007874015748 264.56692913385825 48.425196850393704 quelles
659.0551181102362 587.007874015748 144.09448818897638 48.425196850393704 se
732.2834645669292 587.007874015748 288.18897637795277 48.425196850393704 trouvent
948.4251968503937 587.007874015748 288.18897637795277 48.425196850393704 d’autres
1164.5669291338584 587.007874015748 240.9448818897638 48.425196850393704 petits
1332.283464566929 587.007874015748 264.56692913385825 48.425196850393704 dessins
1524.8031496062993 587.007874015748 144.09448818897638 48.425196850393704 du
1573.2283464566929 587.007874015748 144.09448818897638 48.425196850393704 même

450.0 633.0708661417323 192.51968503937007 35.43307086614173 maître.

412.20472440944883 687.4015748031496 150.0 53.1496062992126 66.
497.244094488189 687.4015748031496 428.74015748031496 53.1496062992126 DELAROCHE
862.2047244094488 687.4015748031496 235.03937007874015 53.1496062992126 (Paul),
1033.4645669291338 687.4015748031496 192.51968503937007 53.1496062992126 grand
1162.2047244094488 687.4015748031496 235.03937007874015 53.1496062992126 peintre
1333.4645669291338 687.4015748031496 321.25984251968504 53.1496062992126 d’histoire,
1568.5039370078741 687.4015748031496 150.0 53.1496062992126 memb.

473.62204724409446 740.5511811023622 107.48031496062993 37.79527559055118 de
509.0551181102362 740.5511811023622 232.6771653543307 37.79527559055118 l'Institut.

520.8661417322835 796.0629921259842 111.02362204724409 46.06299212598425 L.
576.3779527559055 796.0629921259842 111.02362204724409 46.06299212598425 a.
631.8897637795276 796.0629921259842 128.74015748031496 46.06299212598425 s.,
706.2992125984252 796.0629921259842 111.02362204724409 46.06299212598425 21
760.6299212598425 796.0629921259842 147.63779527559055 46.06299212598425 fév.
853.9370078740158 796.0629921259842 166.53543307086613 46.06299212598425 1845,
963.7795275590552 796.0629921259842 92.1259842519685 46.06299212598425 1
1000.3937007874016 796.0629921259842 111.02362204724409 46.06299212598425 p.
1038.1889763779527 796.0629921259842 128.74015748031496 46.06299212598425 in

540.9448818897638 849.2125984251968 93.30708661417323 41.338582677165356 Il
587.007874015748 849.2125984251968 186.61417322834646 41.338582677165356 regrette
727.5590551181102 849.2125984251968 93.30708661417323 41.338582677165356 de
774.8031496062993 849.2125984251968 93.30708661417323 41.338582677165356 ne
820.8661417322835 849.2125984251968 171.25984251968504 41.338582677165356 pouvoir
946.0629921259842 849.2125984251968 171.25984251968504 41.338582677165356 montrer
1071.259842519685 849.2125984251968 108.66141732283465 41.338582677165356 les
1132.6771653543308 849.2125984251968 186.61417322834646 41.338582677165356 tableaux
1273.2283464566929 849.2125984251968 140.5511811023622 41.338582677165356 qu’il
1366.5354330708662 849.2125984251968 77.95275590551181 41.338582677165356 a
1398.4251968503936 849.2125984251968 155.90551181102362 41.338582677165356 peints
1507.0866141732283 849.2125984251968 93.30708661417323 41.338582677165356 en
1554.3307086614172 849.2125984251968 171.25984251968504 41.338582677165356 Italie,
1662.992125984252 849.2125984251968 62.59842519685039 41.338582677165356 et

503.1496062992126 891.7322834645669 112.20472440944881 36.61417322834646 qui
568.1102362204724 891.7322834645669 128.74015748031496 36.61417322834646 sont
648.4251968503937 891.7322834645669 144.09448818897638 36.61417322834646 entre
744.0944881889764 891.7322834645669 112.20472440944881 36.61417322834646 les
807.8740157480315 891.7322834645669 144.09448818897638 36.61417322834646 mains
904.7244094488188 891.7322834645669 112.20472440944881 36.61417322834646 des
953.1496062992126 891.7322834645669 175.98425196850394 36.61417322834646 graveurs.

421.65354330708664 941.3385826771654 154.7244094488189 51.968503937007874 67.
510.23622047244095 941.3385826771654 462.99212598425197 51.968503937007874 DÉSAUGIERS
907.0866141732283 941.3385826771654 264.56692913385825 51.968503937007874 (M.-A.),
1106.6929133858268 941.3385826771654 132.28346456692913 51.968503937007874 le
1172.8346456692914 941.3385826771654 177.16535433070865 51.968503937007874 plus
1282.6771653543308 941.3385826771654 154.7244094488189 51.968503937007874 gai
1371.259842519685 941.3385826771654 132.28346456692913 51.968503937007874 de
1437.4015748031495 941.3385826771654 154.7244094488189 51.968503937007874 nos
1503.5433070866143 941.3385826771654 220.86614173228347 51.968503937007874 chanson

454.7244094488189 994.488188976378 141.73228346456693 38.976377952755904 niers.

519.6850393700787 1048.8188976377953 124.01574803149606 49.60629921259842 1°
582.2834645669292 1048.8188976377953 165.35433070866142 49.60629921259842 let.
686.2204724409448 1048.8188976377953 186.61417322834646 49.60629921259842 aut.,
810.2362204724409 1048.8188976377953 269.29133858267716 49.60629921259842 paraphée,
1016.9291338582677 1048.8188976377953 145.2755905511811 49.60629921259842 aux
1099.6062992125985 1048.8188976377953 393.3070866141732 49.60629921259842 administrateurs
1430.3149606299212 1048.8188976377953 124.01574803149606 49.60629921259842 du
1471.6535433070867 1048.8188976377953 248.03149606299212 49.60629921259842 Vaudeville

475.98425196850394 1093.7007874015749 166.53543307086613 48.425196850393704 1826,
587.007874015748 1093.7007874015749 92.1259842519685 48.425196850393704 3
624.8031496062993 1093.7007874015749 111.02362204724409 48.425196850393704 p.
679.1338582677165 1093.7007874015749 166.53543307086613 48.425196850393704 in-4.
790.1574803149606 1093.7007874015749 92.1259842519685 48.425196850393704 —
827.9527559055118 1093.7007874015749 111.02362204724409 48.425196850393704 2°
883.4645669291339 1093.7007874015749 111.02362204724409 48.425196850393704 l.
938.9763779527559 1093.7007874015749 111.02362204724409 48.425196850393704 a.
993.3070866141733 1093.7007874015749 129.92125984251967 48.425196850393704 s.,
1067.716535433071 1093.7007874015749 166.53543307086613 48.425196850393704 1827,
1178.740157480315 1093.7007874015749 92.1259842519685 48.425196850393704 1
1215.3543307086613 1093.7007874015749 111.02362204724409 48.425196850393704 p.
1251.9685039370079 1093.7007874015749 129.92125984251967 48.425196850393704 in

539.7637795275591 1148.0314960629921 92.1259842519685 40.15748031496063 La
585.8267716535433 1148.0314960629921 184.251968503937 40.15748031496063 première
724.0157480314961 1148.0314960629921 168.89763779527559 40.15748031496063 lettre,
846.8503937007874 1148.0314960629921 122.83464566929133 40.15748031496063 très
923.6220472440945 1148.0314960629921 199.60629921259843 40.15748031496063 curieuse,
1078.3464566929133 1148.0314960629921 107.48031496062993 40.15748031496063 est
1139.763779527559 1148.0314960629921 184.251968503937 40.15748031496063 relative
1277.9527559055118 1148.0314960629921 76.77165354330708 40.15748031496063 à
1293.3070866141732 1148.0314960629921 184.251968503937 40.15748031496063 Lepeintre.

424.01574803149606 1203.5433070866143 134.64566929133858 38.976377952755904 68.
500.78740157480314 1203.5433070866143 346.06299212598424 38.976377952755904 DlVERS.
788.9763779527559 1203.5433070866143 95.66929133858268 38.976377952755904 6
807.8740157480315 1203.5433070866143 192.51968503937007 38.976377952755904 lettres.

517.3228346456693 1259.0551181102362 184.251968503937 46.06299212598425 CARON
640.1574803149606 1259.0551181102362 265.748031496063 46.06299212598425 (l'abbé),
844.488188976378 1259.0551181102362 122.83464566929133 46.06299212598425 l.
905.9055118110236 1259.0551181102362 122.83464566929133 46.06299212598425 a.
967.3228346456693 1259.0551181102362 142.91338582677164 46.06299212598425 s.,
1048.8188976377953 1259.0551181102362 184.251968503937 46.06299212598425 1815,
1171.6535433070867 1259.0551181102362 102.75590551181102 46.06299212598425 1
1211.8110236220473 1259.0551181102362 122.83464566929133 46.06299212598425 p.
1273.2283464566929 1259.0551181102362 184.251968503937 46.06299212598425 in-4.
1396.0629921259842 1259.0551181102362 102.75590551181102 46.06299212598425 —
1416.1417322834645 1259.0551181102362 307.0866141732283 46.06299212598425 LALLY-

467.7165354330709 1302.755905511811 167.71653543307087 46.06299212598425 DAL,
572.8346456692914 1302.755905511811 187.79527559055117 46.06299212598425 1814,
698.0314960629921 1302.755905511811 103.93700787401575 46.06299212598425 1
739.3700787401575 1302.755905511811 125.19685039370079 46.06299212598425 p.
801.9685039370079 1302.755905511811 187.79527559055117 46.06299212598425 in-4.
928.3464566929134 1302.755905511811 103.93700787401575 46.06299212598425 —
969.6850393700787 1302.755905511811 146.45669291338584 46.06299212598425 ROY
1053.5433070866143 1302.755905511811 146.45669291338584 46.06299212598425 (le
1137.4015748031495 1302.755905511811 230.31496062992127 46.06299212598425 comte),
1303.9370078740158 1302.755905511811 125.19685039370079 46.06299212598425 an
1366.5354330708662 1302.755905511811 146.45669291338584 46.06299212598425 II,
1450.3937007874015 1302.755905511811 103.93700787401575 46.06299212598425 1
1491.732283464567 1302.755905511811 125.19685039370079 46.06299212598425 p.
1554.3307086614172 1302.755905511811 187.79527559055117 46.06299212598425 in-4.
1659.4488188976377 1302.755905511811 62.59842519685039 46.06299212598425 —

465.3543307086614 1345.275590551181 219.68503937007873 49.60629921259842 Lettre
620.0787401574803 1345.275590551181 175.98425196850394 49.60629921259842 sig.
728.7401574803149 1345.275590551181 132.28346456692913 49.60629921259842 de
794.8818897637796 1345.275590551181 240.9448818897638 49.60629921259842 Guizot,
970.8661417322835 1345.275590551181 263.38582677165357 49.60629921259842 François
1168.1102362204724 1345.275590551181 132.28346456692913 49.60629921259842 de
1234.251968503937 1345.275590551181 350.78740157480314 49.60629921259842 Neufchateau,
1497.6377952755906 1345.275590551181 219.68503937007873 49.60629921259842 Ferrant.

419.29133858267716 1406.6929133858268 152.36220472440945 49.60629921259842 69.
505.51181102362204 1406.6929133858268 413.38582677165357 49.60629921259842 DONGOIS,
853.9370078740158 1406.6929133858268 261.0236220472441 49.60629921259842 greffier
1050.0 1406.6929133858268 131.10236220472441 49.60629921259842 en
1116.1417322834645 1406.6929133858268 174.8031496062992 49.60629921259842 chef
1224.8031496062993 1406.6929133858268 131.10236220472441 49.60629921259842 du
1289.763779527559 1406.6929133858268 304.7244094488189 49.60629921259842 Parlement,
1529.5275590551182 1406.6929133858268 196.06299212598427 49.60629921259842 neveu
1638.1889763779527 1406.6929133858268 87.4015748031496 49.60629921259842 de

467.7165354330709 1455.1181102362204 245.66929133858267 49.60629921259842 Boileau,
651.9685039370079 1455.1181102362204 144.09448818897638 49.60629921259842 qui
733.4645669291339 1455.1181102362204 122.83464566929133 49.60629921259842 en
794.8818897637796 1455.1181102362204 184.251968503937 49.60629921259842 parle
918.8976377952756 1455.1181102362204 225.59055118110237 49.60629921259842 souvent
1081.8897637795276 1455.1181102362204 164.17322834645668 49.60629921259842 dans
1184.6456692913387 1455.1181102362204 122.83464566929133 49.60629921259842 sa
1225.984251968504 1455.1181102362204 348.4251968503937 49.60629921259842 correspondance.

519.6850393700787 1512.992125984252 100.39370078740157 47.24409448818898 L.
569.2913385826772 1512.992125984252 100.39370078740157 47.24409448818898 a.
620.0787401574803 1512.992125984252 116.92913385826772 47.24409448818898 s.;
686.2204724409448 1512.992125984252 166.53543307086613 47.24409448818898 Paris,
803.1496062992126 1512.992125984252 83.85826771653544 47.24409448818898 6
836.2204724409448 1512.992125984252 133.46456692913387 47.24409448818898 juin
920.0787401574803 1512.992125984252 150.0 47.24409448818898 1695,
1020.4724409448819 1512.992125984252 83.85826771653544 47.24409448818898 3
1053.5433070866143 1512.992125984252 100.39370078740157 47.24409448818898 p.
1104.3307086614172 1512.992125984252 133.46456692913387 47.24409448818898 pet.
1187.007874015748 1512.992125984252 150.0 47.24409448818898 in-4.
1287.4015748031495 1512.992125984252 200.78740157480314 47.24409448818898 Belle
1420.8661417322835 1512.992125984252 200.78740157480314 47.24409448818898 pièce.

538.5826771653543 1568.5039370078741 190.15748031496062 40.15748031496063 Relative
680.3149606299213 1568.5039370078741 111.02362204724409 40.15748031496063 aux
744.0944881889764 1568.5039370078741 158.26771653543307 40.15748031496063 droits
855.1181102362204 1568.5039370078741 94.48818897637796 40.15748031496063 de
902.3622047244095 1568.5039370078741 205.51181102362204 40.15748031496063 préséance
1060.6299212598426 1568.5039370078741 111.02362204724409 40.15748031496063 des
1124.4094488188975 1568.5039370078741 173.6220472440945 40.15748031496063 princes
1250.7874015748032 1568.5039370078741 94.48818897637796 40.15748031496063 et
1298.0314960629921 1568.5039370078741 111.02362204724409 40.15748031496063 des
1361.8110236220473 1568.5039370078741 237.4015748031496 40.15748031496063 dignitaires
1551.9685039370079 1568.5039370078741 94.48818897637796 40.15748031496063 de
1599.2125984251968 1568.5039370078741 94.48818897637796 40.15748031496063 la
1631.1023622047244 1568.5039370078741 94.48818897637796 40.15748031496063 cou-

503.1496062992126 1600.3937007874015 157.08661417322836 46.06299212598425 ronne.
612.992125984252 1600.3937007874015 77.95275590551181 46.06299212598425 —
643.7007874015748 1600.3937007874015 94.48818897637796 46.06299212598425 M.
690.9448818897638 1600.3937007874015 219.68503937007873 46.06299212598425 Despréaux,
863.3858267716536 1600.3937007874015 109.84251968503936 46.06299212598425 qui
925.9842519685039 1600.3937007874015 94.48818897637796 46.06299212598425 le
973.2283464566929 1600.3937007874015 125.19685039370079 46.06299212598425 voit
1052.3622047244094 1600.3937007874015 157.08661417322836 46.06299212598425 écrire
1162.2047244094488 1600.3937007874015 141.73228346456693 46.06299212598425 cette
1255.5118110236222 1600.3937007874015 172.44094488188978 46.06299212598425 lettre,
1381.8897637795276 1600.3937007874015 94.48818897637796 46.06299212598425 le
1429.1338582677165 1600.3937007874015 157.08661417322836 46.06299212598425 charge
1538.976377952756 1600.3937007874015 94.48818897637796 46.06299212598425 de
1569.6850393700788 1600.3937007874015 157.08661417322836 46.06299212598425 rappeler

497.244094488189 1646.4566929133857 120.4724409448819 37.79527559055118 les
566.9291338582677 1646.4566929133857 257.4803149606299 37.79527559055118 ordonnances
772.4409448818898 1646.4566929133857 137.00787401574803 37.79527559055118 pour
858.6614173228346 1646.4566929133857 102.75590551181102 37.79527559055118 M.
892.9133858267717 1646.4566929133857 154.7244094488189 37.79527559055118 Racine.

420.4724409448819 1703.1496062992126 139.37007874015748 51.968503937007874 70.
500.78740157480314 1703.1496062992126 338.9763779527559 51.968503937007874 DOUCET
779.5275590551181 1703.1496062992126 278.74015748031496 51.968503937007874 (Camille),
999.2125984251968 1703.1496062992126 179.5275590551181 51.968503937007874 poète
1118.5039370078741 1703.1496062992126 239.76377952755905 51.968503937007874 dramat.,
1298.0314960629921 1703.1496062992126 119.29133858267717 51.968503937007874 de
1358.267716535433 1703.1496062992126 219.68503937007873 51.968503937007874 l’Acad.
1497.6377952755906 1703.1496062992126 159.4488188976378 51.968503937007874 franç.

518.503937007874 1762.2047244094488 105.11811023622047 46.06299212598425 L.
571.6535433070866 1762.2047244094488 105.11811023622047 46.06299212598425 a.
623.6220472440945 1762.2047244094488 121.65354330708661 46.06299212598425 s.,
693.3070866141733 1762.2047244094488 105.11811023622047 46.06299212598425 15
745.2755905511812 1762.2047244094488 157.08661417322836 46.06299212598425 janv.
850.3937007874016 1762.2047244094488 157.08661417322836 46.06299212598425 1845,
954.3307086614174 1762.2047244094488 87.4015748031496 46.06299212598425 3
989.7637795275591 1762.2047244094488 105.11811023622047 46.06299212598425 p.
1041.732283464567 1762.2047244094488 139.37007874015748 46.06299212598425 pet.
1129.1338582677165 1762.2047244094488 157.08661417322836 46.06299212598425 in-4.
1234.251968503937 1762.2047244094488 348.4251968503937 46.06299212598425 Curieuse.
1530.708661417323 1762.2047244094488 105.11811023622047 46.06299212598425 Un
1582.6771653543308 1762.2047244094488 121.65354330708661 46.06299212598425 peu
1634.6456692913387 1762.2047244094488 87.4015748031496 46.06299212598425 ro-

467.7165354330709 1807.0866141732283 177.16535433070865 44.881889763779526 gnée
578.7401574803149 1807.0866141732283 177.16535433070865 44.881889763779526 dans
688.5826771653543 1807.0866141732283 154.7244094488189 44.881889763779526 les
755.9055118110236 1807.0866141732283 198.4251968503937 44.881889763779526 marges.

422.8346456692913 1870.8661417322835 124.01574803149606 50.78740157480315 71.
493.7007874015748 1870.8661417322835 283.46456692913387 50.78740157480315 DUPIN
724.0157480314961 1870.8661417322835 230.31496062992127 50.78740157480315 (M.-M.-G.
902.3622047244095 1870.8661417322835 106.2992125984252 50.78740157480315 de
955.511811023622 1870.8661417322835 373.2283464566929 50.78740157480315 Fontaine),
1274.4094488188975 1870.8661417322835 159.4488188976378 50.78740157480315 fille
1380.708661417323 1870.8661417322835 106.2992125984252 50.78740157480315 de
1435.0393700787401 1870.8661417322835 177.16535433070865 50.78740157480315 Samuel
1541.3385826771653 1870.8661417322835 177.16535433070865 50.78740157480315 Bernard,

465.3543307086614 1920.4724409448818 212.5984251968504 49.60629921259842 épouse
614.1732283464567 1920.4724409448818 127.55905511811024 49.60629921259842 du
677.9527559055118 1920.4724409448818 233.85826771653544 49.60629921259842 fermier
848.0314960629921 1920.4724409448818 255.11811023622047 49.60629921259842 général,
1039.3700787401574 1920.4724409448818 170.07874015748033 49.60629921259842 amie
1146.8503937007874 1920.4724409448818 127.55905511811024 49.60629921259842 de
1210.6299212598426 1920.4724409448818 191.33858267716536 49.60629921259842 J.-J.
1338.1889763779527 1920.4724409448818 276.37795275590554 49.60629921259842 Rousseau,
1550.7874015748032 1920.4724409448818 148.8188976377953 49.60629921259842 qui
1614.5669291338584 1920.4724409448818 106.2992125984252 49.60629921259842 lui

467.7165354330709 1968.8976377952756 243.30708661417322 51.968503937007874 consacre
649.6062992125984 1968.8976377952756 121.65354330708661 51.968503937007874 de
709.8425196850394 1968.8976377952756 201.96850393700788 51.968503937007874 belles
851.5748031496063 1968.8976377952756 181.88976377952756 51.968503937007874 pages
973.2283464566929 1968.8976377952756 161.81102362204723 51.968503937007874 dans
1074.8031496062993 1968.8976377952756 141.73228346456693 51.968503937007874 ses
1155.1181102362204 1968.8976377952756 303.54330708661416 51.968503937007874 Confessions
1398.4251968503936 1968.8976377952756 141.73228346456693 51.968503937007874 (V.
1478.740157480315 1968.8976377952756 121.65354330708661 51.968503937007874 le
1540.1574803149606 1968.8976377952756 181.88976377952756 51.968503937007874 n°163
1640.5511811023623 1968.8976377952756 81.49606299212599 51.968503937007874 de

466.53543307086613 2018.5039370078741 119.29133858267717 49.60629921259842 ce
506.6929133858268 2018.5039370078741 257.4803149606299 49.60629921259842 Catalogue).

511.4173228346457 2077.5590551181103 125.19685039370079 44.881889763779526 L.
574.0157480314961 2077.5590551181103 125.19685039370079 44.881889763779526 a.
636.6141732283464 2077.5590551181103 125.19685039370079 44.881889763779526 s.
699.2125984251968 2077.5590551181103 249.21259842519686 44.881889763779526 (minute)
885.8267716535433 2077.5590551181103 103.93700787401575 44.881889763779526 à
927.1653543307086 2077.5590551181103 270.4724409448819 44.881889763779526 l’archev.
1135.0393700787401 2077.5590551181103 125.19685039370079 44.881889763779526 de
1197.6377952755906 2077.5590551181103 249.21259842519686 44.881889763779526 Bourges;
1384.251968503937 2077.5590551181103 207.8740157480315 44.881889763779526 Paris,
1530.708661417323 2077.5590551181103 145.2755905511811 44.881889763779526 1er
1592.1259842519685 2077.5590551181103 125.19685039370079 44.881889763779526 oct.

471.25984251968504 2122.4409448818897 165.35433070866142 46.06299212598425 1771,
582.2834645669292 2122.4409448818897 92.1259842519685 46.06299212598425 2
618.8976377952756 2122.4409448818897 109.84251968503936 46.06299212598425 p.
674.4094488188977 2122.4409448818897 128.74015748031496 46.06299212598425 1/2
728.7401574803149 2122.4409448818897 128.74015748031496 46.06299212598425 in

535.0393700787401 2173.228346456693 124.01574803149606 41.338582677165356 Elle
612.992125984252 2173.228346456693 201.96850393700788 41.338582677165356 sollicite
768.8976377952756 2173.228346456693 93.30708661417323 41.338582677165356 en
814.9606299212599 2173.228346456693 155.90551181102362 41.338582677165356 faveur
923.6220472440945 2173.228346456693 108.66141732283465 41.338582677165356 dos
986.2204724409448 2173.228346456693 201.96850393700788 41.338582677165356 religieux
1142.1259842519685 2173.228346456693 93.30708661417323 41.338582677165356 du
1189.3700787401574 2173.228346456693 155.90551181102362 41.338582677165356 Blanc,
1298.0314960629921 2173.228346456693 108.66141732283465 41.338582677165356 qui
1360.6299212598426 2173.228346456693 233.85826771653544 41.338582677165356 craignaient
1547.244094488189 2173.228346456693 155.90551181102362 41.338582677165356 d’être
1640.5511811023623 2173.228346456693 77.95275590551181 41.338582677165356 dé

483.07086614173227 2216.9291338582675 132.28346456692913 36.61417322834646 placés.

415.748031496063 2258.267716535433 148.8188976377953 54.330708661417326 72.
500.78740157480314 2258.267716535433 191.33858267716536 54.330708661417326 LA
628.3464566929134 2258.267716535433 277.5590551181102 54.330708661417326 MÊME.
842.1259842519685 2258.267716535433 127.55905511811024 54.330708661417326 1°
905.9055118110236 2258.267716535433 127.55905511811024 54.330708661417326 l.
969.6850393700787 2258.267716535433 170.07874015748033 54.330708661417326 aut.
1077.1653543307086 2258.267716535433 106.2992125984252 54.330708661417326 à
1119.6850393700788 2258.267716535433 127.55905511811024 54.330708661417326 M.
1183.4645669291338 2258.267716535433 213.7795275590551 54.330708661417326 Jacob,
1332.283464566929 2258.267716535433 106.2992125984252 54.330708661417326 à
1374.8031496062993 2258.267716535433 341.33858267716533 54.330708661417326 Chenonceaux,
1631.1023622047244 2258.267716535433 85.03937007874016 54.330708661417326 28

466.53543307086613 2311.417322834646 174.8031496062992 48.425196850393704 août,
582.2834645669292 2311.417322834646 96.85039370078741 48.425196850393704 2
621.2598425196851 2311.417322834646 116.92913385826772 48.425196850393704 p.
680.3149606299213 2311.417322834646 174.8031496062992 48.425196850393704 in-4.
797.2440944881889 2311.417322834646 96.85039370078741 48.425196850393704 —
836.2204724409448 2311.417322834646 116.92913385826772 48.425196850393704 2°
894.0944881889764 2311.417322834646 174.8031496062992 48.425196850393704 quit.
1011.0236220472441 2311.417322834646 155.90551181102362 48.425196850393704 aut.
1109.0551181102362 2311.417322834646 174.8031496062992 48.425196850393704 sig.,
1225.984251968504 2311.417322834646 116.92913385826772 48.425196850393704 11
1283.8582677165355 2311.417322834646 174.8031496062992 48.425196850393704 juil.
1400.7874015748032 2311.417322834646 174.8031496062992 48.425196850393704 1733,
1517.716535433071 2311.417322834646 135.82677165354332 48.425196850393704 1/3
1595.6692913385828 2311.417322834646 116.92913385826772 48.425196850393704 de
1634.6456692913387 2311.417322834646 77.95275590551181 48.425196850393704 p.

451.18110236220474 2359.8425196850394 124.01574803149606 34.25196850393701 in

409.84251968503935 2412.9921259842517 179.5275590551181 50.78740157480315 73.
512.5984251968504 2412.9921259842517 307.0866141732283 50.78740157480315 DUPIN
742.9133858267717 2412.9921259842517 153.54330708661416 50.78740157480315 DE
820.8661417322835 2412.9921259842517 486.61417322834643 50.78740157480315 CHENONCEAUX
1230.708661417323 2412.9921259842517 205.51181102362204 50.78740157480315 (Mme
1333.4645669291338 2412.9921259842517 385.03937007874015 50.78740157480315 Roche

462.99212598425197 2462.5984251968503 390.9448818897638 53.1496062992126 chouart),
796.0629921259842 2462.5984251968503 137.00787401574803 53.1496062992126 bru
874.0157480314961 2462.5984251968503 116.92913385826772 53.1496062992126 de
933.0708661417323 2462.5984251968503 116.92913385826772 53.1496062992126 la
990.9448818897638 2462.5984251968503 292.9133858267717 53.1496062992126 précédente,
1225.984251968504 2462.5984251968503 175.98425196850394 53.1496062992126 femme
1342.9133858267717 2462.5984251968503 292.9133858267717 53.1496062992126 remarquable
1577.9527559055118 2462.5984251968503 137.00787401574803 53.1496062992126 par
1637.007874015748 2462.5984251968503 77.95275590551181 53.1496062992126 sa

465.3543307086614 2513.3858267716537 186.61417322834646 51.968503937007874 beauté
596.4566929133858 2513.3858267716537 112.20472440944881 51.968503937007874 et
651.9685039370079 2513.3858267716537 129.92125984251967 51.968503937007874 son
726.3779527559055 2513.3858267716537 205.51181102362204 51.968503937007874 esprit,
875.1968503937007 2513.3858267716537 129.92125984251967 51.968503937007874 que
949.6062992125984 2513.3858267716537 93.30708661417323 51.968503937007874 J
987.4015748031496 2513.3858267716537 129.92125984251967 51.968503937007874 -J.
1061.8110236220473 2513.3858267716537 223.22834645669292 51.968503937007874 Rousseau
1229.5275590551182 2513.3858267716537 242.1259842519685 51.968503937007874 regardait
1416.1417322834645 2513.3858267716537 167.71653543307087 51.968503937007874 comme
1509.4488188976377 2513.3858267716537 205.51181102362204 51.968503937007874 un

467.7165354330709 2565.3543307086616 233.85826771653544 38.976377952755904 ornement
654.3307086614174 2565.3543307086616 93.30708661417323 38.976377952755904 de
701.5748031496063 2565.3543307086616 109.84251968503936 38.976377952755904 son
748.8188976377953 2565.3543307086616 171.25984251968504 38.976377952755904 sexe.

509.0551181102362 2623.228346456693 107.48031496062993 50.78740157480315 2
551.5748031496063 2623.228346456693 193.70078740157481 50.78740157480315 quit.
680.3149606299213 2623.228346456693 172.44094488188978 50.78740157480315 aut.
787.7952755905512 2623.228346456693 193.70078740157481 50.78740157480315 sig.,
917.7165354330708 2623.228346456693 172.44094488188978 50.78740157480315 dont
1025.1968503937007 2623.228346456693 150.0 50.78740157480315 une
1110.236220472441 2623.228346456693 150.0 50.78740157480315 est
1196.4566929133857 2623.228346456693 236.2204724409449 50.78740157480315 revêtue
1368.8976377952756 2623.228346456693 128.74015748031496 50.78740157480315 de
1432.6771653543308 2623.228346456693 128.74015748031496 50.78740157480315 la
1476.3779527559054 2623.228346456693 236.2204724409449 50.78740157480315 signature

462.99212598425197 2666.9291338582675 124.01574803149606 44.881889763779526 de
524.4094488188977 2666.9291338582675 206.69291338582678 44.881889763779526 Dupin,
669.6850393700787 2666.9291338582675 124.01574803149606 44.881889763779526 le
731.1023622047244 2666.9291338582675 227.95275590551182 44.881889763779526 fermier
896.4566929133858 2666.9291338582675 248.03149606299212 44.881889763779526 général,
1083.0708661417323 2666.9291338582675 186.61417322834646 44.881889763779526 1769,
1207.0866141732283 2666.9291338582675 103.93700787401575 44.881889763779526 2
1248.4251968503936 2666.9291338582675 124.01574803149606 44.881889763779526 p.
1289.763779527559 2666.9291338582675 145.2755905511811 44.881889763779526 in

531.496062992126 2721.259842519685 175.98425196850394 33.07086614173228 Relative
662.5984251968504 2721.259842519685 73.22834645669292 33.07086614173228 à
692.1259842519685 2721.259842519685 87.4015748031496 33.07086614173228 la
735.8267716535433 2721.259842519685 160.62992125984252 33.07086614173228 tutelle
852.7559055118111 2721.259842519685 87.4015748031496 33.07086614173228 de
896.4566929133858 2721.259842519685 102.75590551181102 33.07086614173228 son
940.1574803149606 2721.259842519685 102.75590551181102 33.07086614173228 fils.

411.0236220472441 2766.1417322834645 157.08661417322836 64.96062992125984 74.
500.78740157480314 2766.1417322834645 426.37795275590554 64.96062992125984 ÉTAMPES.
859.8425196850394 2766.1417322834645 269.29133858267716 64.96062992125984 Registre
1061.8110236220473 2766.1417322834645 269.29133858267716 64.96062992125984 original
1263.7795275590552 2766.1417322834645 157.08661417322836 64.96062992125984 des
1353.5433070866143 2766.1417322834645 359.0551181102362 64.96062992125984 déclarations
1622.8346456692914 2766.1417322834645 89.76377952755905 64.96062992125984 et

460.62992125984255 2827.5590551181103 322.4409448818898 46.06299212598425 prestations
719.2913385826772 2827.5590551181103 128.74015748031496 46.06299212598425 de
783.0708661417323 2827.5590551181103 237.4015748031496 46.06299212598425 serment
955.511811023622 2827.5590551181103 151.1811023622047 46.06299212598425 des
1041.732283464567 2827.5590551181103 408.66141732283467 46.06299212598425 ecclésiastiques
1386.6141732283465 2827.5590551181103 128.74015748031496 46.06299212598425 de
1429.1338582677165 2827.5590551181103 279.9212598425197 46.06299212598425 l’arrondis
