2234.6456692913384 3351.968503937008
1021.6535433070866 407.4803149606299 153.54330708661416 37.79527559055118 —
1083.0708661417323 407.4803149606299 184.251968503937 37.79527559055118 12
1144.4881889763778 407.4803149606299 92.1259842519685 37.79527559055118 —

530.3149606299213 484.251968503937 216.14173228346456 50.78740157480315 sement
681.496062992126 484.251968503937 303.54330708661416 50.78740157480315 d'Etampes,
920.0787401574803 484.251968503937 173.6220472440945 50.78740157480315 avec
1027.5590551181103 484.251968503937 129.92125984251967 50.78740157480315 la
1092.5196850393702 484.251968503937 324.8031496062992 50.78740157480315 désignation
1352.3622047244094 484.251968503937 129.92125984251967 50.78740157480315 de
1417.3228346456692 484.251968503937 194.88188976377953 50.78740157480315 leurs
1525.984251968504 484.251968503937 259.84251968503935 50.78740157480315 fonctions,

531.496062992126 526.7716535433071 127.55905511811024 51.968503937007874 la
595.2755905511812 526.7716535433071 170.07874015748033 51.968503937007874 date
701.5748031496063 526.7716535433071 127.55905511811024 51.968503937007874 de
765.3543307086615 526.7716535433071 170.07874015748033 51.968503937007874 leur
872.8346456692914 526.7716535433071 320.0787401574803 51.968503937007874 institution
1127.9527559055118 526.7716535433071 148.8188976377953 51.968503937007874 par
1212.992125984252 526.7716535433071 255.11811023622047 51.968503937007874 l’évèque
1404.3307086614172 526.7716535433071 127.55905511811024 51.968503937007874 de
1468.1102362204724 526.7716535433071 320.0787401574803 51.968503937007874 Versailles,
1703.1496062992126 526.7716535433071 85.03937007874016 51.968503937007874 et

531.496062992126 570.4724409448819 217.3228346456693 50.78740157480315 toutes
682.6771653543307 570.4724409448819 194.88188976377953 50.78740157480315 leurs
812.5984251968504 570.4724409448819 324.8031496062992 50.78740157480315 signatures;
1072.4409448818897 570.4724409448819 129.92125984251967 50.78740157480315 an
1137.4015748031495 570.4724409448819 151.1811023622047 50.78740157480315 10,
1224.8031496062993 570.4724409448819 129.92125984251967 50.78740157480315 16
1289.763779527559 570.4724409448819 129.92125984251967 50.78740157480315 p.
1354.724409448819 570.4724409448819 194.88188976377953 50.78740157480315 in-f.
1484.6456692913387 570.4724409448819 238.58267716535434 50.78740157480315 Curieux
1637.007874015748 570.4724409448819 151.1811023622047 50.78740157480315 docu

505.51181102362204 616.5354330708661 161.81102362204723 34.25196850393701 ment.

480.70866141732284 673.2283464566929 145.2755905511811 56.69291338582677 75.
564.5669291338583 673.2283464566929 353.1496062992126 56.69291338582677 FAVART
855.1181102362204 673.2283464566929 270.4724409448819 56.69291338582677 (Ch.-S.),
1064.1732283464567 673.2283464566929 229.13385826771653 56.69291338582677 célèbre
1229.5275590551182 673.2283464566929 207.8740157480315 56.69291338582677 auteur
1354.724409448819 673.2283464566929 270.4724409448819 56.69291338582677 dramatique.

583.4645669291339 734.6456692913385 106.2992125984252 55.511811023622045 1°
636.6141732283464 734.6456692913385 141.73228346456693 55.511811023622045 Reçu
725.1968503937007 734.6456692913385 141.73228346456693 55.511811023622045 aut.
812.5984251968504 734.6456692913385 159.4488188976378 55.511811023622045 sig.,
918.8976377952756 734.6456692913385 159.4488188976378 55.511811023622045 1777,
1025.1968503937007 734.6456692913385 159.4488188976378 55.511811023622045 in-8.
1131.4960629921259 734.6456692913385 88.58267716535433 55.511811023622045 —
1166.9291338582677 734.6456692913385 106.2992125984252 55.511811023622045 2°
1218.8976377952756 734.6456692913385 282.2834645669291 55.511811023622045 Hippolyte
1449.2125984251968 734.6456692913385 106.2992125984252 55.511811023622045 et
1502.3622047244094 734.6456692913385 264.56692913385825 55.511811023622045 Aricie,
1696.0629921259842 734.6456692913385 88.58267716535433 55.511811023622045 pa-

529.1338582677165 774.8031496062993 184.251968503937 50.78740157480315 rodie
651.9685039370079 774.8031496062993 184.251968503937 50.78740157480315 aut.,
773.6220472440945 774.8031496062993 122.83464566929133 50.78740157480315 45
835.0393700787401 774.8031496062993 122.83464566929133 50.78740157480315 p.
896.4566929133858 774.8031496062993 184.251968503937 50.78740157480315 in-f.
1019.2913385826772 774.8031496062993 122.83464566929133 50.78740157480315 Un
1080.708661417323 774.8031496062993 142.91338582677164 50.78740157480315 peu
1142.1259842519685 774.8031496062993 204.33070866141733 50.78740157480315 fatigué.

479.5275590551181 832.6771653543307 147.63779527559055 57.874015748031496 76.
563.3858267716536 832.6771653543307 294.09448818897636 57.874015748031496 FAY
794.8818897637796 832.6771653543307 315.3543307086614 57.874015748031496 (Léontine),
1047.6377952755906 832.6771653543307 167.71653543307087 57.874015748031496 dame
1152.755905511811 832.6771653543307 231.49606299212599 57.874015748031496 Volnys,
1320.4724409448818 832.6771653543307 294.09448818897636 57.874015748031496 excellente
1551.9685039370079 832.6771653543307 231.49606299212599 57.874015748031496 actrice
1699.6062992125985 832.6771653543307 83.85826771653544 57.874015748031496 du

504.3307086614173 881.1023622047244 389.76377952755905 50.78740157480315 Théâtre

568.1102362204724 941.3385826771654 99.21259842519684 51.968503937007874 2
608.2677165354331 941.3385826771654 118.11023622047244 51.968503937007874 l.
667.3228346456693 941.3385826771654 118.11023622047244 51.968503937007874 a.
726.3779527559055 941.3385826771654 118.11023622047244 51.968503937007874 s.
785.4330708661417 941.3385826771654 99.21259842519684 51.968503937007874 à
825.5905511811023 941.3385826771654 178.3464566929134 51.968503937007874 Klein
943.7007874015748 941.3385826771654 118.11023622047244 51.968503937007874 et
1002.7559055118111 941.3385826771654 99.21259842519684 51.968503937007874 à
1042.9133858267717 941.3385826771654 237.4015748031496 51.968503937007874 Leménil,
1221.259842519685 941.3385826771654 178.3464566929134 51.968503937007874 1843,
1339.3700787401574 941.3385826771654 99.21259842519684 51.968503937007874 2
1378.3464566929133 941.3385826771654 118.11023622047244 51.968503937007874 p.
1418.5039370078741 941.3385826771654 138.18897637795277 51.968503937007874 in

473.62204724409446 1002.7559055118111 170.07874015748033 42.51968503937008 77.
570.4724409448819 1002.7559055118111 315.3543307086614 42.51968503937008 FEMMES
812.5984251968504 1002.7559055118111 412.20472440944883 42.51968503937008 PEINTRES.
1151.5748031496064 1002.7559055118111 121.65354330708661 42.51968503937008 3
1175.1968503937007 1002.7559055118111 242.1259842519685 42.51968503937008 lettres.

570.4724409448819 1061.8110236220473 178.3464566929134 50.78740157480315 LEBRUN
694.488188976378 1061.8110236220473 142.91338582677164 50.78740157480315 (Mme
784.2519685039371 1061.8110236220473 337.79527559055117 50.78740157480315 Vigée-),
1068.8976377952756 1061.8110236220473 142.91338582677164 50.78740157480315 let.
1157.4803149606298 1061.8110236220473 160.62992125984252 50.78740157480315 aut.,
1264.9606299212599 1061.8110236220473 142.91338582677164 50.78740157480315 sig.
1353.5433070866143 1061.8110236220473 88.58267716535433 50.78740157480315 à
1388.976377952756 1061.8110236220473 106.2992125984252 50.78740157480315 la
1443.3070866141732 1061.8110236220473 106.2992125984252 50.78740157480315 3e
1496.4566929133857 1061.8110236220473 178.3464566929134 50.78740157480315 pers.,
1620.4724409448818 1061.8110236220473 106.2992125984252 50.78740157480315 au
1655.9055118110236 1061.8110236220473 125.19685039370079 50.78740157480315 comte

524.4094488188977 1103.1496062992126 127.55905511811024 55.511811023622045 de
588.1889763779527 1103.1496062992126 235.03937007874015 55.511811023622045 Forbin,
759.4488188976378 1103.1496062992126 106.2992125984252 55.511811023622045 1
801.9685039370079 1103.1496062992126 127.55905511811024 55.511811023622045 p.
865.7480314960629 1103.1496062992126 191.33858267716536 55.511811023622045 in-8.
993.3070866141733 1103.1496062992126 277.5590551181102 55.511811023622045 Portrait.
1207.0866141732283 1103.1496062992126 106.2992125984252 55.511811023622045 —
1249.6062992125985 1103.1496062992126 213.7795275590551 55.511811023622045 MIRBEL
1398.4251968503936 1103.1496062992126 148.8188976377953 55.511811023622045 (L.
1483.4645669291338 1103.1496062992126 170.07874015748033 55.511811023622045 de),
1590.9448818897638 1103.1496062992126 106.2992125984252 55.511811023622045 1
1633.4645669291338 1103.1496062992126 127.55905511811024 55.511811023622045 p.
1675.984251968504 1103.1496062992126 106.2992125984252 55.511811023622045 1/4

525.5905511811023 1146.8503937007874 191.33858267716536 54.330708661417326 in-8.
653.1496062992126 1146.8503937007874 106.2992125984252 54.330708661417326 —
695.6692913385826 1146.8503937007874 447.6377952755906 54.330708661417326 HOUDEBOURG-LESCOT
1079.5275590551182 1146.8503937007874 255.11811023622047 54.330708661417326 (Hort.),
1270.8661417322835 1146.8503937007874 106.2992125984252 54.330708661417326 3
1313.3858267716535 1146.8503937007874 127.55905511811024 54.330708661417326 p.
1377.1653543307086 1146.8503937007874 191.33858267716536 54.330708661417326 in-8.
1484.6456692913387 1146.8503937007874 233.85826771653544 54.330708661417326 Portrait.

473.62204724409446 1208.267716535433 161.81102362204723 55.511811023622045 78.
565.7480314960629 1208.267716535433 300.0 55.511811023622045 FEMMES
796.0629921259842 1208.267716535433 346.06299212598424 55.511811023622045 POÈTES.
1072.4409448818897 1208.267716535433 115.74803149606299 55.511811023622045 6
1118.5039370078741 1208.267716535433 184.251968503937 55.511811023622045 let.
1233.0708661417323 1208.267716535433 184.251968503937 55.511811023622045 aut.
1325.1968503937007 1208.267716535433 138.18897637795277 55.511811023622045 sig.

569.2913385826772 1266.1417322834645 269.29133858267716 51.968503937007874 DUFRÉNOY
771.2598425196851 1266.1417322834645 224.40944881889763 51.968503937007874 (Mme),
928.3464566929134 1266.1417322834645 201.96850393700788 51.968503937007874 petit
1062.992125984252 1266.1417322834645 246.8503937007874 51.968503937007874 billet.
1243.7007874015749 1266.1417322834645 112.20472440944881 51.968503937007874 —
1288.5826771653544 1266.1417322834645 246.8503937007874 51.968503937007874 VALMORE
1468.1102362204724 1266.1417322834645 336.61417322834643 51.968503937007874 (Marceline)
1714.9606299212599 1266.1417322834645 67.32283464566929 51.968503937007874 à

523.2283464566929 1307.4803149606298 233.85826771653544 55.511811023622045 Jacques
693.3070866141733 1307.4803149606298 212.5984251968504 55.511811023622045 Arago,
842.1259842519685 1307.4803149606298 191.33858267716536 55.511811023622045 1832,
969.6850393700787 1307.4803149606298 106.2992125984252 55.511811023622045 3
1012.2047244094488 1307.4803149606298 127.55905511811024 55.511811023622045 p.
1075.984251968504 1307.4803149606298 191.33858267716536 55.511811023622045 in-8.
1204.724409448819 1307.4803149606298 255.11811023622047 55.511811023622045 Frippée.
1396.0629921259842 1307.4803149606298 106.2992125984252 55.511811023622045 —
1438.5826771653544 1307.4803149606298 191.33858267716536 55.511811023622045 TASTU
1544.8818897637796 1307.4803149606298 233.85826771653544 55.511811023622045 (Amable),

523.2283464566929 1348.8188976377953 99.21259842519684 51.968503937007874 2
563.3858267716536 1348.8188976377953 238.58267716535434 51.968503937007874 billets.
742.9133858267717 1348.8188976377953 99.21259842519684 51.968503937007874 —
781.8897637795276 1348.8188976377953 219.68503937007873 51.968503937007874 ANCELOT
941.3385826771654 1348.8188976377953 298.81889763779526 51.968503937007874 (Virginie),
1181.1023622047244 1348.8188976377953 179.5275590551181 51.968503937007874 petit
1300.3937007874015 1348.8188976377953 219.68503937007873 51.968503937007874 billet.
1459.8425196850394 1348.8188976377953 99.21259842519684 51.968503937007874 —
1500.0 1348.8188976377953 199.60629921259843 51.968503937007874 BELLOC
1619.291338582677 1348.8188976377953 159.4488188976378 51.968503937007874 (Mme),

529.1338582677165 1391.3385826771653 89.76377952755905 44.881889763779526 1
564.5669291338583 1391.3385826771653 107.48031496062993 44.881889763779526 p.
600.0 1391.3385826771653 125.19685039370079 44.881889763779526 in

470.0787401574803 1438.5826771653544 166.53543307086613 60.23622047244095 79.
565.7480314960629 1438.5826771653544 285.8267716535433 60.23622047244095 FÊTES
779.5275590551181 1438.5826771653544 142.91338582677164 60.23622047244095 DE
851.5748031496063 1438.5826771653544 405.11811023622045 60.23622047244095 L'ÉGLISE.
1184.6456692913387 1438.5826771653544 333.07086614173227 60.23622047244095 Recherches
1446.8503937007874 1438.5826771653544 166.53543307086613 60.23622047244095 sur
1541.3385826771653 1438.5826771653544 166.53543307086613 60.23622047244095 les
1613.3858267716535 1438.5826771653544 166.53543307086613 60.23622047244095 fêtes

523.2283464566929 1498.8188976377953 125.19685039370079 56.69291338582677 de
585.8267716535433 1498.8188976377953 271.65354330708664 56.69291338582677 l’Eglise,
796.0629921259842 1498.8188976377953 125.19685039370079 56.69291338582677 et
858.6614173228346 1498.8188976377953 125.19685039370079 56.69291338582677 en
921.2598425196851 1498.8188976377953 314.1732283464567 56.69291338582677 particulier
1172.8346456692914 1498.8188976377953 146.45669291338584 56.69291338582677 sur
1256.6929133858268 1498.8188976377953 209.0551181102362 56.69291338582677 celles
1403.1496062992126 1498.8188976377953 125.19685039370079 56.69291338582677 du
1465.748031496063 1498.8188976377953 230.31496062992127 56.69291338582677 diocèse
1633.4645669291338 1498.8188976377953 125.19685039370079 56.69291338582677 de
1674.8031496062993 1498.8188976377953 105.11811023622047 56.69291338582677 Pa-

523.2283464566929 1541.3385826771653 173.6220472440945 51.968503937007874 ris,
630.7086614173228 1541.3385826771653 281.1023622047244 51.968503937007874 manuscrit
846.8503937007874 1541.3385826771653 259.84251968503935 51.968503937007874 original
1041.732283464567 1541.3385826771653 194.88188976377953 51.968503937007874 écrit
1171.6535433070867 1541.3385826771653 129.92125984251967 51.968503937007874 au
1236.6141732283465 1541.3385826771653 216.14173228346456 51.968503937007874 milieu
1387.7952755905512 1541.3385826771653 129.92125984251967 51.968503937007874 du
1452.755905511811 1541.3385826771653 216.14173228346456 51.968503937007874 XVIIIe
1582.6771653543308 1541.3385826771653 194.88188976377953 51.968503937007874 siècle,

520.8661417322835 1582.6771653543308 251.5748031496063 53.1496062992126 composé
702.7559055118111 1582.6771653543308 137.00787401574803 53.1496062992126 de
772.4409448818898 1582.6771653543308 251.5748031496063 53.1496062992126 cahiers
954.3307086614174 1582.6771653543308 137.00787401574803 53.1496062992126 et
1022.8346456692914 1582.6771653543308 137.00787401574803 53.1496062992126 de
1091.3385826771653 1582.6771653543308 205.51181102362204 53.1496062992126 notes
1229.5275590551182 1582.6771653543308 251.5748031496063 53.1496062992126 formant
1411.4173228346456 1582.6771653543308 137.00787401574803 53.1496062992126 la
1479.9212598425197 1582.6771653543308 251.5748031496063 53.1496062992126 matière
1640.5511811023623 1582.6771653543308 137.00787401574803 53.1496062992126 d’un

523.2283464566929 1627.5590551181103 166.53543307086613 38.976377952755904 fort
627.1653543307086 1627.5590551181103 207.8740157480315 38.976377952755904 volume
752.3622047244095 1627.5590551181103 227.95275590551182 38.976377952755904 in

472.4409448818898 1688.976377952756 147.63779527559055 54.330708661417326 80.
556.2992125984252 1688.976377952756 315.3543307086614 54.330708661417326 FRANÇOIS
809.0551181102362 1688.976377952756 252.75590551181102 54.330708661417326 Ier,
998.0314960629921 1688.976377952756 147.63779527559055 54.330708661417326 roi
1081.8897637795276 1688.976377952756 126.37795275590551 54.330708661417326 de
1124.4094488188975 1688.976377952756 188.9763779527559 54.330708661417326 France.

563.3858267716536 1748.0314960629921 129.92125984251967 51.968503937007874 L.
628.3464566929134 1748.0314960629921 129.92125984251967 51.968503937007874 s.
693.3070866141733 1748.0314960629921 108.66141732283465 51.968503937007874 à
735.8267716535433 1748.0314960629921 129.92125984251967 51.968503937007874 M.
800.7874015748032 1748.0314960629921 303.54330708661416 51.968503937007874 Duchillou,
1039.3700787401574 1748.0314960629921 346.06299212598424 51.968503937007874 vice-amiral;
1320.4724409448818 1748.0314960629921 216.14173228346456 51.968503937007874 Autun,
1471.6535433070867 1748.0314960629921 129.92125984251967 51.968503937007874 12
1536.6141732283465 1748.0314960629921 194.88188976377953 51.968503937007874 août,
1666.5354330708662 1748.0314960629921 108.66141732283465 51.968503937007874 1
1688.976377952756 1748.0314960629921 86.22047244094489 51.968503937007874 p.

531.496062992126 1789.3700787401574 107.48031496062993 46.06299212598425 in-f.
603.5433070866142 1789.3700787401574 142.91338582677164 46.06299212598425 Belle
699.2125984251968 1789.3700787401574 142.91338582677164 46.06299212598425 pièce.

596.4566929133858 1844.8818897637796 86.22047244094489 46.06299212598425 Il
638.9763779527559 1844.8818897637796 100.39370078740157 46.06299212598425 est
696.8503937007874 1844.8818897637796 115.74803149606299 46.06299212598425 très
768.8976377952756 1844.8818897637796 115.74803149606299 46.06299212598425 aise
840.9448818897638 1844.8818897637796 129.92125984251967 46.06299212598425 qu'il
928.3464566929134 1844.8818897637796 100.39370078740157 46.06299212598425 ait
985.0393700787401 1844.8818897637796 115.74803149606299 46.06299212598425 fait
1058.267716535433 1844.8818897637796 158.26771653543307 46.06299212598425 rentrer
1172.8346456692914 1844.8818897637796 86.22047244094489 46.06299212598425 la
1216.5354330708662 1844.8818897637796 100.39370078740157 46.06299212598425 nef
1274.4094488188975 1844.8818897637796 230.31496062992127 46.06299212598425 Loyse
1461.023622047244 1844.8818897637796 86.22047244094489 46.06299212598425 au
1504.724409448819 1844.8818897637796 144.09448818897638 46.06299212598425 Havre,
1605.1181102362204 1844.8818897637796 86.22047244094489 46.06299212598425 et
1648.8188976377953 1844.8818897637796 100.39370078740157 46.06299212598425 que
1692.5196850393702 1844.8818897637796 86.22047244094489 46.06299212598425 l’on

555.1181102362204 1882.6771653543308 114.56692913385827 46.06299212598425 ait
621.2598425196851 1882.6771653543308 131.10236220472441 46.06299212598425 fait
702.7559055118111 1882.6771653543308 162.99212598425197 46.06299212598425 sortir
817.3228346456693 1882.6771653543308 114.56692913385827 46.06299212598425 des
882.2834645669292 1882.6771653543308 179.5275590551181 46.06299212598425 navires
1013.3858267716536 1882.6771653543308 98.03149606299213 46.06299212598425 de
1061.8110236220473 1882.6771653543308 196.06299212598427 46.06299212598425 Honfleur
1209.4488188976377 1882.6771653543308 98.03149606299213 46.06299212598425 et
1257.8740157480315 1882.6771653543308 98.03149606299213 46.06299212598425 de
1307.4803149606298 1882.6771653543308 162.99212598425197 46.06299212598425 Dieppe
1422.0472440944882 1882.6771653543308 131.10236220472441 46.06299212598425 pour
1503.5433070866143 1882.6771653543308 162.99212598425197 46.06299212598425 garder
1618.1102362204724 1882.6771653543308 114.56692913385827 46.06299212598425 les
1666.5354330708662 1882.6771653543308 114.56692913385827 46.06299212598425 côtes

555.1181102362204 1919.291338582677 165.35433070866142 47.24409448818898 contre
670.8661417322835 1919.291338582677 115.74803149606299 47.24409448818898 les
737.007874015748 1919.291338582677 198.4251968503937 47.24409448818898 ennemis.
887.007874015748 1919.291338582677 99.21259842519684 47.24409448818898 Il
936.6141732283464 1919.291338582677 165.35433070866142 47.24409448818898 charge
1052.3622047244094 1919.291338582677 148.8188976377953 47.24409448818898 Jehan
1151.5748031496064 1919.291338582677 214.96062992125985 47.24409448818898 Gombault,
1316.9291338582677 1919.291338582677 231.49606299212599 47.24409448818898 conseiller
1500.0 1919.291338582677 99.21259842519684 47.24409448818898 au
1549.6062992125985 1919.291338582677 231.49606299212599 47.24409448818898 parlement,
1714.9606299212599 1919.291338582677 66.14173228346456 47.24409448818898 et

553.9370078740158 1958.267716535433 212.5984251968504 44.881889763779526 Conflans,
716.9291338582677 1958.267716535433 114.56692913385827 44.881889763779526 son
783.0708661417323 1958.267716535433 179.5275590551181 44.881889763779526 premier
912.992125984252 1958.267716535433 212.5984251968504 44.881889763779526 huissier,
1077.1653543307086 1958.267716535433 98.03149606299213 44.881889763779526 de
1125.5905511811025 1958.267716535433 179.5275590551181 44.881889763779526 visiter
1256.6929133858268 1958.267716535433 114.56692913385827 44.881889763779526 les
1321.6535433070867 1958.267716535433 146.45669291338584 44.881889763779526 côtes
1419.6850393700788 1958.267716535433 98.03149606299213 44.881889763779526 de
1468.1102362204724 1958.267716535433 229.13385826771653 44.881889763779526 Normandie,
1647.6377952755906 1958.267716535433 98.03149606299213 44.881889763779526 de
1680.708661417323 1958.267716535433 98.03149606299213 44.881889763779526 Bre-

553.9370078740158 1997.244094488189 157.08661417322836 46.06299212598425 tagne
659.0551181102362 1997.244094488189 105.11811023622047 46.06299212598425 et
711.0236220472441 1997.244094488189 105.11811023622047 46.06299212598425 de
764.1732283464567 1997.244094488189 210.23622047244095 46.06299212598425 Guienne,
921.2598425196851 1997.244094488189 139.37007874015748 46.06299212598425 pour
1008.6614173228346 1997.244094488189 139.37007874015748 46.06299212598425 voir
1096.0629921259842 1997.244094488189 105.11811023622047 46.06299212598425 de
1148.0314960629921 1997.244094488189 157.08661417322836 46.06299212598425 quels
1253.1496062992126 1997.244094488189 226.77165354330708 46.06299212598425 vaisseaux
1427.9527559055118 1997.244094488189 105.11811023622047 46.06299212598425 et
1479.9212598425197 1997.244094488189 105.11811023622047 46.06299212598425 de
1533.0708661417323 1997.244094488189 157.08661417322836 46.06299212598425 quels
1638.1889763779527 1997.244094488189 139.37007874015748 46.06299212598425 gens
1707.8740157480315 1997.244094488189 69.68503937007874 46.06299212598425 on

553.9370078740158 2035.0393700787401 204.33070866141733 46.06299212598425 pourrait
706.2992125984252 2035.0393700787401 101.5748031496063 46.06299212598425 se
757.0866141732283 2035.0393700787401 170.07874015748033 46.06299212598425 servir
876.3779527559055 2035.0393700787401 101.5748031496063 46.06299212598425 au
927.1653543307086 2035.0393700787401 186.61417322834646 46.06299212598425 besoin.
1062.992125984252 2035.0393700787401 101.5748031496063 46.06299212598425 Il
1114.9606299212599 2035.0393700787401 238.58267716535434 46.06299212598425 recommande
1301.5748031496064 2035.0393700787401 119.29133858267717 46.06299212598425 que
1370.0787401574803 2035.0393700787401 135.82677165354332 46.06299212598425 l'on
1455.1181102362204 2035.0393700787401 101.5748031496063 46.06299212598425 ne
1505.9055118110236 2035.0393700787401 153.54330708661416 46.06299212598425 coure
1607.4803149606298 2035.0393700787401 153.54330708661416 46.06299212598425 point
1692.5196850393702 2035.0393700787401 85.03937007874016 46.06299212598425 sus

555.1181102362204 2075.196850393701 109.84251968503936 42.51968503937008 aux
617.7165354330708 2075.196850393701 125.19685039370079 42.51968503937008 gens
695.6692913385826 2075.196850393701 109.84251968503936 42.51968503937008 des
758.2677165354331 2075.196850393701 125.19685039370079 42.51968503937008 rois
836.2204724409448 2075.196850393701 250.39370078740157 42.51968503937008 d’Angleterre
1039.3700787401574 2075.196850393701 93.30708661417323 42.51968503937008 et
1086.6141732283465 2075.196850393701 93.30708661417323 42.51968503937008 de
1133.8582677165355 2075.196850393701 203.1496062992126 42.51968503937008 Portugal,
1289.763779527559 2075.196850393701 109.84251968503936 42.51968503937008 ses
1337.007874015748 2075.196850393701 140.5511811023622 42.51968503937008 alliés.

473.62204724409446 2116.535433070866 135.82677165354332 76.77165354330708 81.
550.3937007874016 2116.535433070866 174.8031496062992 76.77165354330708 LE
667.3228346456693 2116.535433070866 252.75590551181102 76.77165354330708 MÊME.
862.2047244094488 2116.535433070866 116.92913385826772 76.77165354330708 L.
920.0787401574803 2116.535433070866 135.82677165354332 76.77165354330708 s.,
998.0314960629921 2116.535433070866 232.6771653543307 76.77165354330708 contres.
1172.8346456692914 2116.535433070866 349.6062992125984 76.77165354330708 Bayard,
1464.5669291338584 2116.535433070866 96.85039370078741 76.77165354330708 à
1503.5433070866143 2116.535433070866 116.92913385826772 76.77165354330708 M.
1542.5196850393702 2116.535433070866 232.6771653543307 76.77165354330708 Thesnaige,

516.1417322834645 2176.771653543307 166.53543307086613 53.1496062992126 son
610.6299212598425 2176.771653543307 356.6929133858268 53.1496062992126 ambassadeur
896.4566929133858 2176.771653543307 237.4015748031496 53.1496062992126 auprès
1062.992125984252 2176.771653543307 142.91338582677164 53.1496062992126 de
1133.8582677165355 2176.771653543307 427.5590551181102 53.1496062992126 Charles-Quint;
1466.9291338582677 2176.771653543307 309.4488188976378 53.1496062992126 Romorentin,

520.8661417322835 2221.6535433070867 114.56692913385827 47.24409448818898 27
577.5590551181102 2221.6535433070867 133.46456692913387 47.24409448818898 av.
654.3307086614174 2221.6535433070867 171.25984251968504 47.24409448818898 1545,
767.7165354330708 2221.6535433070867 133.46456692913387 47.24409448818898 1/2
844.488188976378 2221.6535433070867 114.56692913385827 47.24409448818898 p.
882.2834645669292 2221.6535433070867 133.46456692913387 47.24409448818898 in

591.7322834645669 2277.165354330709 99.21259842519684 44.881889763779526 Il
641.3385826771654 2277.165354330709 115.74803149606299 44.881889763779526 lui
707.4803149606299 2277.165354330709 148.8188976377953 44.881889763779526 donne
806.6929133858267 2277.165354330709 115.74803149606299 44.881889763779526 des
872.8346456692914 2277.165354330709 264.56692913385825 44.881889763779526 instructions
1086.6141732283465 2277.165354330709 115.74803149606299 44.881889763779526 sur
1152.755905511811 2277.165354330709 99.21259842519684 44.881889763779526 le
1202.3622047244094 2277.165354330709 181.88976377952756 44.881889763779526 langage
1334.6456692913387 2277.165354330709 115.74803149606299 44.881889763779526 que
1400.7874015748032 2277.165354330709 99.21259842519684 44.881889763779526 le
1450.3937007874015 2277.165354330709 165.35433070866142 44.881889763779526 prince
1564.9606299212599 2277.165354330709 99.21259842519684 44.881889763779526 de
1614.5669291338584 2277.165354330709 99.21259842519684 44.881889763779526 La
1647.6377952755906 2277.165354330709 132.28346456692913 44.881889763779526 Roche-

550.3937007874016 2314.9606299212596 179.5275590551181 40.15748031496063 sur-Yon
680.3149606299213 2314.9606299212596 129.92125984251967 40.15748031496063 doit
761.8110236220473 2314.9606299212596 146.45669291338584 40.15748031496063 tenir
859.8425196850394 2314.9606299212596 81.49606299212599 40.15748031496063 à
876.3779527559055 2314.9606299212596 211.41732283464566 40.15748031496063 l'Empereur.

467.7165354330709 2351.5748031496064 155.90551181102362 72.04724409448819 82.
556.2992125984252 2351.5748031496064 376.7716535433071 72.04724409448819 GÉRARD
866.9291338582677 2351.5748031496064 333.07086614173227 72.04724409448819 (François),
1133.8582677165355 2351.5748031496064 199.60629921259843 72.04724409448819 grand
1267.3228346456692 2351.5748031496064 244.48818897637796 72.04724409448819 peintre
1444.4881889763778 2351.5748031496064 333.07086614173227 72.04724409448819 d’histoire,
1688.976377952756 2351.5748031496064 88.58267716535433 72.04724409448819 de

505.51181102362204 2414.1732283464567 214.96062992125985 38.976377952755904 l’Institut.

561.0236220472441 2472.047244094488 127.55905511811024 50.78740157480315 L.
624.8031496062993 2472.047244094488 127.55905511811024 50.78740157480315 a.
688.5826771653543 2472.047244094488 127.55905511811024 50.78740157480315 s.
752.3622047244095 2472.047244094488 106.2992125984252 50.78740157480315 à
794.8818897637796 2472.047244094488 148.8188976377953 50.78740157480315 une
881.1023622047244 2472.047244094488 255.11811023622047 50.78740157480315 personne
1072.4409448818897 2472.047244094488 148.8188976377953 50.78740157480315 qui
1157.4803149606298 2472.047244094488 170.07874015748033 50.78740157480315 veut
1263.7795275590552 2472.047244094488 148.8188976377953 50.78740157480315 lui
1348.8188976377953 2472.047244094488 191.33858267716536 50.78740157480315 faire
1477.5590551181103 2472.047244094488 191.33858267716536 50.78740157480315 faire
1605.1181102362204 2472.047244094488 127.55905511811024 50.78740157480315 un
1647.6377952755906 2472.047244094488 127.55905511811024 50.78740157480315 des-

522.0472440944882 2514.566929133858 124.01574803149606 50.78740157480315 sin;
598.8188976377953 2514.566929133858 93.30708661417323 50.78740157480315 21
646.0629921259842 2514.566929133858 139.37007874015748 50.78740157480315 juil.
739.3700787401575 2514.566929133858 139.37007874015748 50.78740157480315 1827,
831.496062992126 2514.566929133858 77.95275590551181 50.78740157480315 2
863.3858267716536 2514.566929133858 93.30708661417323 50.78740157480315 p.
909.4488188976378 2514.566929133858 139.37007874015748 50.78740157480315 in-8.
1002.7559055118111 2514.566929133858 185.43307086614172 50.78740157480315 Jolie
1126.7716535433071 2514.566929133858 185.43307086614172 50.78740157480315 pièce.

467.7165354330709 2560.6299212598424 152.36220472440945 72.04724409448819 83.
553.9370078740158 2560.6299212598424 413.38582677165357 72.04724409448819 GRÉGOIRE
902.3622047244095 2560.6299212598424 261.0236220472441 72.04724409448819 (Henri),
1098.4251968503936 2560.6299212598424 239.76377952755905 72.04724409448819 célèbre
1273.2283464566929 2560.6299212598424 327.1653543307087 72.04724409448819 constituant
1534.251968503937 2560.6299212598424 131.10236220472441 72.04724409448819 et
1577.9527559055118 2560.6299212598424 196.06299212598427 72.04724409448819 conven

500.78740157480314 2624.4094488188975 183.0708661417323 40.15748031496063 tionnel.

556.2992125984252 2684.6456692913384 121.65354330708661 54.330708661417326 L.
616.5354330708661 2684.6456692913384 121.65354330708661 54.330708661417326 a.
677.9527559055118 2684.6456692913384 121.65354330708661 54.330708661417326 s.
738.1889763779527 2684.6456692913384 101.5748031496063 54.330708661417326 à
778.3464566929134 2684.6456692913384 121.65354330708661 54.330708661417326 M.
839.7637795275591 2684.6456692913384 222.04724409448818 54.330708661417326 Masson;
1001.5748031496063 2684.6456692913384 201.96850393700788 54.330708661417326 Paris,
1143.3070866141732 2684.6456692913384 121.65354330708661 54.330708661417326 28
1203.5433070866143 2684.6456692913384 201.96850393700788 54.330708661417326 juill.
1345.275590551181 2684.6456692913384 181.88976377952756 54.330708661417326 1810,
1466.9291338582677 2684.6456692913384 101.5748031496063 54.330708661417326 1
1507.0866141732283 2684.6456692913384 121.65354330708661 54.330708661417326 p.
1568.5039370078741 2684.6456692913384 141.73228346456693 54.330708661417326 1/4
1628.740157480315 2684.6456692913384 141.73228346456693 54.330708661417326 in

582.2834645669292 2737.7952755905512 271.65354330708664 53.1496062992126 Intéressante
803.1496062992126 2737.7952755905512 170.07874015748033 53.1496062992126 lettre
922.4409448818898 2737.7952755905512 204.33070866141733 53.1496062992126 relative
1074.8031496062993 2737.7952755905512 85.03937007874016 53.1496062992126 à
1109.0551181102362 2737.7952755905512 101.5748031496063 53.1496062992126 la
1159.8425196850394 2737.7952755905512 238.58267716535434 53.1496062992126 découverte
1347.6377952755906 2737.7952755905512 186.61417322834646 53.1496062992126 récente
1483.4645669291338 2737.7952755905512 101.5748031496063 53.1496062992126 de
1534.251968503937 2737.7952755905512 238.58267716535434 53.1496062992126 l’épitaphe
1704.3307086614172 2737.7952755905512 68.50393700787401 53.1496062992126 de

543.3070866141733 2768.503937007874 185.43307086614172 51.968503937007874 Racine,
677.9527559055118 2768.503937007874 134.64566929133858 51.968503937007874 pour
761.8110236220473 2768.503937007874 101.5748031496063 51.968503937007874 la
812.5984251968504 2768.503937007874 269.29133858267716 51.968503937007874 conservation
1031.1023622047244 2768.503937007874 101.5748031496063 51.968503937007874 de
1081.8897637795276 2768.503937007874 201.96850393700788 51.968503937007874 laquelle
1233.0708661417323 2768.503937007874 101.5748031496063 51.968503937007874 il
1283.8582677165355 2768.503937007874 168.89763779527559 51.968503937007874 engage
1401.9685039370079 2768.503937007874 101.5748031496063 51.968503937007874 M.
1451.5748031496064 2768.503937007874 168.89763779527559 51.968503937007874 Masson
1569.6850393700788 2768.503937007874 83.85826771653544 51.968503937007874 à
1603.9370078740158 2768.503937007874 151.1811023622047 51.968503937007874 faire
1687.7952755905512 2768.503937007874 83.85826771653544 51.968503937007874 des

539.7637795275591 2811.0236220472443 213.7795275590551 49.60629921259842 démarches
703.9370078740158 2811.0236220472443 164.17322834645668 49.60629921259842 auprès
818.503937007874 2811.0236220472443 98.03149606299213 49.60629921259842 du
868.1102362204724 2811.0236220472443 197.24409448818898 49.60629921259842 ministre
1015.7480314960629 2811.0236220472443 98.03149606299213 49.60629921259842 de
1065.3543307086613 2811.0236220472443 245.66929133858267 49.60629921259842 l’intérieur
1261.4173228346456 2811.0236220472443 98.03149606299213 49.60629921259842 et
1311.023622047244 2811.0236220472443 98.03149606299213 49.60629921259842 du
1360.6299212598426 2811.0236220472443 164.17322834645668 49.60629921259842 préfet
1475.1968503937007 2811.0236220472443 98.03149606299213 49.60629921259842 de
1508.267716535433 2811.0236220472443 262.20472440944883 49.60629921259842 Seine
