2192.1259842519685 3366.1417322834645
944.8818897637796 425.1968503937008 158.26771653543307 36.61417322834646 —
1008.6614173228346 425.1968503937008 190.15748031496062 36.61417322834646 13
1072.4409448818897 425.1968503937008 95.66929133858268 36.61417322834646 —

494.88188976377955 504.3307086614173 238.58267716535434 41.338582677165356 l'institut
682.6771653543307 504.3307086614173 102.75590551181102 41.338582677165356 ne
733.4645669291339 504.3307086614173 187.79527559055117 41.338582677165356 pouvant
869.2913385826772 504.3307086614173 137.00787401574803 41.338582677165356 rien
955.511811023622 504.3307086614173 85.03937007874016 41.338582677165356 à
989.7637795275591 504.3307086614173 119.29133858267717 41.338582677165356 cet
1057.0866141732283 504.3307086614173 171.25984251968504 41.338582677165356 égard.
1177.5590551181103 504.3307086614173 153.54330708661416 41.338582677165356 «Vous
1279.1338582677165 504.3307086614173 171.25984251968504 41.338582677165356 savez,
1398.4251968503936 504.3307086614173 187.79527559055117 41.338582677165356 dit-il,
1535.4330708661416 504.3307086614173 187.79527559055117 41.338582677165356 combien
1654.724409448819 504.3307086614173 68.50393700787401 41.338582677165356 me

493.7007874015748 542.1259842519685 137.00787401574803 42.51968503937008 sont
578.7401574803149 542.1259842519685 153.54330708661416 42.51968503937008 chers
681.496062992126 542.1259842519685 119.29133858267717 42.51968503937008 les
748.8188976377953 542.1259842519685 222.04724409448818 42.51968503937008 souvenirs
920.0787401574803 542.1259842519685 102.75590551181102 42.51968503937008 de
970.8661417322835 542.1259842519685 256.2992125984252 42.51968503937008 Port-Royal:
1176.3779527559054 542.1259842519685 102.75590551181102 42.51968503937008 le
1227.1653543307086 542.1259842519685 204.33070866141733 42.51968503937008 monument
1380.708661417323 542.1259842519685 119.29133858267717 42.51968503937008 que
1449.2125984251968 542.1259842519685 137.00787401574803 42.51968503937008 vous
1534.251968503937 542.1259842519685 171.25984251968504 42.51968503937008 faites
1637.007874015748 542.1259842519685 85.03937007874016 42.51968503937008 re-

494.88188976377955 582.2834645669292 142.91338582677164 37.79527559055118 vivre
589.3700787401575 582.2834645669292 95.66929133858268 37.79527559055118 en
637.7952755905512 582.2834645669292 111.02362204724409 37.79527559055118 est
701.5748031496063 582.2834645669292 111.02362204724409 37.79527559055118 une
764.1732283464567 582.2834645669292 191.33858267716536 37.79527559055118 relique.
891.7322834645669 582.2834645669292 63.77952755905512 37.79527559055118 .»

415.748031496063 634.2519685039371 142.91338582677164 51.968503937007874 84.
497.244094488189 634.2519685039371 386.2204724409449 51.968503937007874 GRENOBLE
822.0472440944882 634.2519685039371 346.06299212598424 51.968503937007874 (conspiration
1106.6929133858268 634.2519685039371 162.99212598425197 51.968503937007874 de),
1208.267716535433 634.2519685039371 121.65354330708661 51.968503937007874 en
1269.6850393700788 634.2519685039371 183.0708661417323 51.968503937007874 1816,
1391.3385826771653 634.2519685039371 223.22834645669292 51.968503937007874 affaire
1534.251968503937 634.2519685039371 183.0708661417323 51.968503937007874 Didier.

505.51181102362204 694.488188976378 132.28346456692913 47.24409448818898 1°
571.6535433070866 694.488188976378 243.30708661417322 47.24409448818898 Dépêche
748.8188976377953 694.488188976378 375.59055118110234 47.24409448818898 télégraphique
1058.267716535433 694.488188976378 132.28346456692913 47.24409448818898 du
1124.4094488188975 694.488188976378 265.748031496063 47.24409448818898 ministre
1324.015748031496 694.488188976378 132.28346456692913 47.24409448818898 de
1390.1574803149606 694.488188976378 132.28346456692913 47.24409448818898 la
1456.2992125984251 694.488188976378 220.86614173228347 47.24409448818898 police
1589.763779527559 694.488188976378 132.28346456692913 47.24409448818898 (De

464.1732283464567 737.007874015748 214.96062992125985 44.881889763779526 cazes);
621.2598425196851 737.007874015748 196.06299212598427 44.881889763779526 Paris,
758.2677165354331 737.007874015748 116.92913385826772 44.881889763779526 12
817.3228346456693 737.007874015748 157.08661417322836 44.881889763779526 mai,
915.3543307086615 737.007874015748 98.03149606299213 44.881889763779526 4
954.3307086614174 737.007874015748 116.92913385826772 44.881889763779526 h.
1013.3858267716536 737.007874015748 116.92913385826772 44.881889763779526 du
1071.259842519685 737.007874015748 175.98425196850394 44.881889763779526 soir,
1189.3700787401574 737.007874015748 98.03149606299213 44.881889763779526 1
1228.3464566929133 737.007874015748 116.92913385826772 44.881889763779526 p.
1267.3228346456692 737.007874015748 137.00787401574803 44.881889763779526 in

530.3149606299213 791.3385826771654 151.1811023622047 43.7007874015748 Ordre
630.7086614173228 791.3385826771654 251.5748031496063 43.7007874015748 d'exécution
832.6771653543307 791.3385826771654 118.11023622047244 43.7007874015748 des
898.8188976377953 791.3385826771654 100.39370078740157 43.7007874015748 21
949.6062992125984 791.3385826771654 235.03937007874015 43.7007874015748 condamnés,
1133.8582677165355 791.3385826771654 151.1811023622047 43.7007874015748 ainsi
1235.4330708661416 791.3385826771654 118.11023622047244 43.7007874015748 que
1302.755905511811 791.3385826771654 167.71653543307087 43.7007874015748 David;
1419.6850393700788 791.3385826771654 201.96850393700788 43.7007874015748 promesse
1570.8661417322835 791.3385826771654 100.39370078740157 43.7007874015748 de
1605.1181102362204 791.3385826771654 118.11023622047244 43.7007874015748 vingt

497.244094488189 829.1338582677165 137.00787401574803 36.61417322834646 mille
589.3700787401575 829.1338582677165 152.36220472440945 36.61417322834646 francs
695.6692913385826 829.1338582677165 76.77165354330708 36.61417322834646 à
726.3779527559055 829.1338582677165 106.2992125984252 36.61417322834646 qui
786.6141732283464 829.1338582677165 167.71653543307087 36.61417322834646 livrera
894.0944881889764 829.1338582677165 137.00787401574803 36.61417322834646 Didier.

505.51181102362204 872.8346456692914 116.92913385826772 49.60629921259842 2°
564.5669291338583 872.8346456692914 116.92913385826772 49.60629921259842 L.
623.6220472440945 872.8346456692914 116.92913385826772 49.60629921259842 a.
681.496062992126 872.8346456692914 116.92913385826772 49.60629921259842 s.
740.5511811023622 872.8346456692914 116.92913385826772 49.60629921259842 du
799.6062992125984 872.8346456692914 274.01574803149606 49.60629921259842 chancelier
1014.5669291338583 872.8346456692914 351.9685039370079 49.60629921259842 Dambray
1307.4803149606298 872.8346456692914 116.92913385826772 49.60629921259842 au
1346.4566929133857 872.8346456692914 370.86614173228344 49.60629921259842 procureur

464.1732283464567 916.5354330708661 102.75590551181102 47.24409448818898 à
504.3307086614173 916.5354330708661 266.92913385826773 47.24409448818898 Grenoble;
709.8425196850394 916.5354330708661 205.51181102362204 47.24409448818898 Paris,
852.7559055118111 916.5354330708661 122.83464566929133 47.24409448818898 12
915.3543307086615 916.5354330708661 144.09448818897638 47.24409448818898 mai
996.8503937007874 916.5354330708661 184.251968503937 47.24409448818898 1816,
1119.6850393700788 916.5354330708661 102.75590551181102 47.24409448818898 1
1161.023622047244 916.5354330708661 122.83464566929133 47.24409448818898 p.
1202.3622047244094 916.5354330708661 144.09448818897638 47.24409448818898 in

532.6771653543307 972.0472440944882 93.30708661417323 40.15748031496063 Le
578.7401574803149 972.0472440944882 203.1496062992126 40.15748031496063 châtiment
735.8267716535433 972.0472440944882 125.19685039370079 40.15748031496063 doit
813.7795275590552 972.0472440944882 155.90551181102362 40.15748031496063 suivre
922.4409448818898 972.0472440944882 93.30708661417323 40.15748031496063 de
969.6850393700787 972.0472440944882 125.19685039370079 40.15748031496063 prés
1047.6377952755906 972.0472440944882 93.30708661417323 40.15748031496063 le
1093.7007874015749 972.0472440944882 155.90551181102362 40.15748031496063 délit;
1203.5433070866143 972.0472440944882 125.19685039370079 40.15748031496063 tous
1281.4960629921259 972.0472440944882 108.66141732283465 40.15748031496063 les
1344.0944881889764 972.0472440944882 140.5511811023622 40.15748031496063 juges
1437.4015748031495 972.0472440944882 155.90551181102362 40.15748031496063 feront
1547.244094488189 972.0472440944882 125.19685039370079 40.15748031496063 sans
1609.8425196850394 972.0472440944882 108.66141732283465 40.15748031496063 doute

494.88188976377955 1012.2047244094488 125.19685039370079 38.976377952755904 leur
572.8346456692914 1012.2047244094488 157.08661417322836 38.976377952755904 devoir
682.6771653543307 1012.2047244094488 125.19685039370079 38.976377952755904 dans
761.8110236220473 1012.2047244094488 141.73228346456693 38.976377952755904 celle
855.1181102362204 1012.2047244094488 266.92913385826773 38.976377952755904 circonstance;
1074.8031496062993 1012.2047244094488 94.48818897637796 38.976377952755904 il
1122.0472440944882 1012.2047244094488 94.48818897637796 38.976377952755904 ne
1169.291338582677 1012.2047244094488 125.19685039370079 38.976377952755904 peut
1247.244094488189 1012.2047244094488 109.84251968503936 38.976377952755904 pas
1311.023622047244 1012.2047244094488 125.19685039370079 38.976377952755904 être
1388.976377952756 1012.2047244094488 187.79527559055117 38.976377952755904 question
1530.708661417323 1012.2047244094488 94.48818897637796 38.976377952755904 de
1561.4173228346456 1012.2047244094488 157.08661417322836 38.976377952755904 clémence

493.7007874015748 1050.0 80.31496062992126 41.338582677165356 à
526.7716535433071 1050.0 112.20472440944881 41.338582677165356 une
590.5511811023622 1050.0 160.62992125984252 41.338582677165356 époque
703.9370078740158 1050.0 145.2755905511811 41.338582677165356 aussi
800.7874015748032 1050.0 177.16535433070865 41.338582677165356 voisine
929.5275590551181 1050.0 96.85039370078741 41.338582677165356 de
977.9527559055118 1050.0 96.85039370078741 41.338582677165356 la
1025.1968503937007 1050.0 193.70078740157481 41.338582677165356 révolte;
1170.4724409448818 1050.0 96.85039370078741 41.338582677165356 la
1218.8976377952756 1050.0 128.74015748031496 41.338582677165356 cour
1299.2125984251968 1050.0 209.0551181102362 41.338582677165356 prévôtale
1461.023622047244 1050.0 145.2755905511811 41.338582677165356 devra
1557.8740157480315 1050.0 128.74015748031496 41.338582677165356 user
1621.6535433070867 1050.0 96.85039370078741 41.338582677165356 avec

492.5196850393701 1091.3385826771653 310.62992125984255 37.79527559055118 circonspection
752.3622047244095 1091.3385826771653 103.93700787401575 37.79527559055118 de
803.1496062992126 1091.3385826771653 120.4724409448819 37.79527559055118 son
872.8346456692914 1091.3385826771653 155.90551181102362 37.79527559055118 droit
976.7716535433071 1091.3385826771653 103.93700787401575 37.79527559055118 de
1027.5590551181103 1091.3385826771653 258.66141732283467 37.79527559055118 recommander
1235.4330708661416 1091.3385826771653 120.4724409448819 37.79527559055118 des
1303.9370078740158 1091.3385826771653 190.15748031496062 37.79527559055118 accusés
1442.1259842519685 1091.3385826771653 86.22047244094489 37.79527559055118 à
1476.3779527559054 1091.3385826771653 103.93700787401575 37.79527559055118 la
1511.8110236220473 1091.3385826771653 206.69291338582678 37.79527559055118 commiséra-

494.88188976377955 1129.1338582677165 127.55905511811024 38.976377952755904 tion
574.0157480314961 1129.1338582677165 95.66929133858268 38.976377952755904 du
621.2598425196851 1129.1338582677165 127.55905511811024 38.976377952755904 roi,
700.3937007874016 1129.1338582677165 95.66929133858268 38.976377952755904 et
748.8188976377953 1129.1338582677165 95.66929133858268 38.976377952755904 il
796.0629921259842 1129.1338582677165 111.02362204724409 38.976377952755904 est
859.8425196850394 1129.1338582677165 222.04724409448818 38.976377952755904 surprenant
1034.6456692913387 1129.1338582677165 174.8031496062992 38.976377952755904 qu'elle
1161.023622047244 1129.1338582677165 111.02362204724409 38.976377952755904 ait
1224.8031496062993 1129.1338582677165 222.04724409448818 38.976377952755904 recommandé
1399.6062992125985 1129.1338582677165 158.26771653543307 38.976377952755904 Pierre
1494.0944881889764 1129.1338582677165 127.55905511811024 38.976377952755904 David.

503.1496062992126 1176.3779527559054 129.92125984251967 49.60629921259842 3°
568.1102362204724 1176.3779527559054 129.92125984251967 49.60629921259842 L.
633.0708661417323 1176.3779527559054 129.92125984251967 49.60629921259842 a.
698.0314960629921 1176.3779527559054 129.92125984251967 49.60629921259842 s.
762.992125984252 1176.3779527559054 129.92125984251967 49.60629921259842 du
827.9527559055118 1176.3779527559054 173.6220472440945 49.60629921259842 même
936.6141732283464 1176.3779527559054 108.66141732283465 49.60629921259842 à
980.3149606299213 1176.3779527559054 129.92125984251967 49.60629921259842 M.
1045.275590551181 1176.3779527559054 238.58267716535434 49.60629921259842 Anglès,
1218.8976377952756 1176.3779527559054 194.88188976377953 49.60629921259842 prem.
1350.0 1176.3779527559054 194.88188976377953 49.60629921259842 prés,
1479.9212598425197 1176.3779527559054 129.92125984251967 49.60629921259842 de
1544.8818897637796 1176.3779527559054 129.92125984251967 49.60629921259842 la
1588.5826771653544 1176.3779527559054 129.92125984251967 49.60629921259842 Cour

464.1732283464567 1217.716535433071 205.51181102362204 49.60629921259842 royale
607.0866141732283 1217.716535433071 122.83464566929133 49.60629921259842 de
669.6850393700787 1217.716535433071 266.92913385826773 49.60629921259842 Grenoble;
875.1968503937007 1217.716535433071 205.51181102362204 49.60629921259842 Paris,
1019.2913385826772 1217.716535433071 122.83464566929133 49.60629921259842 14
1080.708661417323 1217.716535433071 144.09448818897638 49.60629921259842 mai
1162.2047244094488 1217.716535433071 185.43307086614172 49.60629921259842 1816,
1286.2204724409448 1217.716535433071 144.09448818897638 49.60629921259842 1/2
1367.716535433071 1217.716535433071 122.83464566929133 49.60629921259842 p.
1409.0551181102362 1217.716535433071 144.09448818897638 49.60629921259842 in

535.0393700787401 1268.5039370078741 92.1259842519685 41.338582677165356 Il
581.1023622047244 1268.5039370078741 107.48031496062993 41.338582677165356 est
642.5196850393701 1268.5039370078741 199.60629921259843 41.338582677165356 satisfait
796.0629921259842 1268.5039370078741 107.48031496062993 41.338582677165356 des
857.4803149606299 1268.5039370078741 168.89763779527559 41.338582677165356 détails
980.3149606299213 1268.5039370078741 107.48031496062993 41.338582677165356 sur
1041.732283464567 1268.5039370078741 92.1259842519685 41.338582677165356 le
1087.7952755905512 1268.5039370078741 184.251968503937 41.338582677165356 jugement
1224.8031496062993 1268.5039370078741 92.1259842519685 41.338582677165356 et
1270.8661417322835 1268.5039370078741 230.31496062992127 41.338582677165356 l'exécution
1455.1181102362204 1268.5039370078741 107.48031496062993 41.338582677165356 des
1516.5354330708662 1268.5039370078741 184.251968503937 41.338582677165356 premiers
1639.3700787401574 1268.5039370078741 76.77165354330708 41.338582677165356 ré-

493.7007874015748 1305.1181102362204 177.16535433070865 40.15748031496063 voltés.
622.4409448818898 1305.1181102362204 96.85039370078741 40.15748031496063 La
670.8661417322835 1305.1181102362204 128.74015748031496 40.15748031496063 Cour
751.1811023622047 1305.1181102362204 209.0551181102362 40.15748031496063 prévôtale
911.8110236220473 1305.1181102362204 80.31496062992126 40.15748031496063 a
944.8818897637796 1305.1181102362204 257.4803149606299 40.15748031496063 parfaitement
1153.9370078740158 1305.1181102362204 177.16535433070865 40.15748031496063 répondu
1281.4960629921259 1305.1181102362204 96.85039370078741 40.15748031496063 au
1329.9212598425197 1305.1181102362204 112.20472440944881 40.15748031496063 but
1394.8818897637796 1305.1181102362204 96.85039370078741 40.15748031496063 de
1443.3070866141732 1305.1181102362204 112.20472440944881 40.15748031496063 son
1490.5511811023623 1305.1181102362204 225.59055118110237 40.15748031496063 institution,

492.5196850393701 1344.0944881889764 103.93700787401575 41.338582677165356 et
544.488188976378 1344.0944881889764 103.93700787401575 41.338582677165356 la
596.4566929133858 1344.0944881889764 138.18897637795277 41.338582677165356 Cour
682.6771653543307 1344.0944881889764 172.44094488188978 41.338582677165356 royale
803.1496062992126 1344.0944881889764 103.93700787401575 41.338582677165356 ne
855.1181102362204 1344.0944881889764 188.9763779527559 41.338582677165356 pouvait
992.1259842519685 1344.0944881889764 206.69291338582678 41.338582677165356 seconder
1148.0314960629921 1344.0944881889764 103.93700787401575 41.338582677165356 ce
1198.8188976377953 1344.0944881889764 138.18897637795277 41.338582677165356 zèle
1285.0393700787401 1344.0944881889764 120.4724409448819 41.338582677165356 que
1354.724409448819 1344.0944881889764 120.4724409448819 41.338582677165356 par
1423.2283464566929 1344.0944881889764 103.93700787401575 41.338582677165356 sa
1475.1968503937007 1344.0944881889764 258.66141732283467 41.338582677165356 promptitude
1664.1732283464567 1344.0944881889764 51.968503937007874 41.338582677165356 à

493.7007874015748 1380.708661417323 165.35433070866142 42.51968503937008 rendre
609.4488188976378 1380.708661417323 115.74803149606299 42.51968503937008 son
675.5905511811023 1380.708661417323 198.4251968503937 42.51968503937008 jugement
824.4094488188977 1380.708661417323 99.21259842519684 42.51968503937008 de
874.0157480314961 1380.708661417323 248.03149606299212 42.51968503937008 compétence.
1072.4409448818897 1380.708661417323 231.49606299212599 42.51968503937008 «J'espère,
1255.5118110236222 1380.708661417323 165.35433070866142 42.51968503937008 dit-il
1371.259842519685 1380.708661417323 99.21259842519684 42.51968503937008 en
1420.8661417322835 1380.708661417323 231.49606299212599 42.51968503937008 terminant,
1602.755905511811 1380.708661417323 115.74803149606299 42.51968503937008 que
1652.3622047244094 1380.708661417323 66.14173228346456 42.51968503937008 le

496.06299212598424 1418.5039370078741 174.8031496062992 46.06299212598425 premier
622.4409448818898 1418.5039370078741 174.8031496062992 46.06299212598425 exemple
750.0 1418.5039370078741 95.66929133858268 46.06299212598425 et
797.2440944881889 1418.5039370078741 174.8031496062992 46.06299212598425 ceux
924.8031496062993 1418.5039370078741 111.02362204724409 46.06299212598425 qui
987.4015748031496 1418.5039370078741 95.66929133858268 46.06299212598425 ne
1035.8267716535433 1418.5039370078741 206.69291338582678 46.06299212598425 tarderont
1194.0944881889764 1418.5039370078741 111.02362204724409 46.06299212598425 pas
1257.8740157480315 1418.5039370078741 79.13385826771653 46.06299212598425 à
1289.763779527559 1418.5039370078741 95.66929133858268 46.06299212598425 le
1337.007874015748 1418.5039370078741 238.58267716535434 46.06299212598425 suivre,
1511.8110236220473 1418.5039370078741 206.69291338582678 46.06299212598425 étoufferont

493.7007874015748 1456.2992125984251 178.3464566929134 36.61417322834646 bientôt
623.6220472440945 1456.2992125984251 194.88188976377953 36.61417322834646 jusqu'au
768.8976377952756 1456.2992125984251 178.3464566929134 36.61417322834646 dernier
898.8188976377953 1456.2992125984251 145.2755905511811 36.61417322834646 germe
995.6692913385826 1456.2992125984251 96.85039370078741 36.61417322834646 de
1028.740157480315 1456.2992125984251 210.23622047244095 36.61417322834646 révolte...»

414.56692913385825 1509.4488188976377 142.91338582677164 54.330708661417326 85.
496.06299212598424 1509.4488188976377 366.1417322834646 54.330708661417326 GRIGNAN
800.7874015748032 1509.4488188976377 203.1496062992126 54.330708661417326 (Louis
943.7007874015748 1509.4488188976377 284.6456692913386 54.330708661417326 Adhémar
1166.9291338582677 1509.4488188976377 121.65354330708661 54.330708661417326 de
1228.3464566929133 1509.4488188976377 325.98425196850394 54.330708661417326 Monteil,
1492.9133858267717 1509.4488188976377 183.0708661417323 54.330708661417326 comte
1594.4881889763778 1509.4488188976377 121.65354330708661 54.330708661417326 de),

461.81102362204723 1559.0551181102362 283.46456692913387 53.1496062992126 gouverneur
685.0393700787401 1559.0551181102362 121.65354330708661 53.1496062992126 de
745.2755905511812 1559.0551181102362 263.38582677165357 53.1496062992126 Provence,
948.4251968503937 1559.0551181102362 223.22834645669292 53.1496062992126 célèbre
1110.236220472441 1559.0551181102362 141.73228346456693 53.1496062992126 par
1191.732283464567 1559.0551181102362 141.73228346456693 53.1496062992126 les
1272.0472440944882 1559.0551181102362 243.30708661417322 53.1496062992126 services
1455.1181102362204 1559.0551181102362 181.88976377952756 53.1496062992126 qu'il
1556.6929133858268 1559.0551181102362 161.81102362204723 53.1496062992126 rendit

461.81102362204723 1607.4803149606298 119.29133858267717 51.968503937007874 au
522.0472440944882 1607.4803149606298 178.3464566929134 51.968503937007874 parti
640.1574803149606 1607.4803149606298 277.5590551181102 51.968503937007874 catholique
858.6614173228346 1607.4803149606298 218.50393700787401 51.968503937007874 pendant
1018.1102362204724 1607.4803149606298 139.37007874015748 51.968503937007874 les
1097.244094488189 1607.4803149606298 218.50393700787401 51.968503937007874 guerres
1255.5118110236222 1607.4803149606298 238.58267716535434 51.968503937007874 civiles,
1435.0393700787401 1607.4803149606298 158.26771653543307 51.968503937007874 mort
1534.251968503937 1607.4803149606298 119.29133858267717 51.968503937007874 en
1573.2283464566929 1607.4803149606298 139.37007874015748 51.968503937007874 1590.

503.1496062992126 1662.992125984252 108.66141732283465 46.06299212598425 4
545.6692913385826 1662.992125984252 173.6220472440945 46.06299212598425 let.
654.3307086614174 1662.992125984252 194.88188976377953 46.06299212598425 sig.,
784.2519685039371 1662.992125984252 173.6220472440945 46.06299212598425 avec
892.9133858267717 1662.992125984252 129.92125984251967 46.06299212598425 la
957.8740157480315 1662.992125984252 303.54330708661416 46.06299212598425 souscript.
1196.4566929133857 1662.992125984252 194.88188976377953 46.06299212598425 aut.,
1326.3779527559054 1662.992125984252 108.66141732283465 46.06299212598425 à
1368.8976377952756 1662.992125984252 151.1811023622047 46.06299212598425 MM.
1456.2992125984251 1662.992125984252 129.92125984251967 46.06299212598425 de
1500.0 1662.992125984252 216.14173228346456 46.06299212598425 Tournon,

460.62992125984255 1705.5118110236222 230.31496062992127 47.24409448818898 Bastard
628.3464566929134 1705.5118110236222 125.19685039370079 47.24409448818898 de
690.9448818897638 1705.5118110236222 167.71653543307087 47.24409448818898 Suze
796.0629921259842 1705.5118110236222 125.19685039370079 47.24409448818898 et
858.6614173228346 1705.5118110236222 230.31496062992127 47.24409448818898 autres;
1026.3779527559054 1705.5118110236222 230.31496062992127 47.24409448818898 Grignan
1192.9133858267717 1705.5118110236222 187.79527559055117 47.24409448818898 (vers
1318.1102362204724 1705.5118110236222 209.0551181102362 47.24409448818898 1589),
1464.5669291338584 1705.5118110236222 105.11811023622047 47.24409448818898 6
1507.0866141732283 1705.5118110236222 125.19685039370079 47.24409448818898 p.
1548.4251968503936 1705.5118110236222 167.71653543307087 47.24409448818898 in

459.4488188976378 1748.0314960629921 265.748031496063 44.881889763779526 cachets.
659.0551181102362 1748.0314960629921 288.18897637795277 44.881889763779526 Fortement
879.9212598425197 1748.0314960629921 243.30708661417322 44.881889763779526 piquées
1034.6456692913387 1748.0314960629921 288.18897637795277 44.881889763779526 d’humidité.

533.8582677165355 1797.6377952755906 206.69291338582678 38.976377952755904 Relatives
692.1259842519685 1797.6377952755906 111.02362204724409 38.976377952755904 aux
755.9055118110236 1797.6377952755906 190.15748031496062 38.976377952755904 affaires
898.8188976377953 1797.6377952755906 95.66929133858268 38.976377952755904 du
930.7086614173228 1797.6377952755906 127.55905511811024 38.976377952755904 temps.

413.38582677165357 1849.6062992125985 152.36220472440945 53.1496062992126 86.
499.6062992125984 1849.6062992125985 390.9448818897638 53.1496062992126 GRIGNAN
825.5905511811023 1849.6062992125985 282.2834645669291 53.1496062992126 (François
1042.9133858267717 1849.6062992125985 173.6220472440945 53.1496062992126 de),
1151.5748031496064 1849.6062992125985 173.6220472440945 53.1496062992126 abbé
1260.236220472441 1849.6062992125985 369.68503937007875 53.1496062992126 d’Aiguebelle,
1543.7007874015749 1849.6062992125985 173.6220472440945 53.1496062992126 évêque

461.81102362204723 1899.2125984251968 120.4724409448819 51.968503937007874 de
522.0472440944882 1899.2125984251968 561.0236220472441 51.968503937007874 St-Paull-Trois-Châteaux,
1022.8346456692914 1899.2125984251968 160.62992125984252 51.968503937007874 puis
1123.2283464566929 1899.2125984251968 220.86614173228347 51.968503937007874 archev.
1263.7795275590552 1899.2125984251968 200.78740157480314 51.968503937007874 d’Arles.

507.87401574803147 1959.4488188976377 125.19685039370079 46.06299212598425 1°
570.4724409448819 1959.4488188976377 125.19685039370079 46.06299212598425 L.
633.0708661417323 1959.4488188976377 125.19685039370079 46.06299212598425 a.
695.6692913385826 1959.4488188976377 125.19685039370079 46.06299212598425 s.
758.2677165354331 1959.4488188976377 103.93700787401575 46.06299212598425 à
799.6062992125984 1959.4488188976377 125.19685039370079 46.06299212598425 M.
862.2047244094488 1959.4488188976377 249.21259842519686 46.06299212598425 Guillot,
1048.8188976377953 1959.4488188976377 125.19685039370079 46.06299212598425 au
1111.4173228346456 1959.4488188976377 394.48818897637796 46.06299212598425 Pont-St-Esprit,
1443.3070866141732 1959.4488188976377 186.61417322834646 46.06299212598425 (vers
1547.244094488189 1959.4488188976377 166.53543307086613 46.06299212598425 1650);

461.81102362204723 2003.1496062992126 129.92125984251967 46.06299212598425 ce
526.7716535433071 2003.1496062992126 216.14173228346456 46.06299212598425 samedi
677.9527559055118 2003.1496062992126 129.92125984251967 46.06299212598425 au
741.7322834645669 2003.1496062992126 194.88188976377953 46.06299212598425 soir,
871.6535433070866 2003.1496062992126 107.48031496062993 46.06299212598425 1
915.3543307086615 2003.1496062992126 129.92125984251967 46.06299212598425 p.
979.1338582677165 2003.1496062992126 194.88188976377953 46.06299212598425 in-f.
1109.0551181102362 2003.1496062992126 107.48031496062993 46.06299212598425 —
1152.755905511811 2003.1496062992126 129.92125984251967 46.06299212598425 2°
1217.716535433071 2003.1496062992126 194.88188976377953 46.06299212598425 Pièce
1346.4566929133857 2003.1496062992126 194.88188976377953 46.06299212598425 sig.,
1476.3779527559054 2003.1496062992126 151.1811023622047 46.06299212598425 sur
1541.3385826771653 2003.1496062992126 172.44094488188978 46.06299212598425 vélin,

467.7165354330709 2046.8503937007874 161.81102362204723 44.881889763779526 1643,
575.1968503937007 2046.8503937007874 89.76377952755905 44.881889763779526 2
610.6299212598425 2046.8503937007874 107.48031496062993 44.881889763779526 p.
664.9606299212599 2046.8503937007874 125.19685039370079 44.881889763779526 1/2
719.2913385826772 2046.8503937007874 125.19685039370079 44.881889763779526 in

412.20472440944883 2105.9055118110236 140.5511811023622 51.968503937007874 87.
492.5196850393701 2105.9055118110236 360.23622047244095 51.968503937007874 GRIGNAN
792.5196850393701 2105.9055118110236 140.5511811023622 51.968503937007874 (le
872.8346456692914 2105.9055118110236 259.84251968503935 51.968503937007874 chevalier
1052.3622047244094 2105.9055118110236 120.4724409448819 51.968503937007874 de).

505.51181102362204 2157.8740157480315 129.92125984251967 44.881889763779526 1°
570.4724409448819 2157.8740157480315 129.92125984251967 44.881889763779526 L.
635.4330708661417 2157.8740157480315 129.92125984251967 44.881889763779526 a.
699.2125984251968 2157.8740157480315 129.92125984251967 44.881889763779526 s.
764.1732283464567 2157.8740157480315 108.66141732283465 44.881889763779526 à
807.8740157480315 2157.8740157480315 151.1811023622047 44.881889763779526 son
894.0944881889764 2157.8740157480315 194.88188976377953 44.881889763779526 frère
1024.015748031496 2157.8740157480315 129.92125984251967 44.881889763779526 le
1088.976377952756 2157.8740157480315 194.88188976377953 44.881889763779526 comte
1218.8976377952756 2157.8740157480315 129.92125984251967 44.881889763779526 de
1283.8582677165355 2157.8740157480315 259.84251968503935 44.881889763779526 Grignan;
1478.740157480315 2157.8740157480315 172.44094488188978 44.881889763779526 Aix,
1564.9606299212599 2157.8740157480315 151.1811023622047 44.881889763779526 1610,

458.26771653543307 2201.5748031496064 101.5748031496063 49.60629921259842 2
498.4251968503937 2201.5748031496064 121.65354330708661 49.60629921259842 p.
559.8425196850394 2201.5748031496064 201.96850393700788 49.60629921259842 in-f.,
701.5748031496063 2201.5748031496064 223.22834645669292 49.60629921259842 cachet.
863.3858267716536 2201.5748031496064 101.5748031496063 49.60629921259842 —
903.5433070866142 2201.5748031496064 121.65354330708661 49.60629921259842 2°
964.9606299212599 2201.5748031496064 181.88976377952756 49.60629921259842 Reçus
1085.4330708661416 2201.5748031496064 181.88976377952756 49.60629921259842 sig.;
1207.0866141732283 2201.5748031496064 243.30708661417322 49.60629921259842 Avignon,
1390.1574803149606 2201.5748031496064 243.30708661417322 49.60629921259842 1633-36,
1572.0472440944882 2201.5748031496064 141.73228346456693 49.60629921259842 1/2
1632.283464566929 2201.5748031496064 81.49606299212599 49.60629921259842 p.

462.99212598425197 2247.6377952755906 147.63779527559055 44.881889763779526 in-4
555.1181102362204 2247.6377952755906 111.02362204724409 44.881889763779526 et
610.6299212598425 2247.6377952755906 128.74015748031496 44.881889763779526 1/2
685.0393700787401 2247.6377952755906 111.02362204724409 44.881889763779526 p.
721.6535433070866 2247.6377952755906 128.74015748031496 44.881889763779526 in

411.0236220472441 2301.968503937008 152.36220472440945 51.968503937007874 88.
497.244094488189 2301.968503937008 369.68503937007875 51.968503937007874 GRIGAN
801.9685039370079 2301.968503937008 413.38582677165357 51.968503937007874 (Louis-Gaucher,
1149.2125984251968 2301.968503937008 196.06299212598427 51.968503937007874 comte
1280.3149606299212 2301.968503937008 173.6220472440945 51.968503937007874 de),
1388.976377952756 2301.968503937008 217.3228346456693 51.968503937007874 mestre
1541.3385826771653 2301.968503937008 129.92125984251967 51.968503937007874 de
1585.0393700787401 2301.968503937008 129.92125984251967 51.968503937007874 camp

457.0866141732283 2350.3937007874015 132.28346456692913 49.60629921259842 du
523.2283464566929 2350.3937007874015 265.748031496063 49.60629921259842 régiment
722.8346456692914 2350.3937007874015 309.4488188976378 49.60629921259842 d’Adhémar,
966.1417322834645 2350.3937007874015 265.748031496063 49.60629921259842 maréchal
1164.5669291338584 2350.3937007874015 132.28346456692913 49.60629921259842 de
1230.708661417323 2350.3937007874015 198.4251968503937 49.60629921259842 camp,
1364.1732283464567 2350.3937007874015 177.16535433070865 49.60629921259842 père
1474.015748031496 2350.3937007874015 132.28346456692913 49.60629921259842 du
1518.8976377952756 2350.3937007874015 198.4251968503937 49.60629921259842 lieut.-

459.4488188976378 2389.3700787401576 167.71653543307087 61.41732283464567 gén.
564.5669291338583 2389.3700787401576 126.37795275590551 61.41732283464567 de
627.1653543307086 2389.3700787401576 272.8346456692913 61.41732283464567 Provence,
837.4015748031496 2389.3700787401576 167.71653543307087 61.41732283464567 mort
942.5196850393701 2389.3700787401576 126.37795275590551 61.41732283464567 en
985.0393700787401 2389.3700787401576 146.45669291338584 61.41732283464567 1668.

506.6929133858268 2450.787401574803 100.39370078740157 47.24409448818898 L.
556.2992125984252 2450.787401574803 100.39370078740157 47.24409448818898 a.
607.0866141732283 2450.787401574803 116.92913385826772 47.24409448818898 s.;
674.4094488188977 2450.787401574803 200.78740157480314 47.24409448818898 Grignan,
824.4094488188977 2450.787401574803 100.39370078740157 47.24409448818898 13
875.1968503937007 2450.787401574803 151.1811023622047 47.24409448818898 juil.
975.5905511811023 2450.787401574803 151.1811023622047 47.24409448818898 1626,
1075.984251968504 2450.787401574803 83.85826771653544 47.24409448818898 1
1110.236220472441 2450.787401574803 100.39370078740157 47.24409448818898 p.
1159.8425196850394 2450.787401574803 116.92913385826772 47.24409448818898 pl.
1227.1653543307086 2450.787401574803 151.1811023622047 47.24409448818898 in-f.
1327.5590551181103 2450.787401574803 200.78740157480314 47.24409448818898 Belle
1462.2047244094488 2450.787401574803 200.78740157480314 47.24409448818898 pièce.

411.0236220472441 2511.0236220472443 150.0 50.78740157480315 89.
496.06299212598424 2511.0236220472443 385.03937007874015 50.78740157480315 GRIGNAN
817.3228346456693 2511.0236220472443 321.25984251968504 50.78740157480315 (Marguerite
1074.8031496062993 2511.0236220472443 278.74015748031496 50.78740157480315 d’Ornane,
1288.5826771653544 2511.0236220472443 257.4803149606299 50.78740157480315 comtesse
1482.283464566929 2511.0236220472443 171.25984251968504 50.78740157480315 de),
1567.3228346456692 2511.0236220472443 150.0 50.78740157480315 femme

458.26771653543307 2559.448818897638 128.74015748031496 49.60629921259842 de
522.0472440944882 2559.448818897638 366.1417322834646 49.60629921259842 Louis-Gaucher
823.2283464566929 2559.448818897638 128.74015748031496 49.60629921259842 de
866.9291338582677 2559.448818897638 214.96062992125985 49.60629921259842 Grignan.

499.6062992125984 2612.5984251968503 132.28346456692913 49.60629921259842 L.
565.7480314960629 2612.5984251968503 132.28346456692913 49.60629921259842 a.
633.0708661417323 2612.5984251968503 132.28346456692913 49.60629921259842 s.
699.2125984251968 2612.5984251968503 111.02362204724409 49.60629921259842 à
742.9133858267717 2612.5984251968503 132.28346456692913 49.60629921259842 M.
809.0551181102362 2612.5984251968503 243.30708661417322 49.60629921259842 Armand,
986.2204724409448 2612.5984251968503 111.02362204724409 49.60629921259842 à
1031.1023622047244 2612.5984251968503 309.4488188976378 49.60629921259842 Marseille;
1274.4094488188975 2612.5984251968503 265.748031496063 49.60629921259842 Grignan,
1472.8346456692914 2612.5984251968503 199.60629921259843 49.60629921259842 1648,
1605.1181102362204 2612.5984251968503 111.02362204724409 49.60629921259842 1
1627.5590551181103 2612.5984251968503 88.58267716535433 49.60629921259842 p.

459.4488188976378 2657.48031496063 187.79527559055117 46.06299212598425 in-8,
584.6456692913385 2657.48031496063 230.31496062992127 46.06299212598425 cachets
731.1023622047244 2657.48031496063 230.31496062992127 46.06299212598425 armoriés.

409.84251968503935 2720.0787401574803 147.63779527559055 62.59842519685039 90.
493.7007874015748 2720.0787401574803 377.9527559055118 62.59842519685039 GRIGNAN
809.0551181102362 2720.0787401574803 167.71653543307087 62.59842519685039 (Fr.
914.1732283464567 2720.0787401574803 294.09448818897636 62.59842519685039 Adhémar
1145.6692913385828 2720.0787401574803 126.37795275590551 62.59842519685039 de
1209.4488188976377 2720.0787401574803 336.61417322834643 62.59842519685039 Monteil,
1482.283464566929 2720.0787401574803 188.9763779527559 62.59842519685039 comte
1587.4015748031495 2720.0787401574803 126.37795275590551 62.59842519685039 de),

460.62992125984255 2766.1417322834645 324.8031496062992 55.511811023622045 lieut.-gén.
719.2913385826772 2766.1417322834645 129.92125984251967 55.511811023622045 en
784.2519685039371 2766.1417322834645 281.1023622047244 55.511811023622045 Languedoc
1001.5748031496063 2766.1417322834645 129.92125984251967 55.511811023622045 et
1066.5354330708662 2766.1417322834645 129.92125984251967 55.511811023622045 en
1130.3149606299212 2766.1417322834645 281.1023622047244 55.511811023622045 Provence,
1347.6377952755906 2766.1417322834645 216.14173228346456 55.511811023622045 gendre
1498.8188976377953 2766.1417322834645 129.92125984251967 55.511811023622045 de
1563.7795275590552 2766.1417322834645 151.1811023622047 55.511811023622045 Mme
1628.740157480315 2766.1417322834645 86.22047244094489 55.511811023622045 de

441.73228346456693 2821.6535433070867 201.96850393700788 47.24409448818898 Sévigné.
