2160.236220472441 3351.968503937008
995.6692913385826 439.37007874015745 155.90551181102362 36.61417322834646 —
1057.0866141732283 439.37007874015745 186.61417322834646 36.61417322834646 14
1119.6850393700788 439.37007874015745 93.30708661417323 36.61417322834646 —

546.8503937007874 518.503937007874 102.75590551181102 47.24409448818898 4
587.007874015748 518.503937007874 205.51181102362204 47.24409448818898 pièces
731.1023622047244 518.503937007874 184.251968503937 47.24409448818898 sig.,
853.9370078740158 518.503937007874 164.17322834645668 47.24409448818898 dont
956.6929133858267 518.503937007874 144.09448818897638 47.24409448818898 une
1038.1889763779527 518.503937007874 164.17322834645668 47.24409448818898 avec
1140.9448818897638 518.503937007874 122.83464566929133 47.24409448818898 3.
1202.3622047244094 518.503937007874 164.17322834645668 47.24409448818898 lig.
1305.1181102362204 518.503937007874 184.251968503937 47.24409448818898 aut.,
1427.9527559055118 518.503937007874 287.00787401574803 47.24409448818898 1653-1714,
1653.5433070866143 518.503937007874 102.75590551181102 47.24409448818898 6
1674.8031496062993 518.503937007874 81.49606299212599 47.24409448818898 p.

505.51181102362204 563.3858267716536 155.90551181102362 43.7007874015748 in-4
602.3622047244095 563.3858267716536 116.92913385826772 43.7007874015748 ou
660.2362204724409 563.3858267716536 194.88188976377953 43.7007874015748 in-f.,
777.1653543307086 563.3858267716536 194.88188976377953 43.7007874015748 cachets.

574.0157480314961 622.4409448818898 153.54330708661416 40.15748031496063 Pièces
681.496062992126 622.4409448818898 199.60629921259843 40.15748031496063 d'intérêt
835.0393700787401 622.4409448818898 153.54330708661416 40.15748031496063 privé.
943.7007874015748 622.4409448818898 138.18897637795277 40.15748031496063 L’une
1035.8267716535433 622.4409448818898 184.251968503937 40.15748031496063 d’elles,
1174.015748031496 622.4409448818898 92.1259842519685 40.15748031496063 de
1220.0787401574803 622.4409448818898 138.18897637795277 40.15748031496063 1699,
1312.2047244094488 622.4409448818898 138.18897637795277 40.15748031496063 porte
1404.3307086614172 622.4409448818898 92.1259842519685 40.15748031496063 la
1450.3937007874015 622.4409448818898 199.60629921259843 40.15748031496063 signature
1605.1181102362204 622.4409448818898 92.1259842519685 40.15748031496063 de
1635.8267716535433 622.4409448818898 122.83464566929133 40.15748031496063 Joseph

535.0393700787401 662.5984251968504 239.76377952755905 37.79527559055118 chevalier
729.9212598425197 662.5984251968504 89.76377952755905 37.79527559055118 de
774.8031496062993 662.5984251968504 239.76377952755905 37.79527559055118 Grignan,
969.6850393700787 662.5984251968504 179.5275590551181 37.79527559055118 maréchal
1105.5118110236222 662.5984251968504 89.76377952755905 37.79527559055118 de
1135.0393700787401 662.5984251968504 105.11811023622047 37.79527559055118 camp.

451.18110236220474 722.8346456692914 147.63779527559055 50.78740157480315 94.
536.2204724409448 722.8346456692914 380.31496062992125 50.78740157480315 GRIGNAN
852.7559055118111 722.8346456692914 549.2125984251968 50.78740157480315 (Françoise-Marguerite,
1338.1889763779527 722.8346456692914 253.93700787401573 50.78740157480315 comtesse
1528.3464566929133 722.8346456692914 168.89763779527559 50.78740157480315 de),
1613.3858267716535 722.8346456692914 147.63779527559055 50.78740157480315 fille

503.1496062992126 770.0787401574803 120.4724409448819 50.78740157480315 de
563.3858267716536 770.0787401574803 139.37007874015748 50.78740157480315 Mme
643.7007874015748 770.0787401574803 120.4724409448819 50.78740157480315 de
702.7559055118111 770.0787401574803 239.76377952755905 50.78740157480315 Sévigné,
883.4645669291339 770.0787401574803 139.37007874015748 50.78740157480315 qui
962.5984251968504 770.0787401574803 139.37007874015748 50.78740157480315 l'a
1042.9133858267717 770.0787401574803 199.60629921259843 50.78740157480315 rendue
1182.283464566929 770.0787401574803 100.39370078740157 50.78740157480315 à
1222.4409448818897 770.0787401574803 199.60629921259843 50.78740157480315 jamais
1362.992125984252 770.0787401574803 219.68503937007873 50.78740157480315 célèbre
1522.4409448818897 770.0787401574803 139.37007874015748 50.78740157480315 par
1602.755905511811 770.0787401574803 120.4724409448819 50.78740157480315 sa
1641.732283464567 770.0787401574803 120.4724409448819 50.78740157480315 cor

478.34645669291336 822.0472440944882 296.45669291338584 49.60629921259842 respondance.

544.488188976378 883.4645669291339 284.6456692913386 47.24409448818898 Obligation
767.7165354330708 883.4645669291339 162.99212598425197 47.24409448818898 aut.
869.2913385826772 883.4645669291339 183.0708661417323 47.24409448818898 sig.;
992.1259842519685 883.4645669291339 162.99212598425197 47.24409448818898 Aix,
1093.7007874015749 883.4645669291339 121.65354330708661 47.24409448818898 20
1155.1181102362204 883.4645669291339 142.91338582677164 47.24409448818898 av.
1236.6141732283465 883.4645669291339 183.0708661417323 47.24409448818898 1673,
1358.267716535433 883.4645669291339 101.5748031496063 47.24409448818898 1
1398.4251968503936 883.4645669291339 121.65354330708661 47.24409448818898 p.
1459.8425196850394 883.4645669291339 162.99212598425197 47.24409448818898 in-8
1541.3385826771653 883.4645669291339 183.0708661417323 47.24409448818898 oblong.

570.4724409448819 943.7007874015748 131.10236220472441 47.24409448818898 Elle
651.9685039370079 943.7007874015748 196.06299212598427 47.24409448818898 s’engage
799.6062992125984 943.7007874015748 81.49606299212599 47.24409448818898 à
831.496062992126 943.7007874015748 146.45669291338584 47.24409448818898 tenir
929.5275590551181 943.7007874015748 162.99212598425197 47.24409448818898 compte
1044.0944881889764 943.7007874015748 98.03149606299213 47.24409448818898 au
1092.5196850393702 943.7007874015748 146.45669291338584 47.24409448818898 sieur
1190.5511811023623 943.7007874015748 162.99212598425197 47.24409448818898 Mossy,
1305.1181102362204 943.7007874015748 179.5275590551181 47.24409448818898 rentier
1436.2204724409448 943.7007874015748 325.98425196850394 47.24409448818898 d’Entrecasteaux,
1697.244094488189 943.7007874015748 64.96062992125984 47.24409448818898 de

531.496062992126 983.8582677165355 99.21259842519684 38.976377952755904 la
581.1023622047244 983.8582677165355 147.63779527559055 38.976377952755904 somme
679.1338582677165 983.8582677165355 99.21259842519684 38.976377952755904 de
728.7401574803149 983.8582677165355 147.63779527559055 38.976377952755904 1,500
827.9527559055118 983.8582677165355 131.10236220472441 38.976377952755904 liv.
909.4488188976378 983.8582677165355 147.63779527559055 38.976377952755904 qu’il
1008.6614173228346 983.8582677165355 82.67716535433071 38.976377952755904 a
1041.732283464567 983.8582677165355 147.63779527559055 38.976377952755904 payée
1139.763779527559 983.8582677165355 114.56692913385827 38.976377952755904 par
1205.9055118110236 983.8582677165355 114.56692913385827 38.976377952755904 son
1255.5118110236222 983.8582677165355 131.10236220472441 38.976377952755904 ordre.

448.81889763779526 1034.6456692913387 155.90551181102362 60.23622047244095 92.
537.4015748031496 1034.6456692913387 199.60629921259843 60.23622047244095 LA
670.8661417322835 1034.6456692913387 289.37007874015745 60.23622047244095 MÊME.
894.0944881889764 1034.6456692913387 133.46456692913387 60.23622047244095 1°
960.2362204724409 1034.6456692913387 178.3464566929134 60.23622047244095 Note
1071.259842519685 1034.6456692913387 178.3464566929134 60.23622047244095 aut.
1182.283464566929 1034.6456692913387 155.90551181102362 60.23622047244095 sur
1272.0472440944882 1034.6456692913387 155.90551181102362 60.23622047244095 son
1360.6299212598426 1034.6456692913387 333.07086614173227 60.23622047244095 argenterie,
1605.1181102362204 1034.6456692913387 155.90551181102362 60.23622047244095 (vers

503.1496062992126 1093.7007874015749 197.24409448818898 48.425196850393704 1704),
641.3385826771654 1093.7007874015749 98.03149606299213 48.425196850393704 1
680.3149606299213 1093.7007874015749 118.11023622047244 48.425196850393704 p.
739.3700787401575 1093.7007874015749 138.18897637795277 48.425196850393704 1/4
818.503937007874 1093.7007874015749 177.16535433070865 48.425196850393704 in-8.
936.6141732283464 1093.7007874015749 98.03149606299213 48.425196850393704 —
975.5905511811023 1093.7007874015749 118.11023622047244 48.425196850393704 2°
1034.6456692913387 1093.7007874015749 157.08661417322836 48.425196850393704 Note
1133.8582677165355 1093.7007874015749 157.08661417322836 48.425196850393704 aut.
1231.8897637795276 1093.7007874015749 118.11023622047244 48.425196850393704 de
1290.9448818897638 1093.7007874015749 98.03149606299213 48.425196850393704 8
1329.9212598425197 1093.7007874015749 216.14173228346456 48.425196850393704 petites
1468.1102362204724 1093.7007874015749 118.11023622047244 48.425196850393704 lig.

453.54330708661416 1159.8425196850394 134.64566929133858 53.1496062992126 93.
530.3149606299213 1159.8425196850394 344.88188976377955 53.1496062992126 GRIGNAN
817.3228346456693 1159.8425196850394 211.41732283464566 53.1496062992126 (Joseph
970.8661417322835 1159.8425196850394 402.755905511811 53.1496062992126 d'Adhémar,
1316.9291338582677 1159.8425196850394 249.21259842519686 53.1496062992126 chevalier
1508.267716535433 1159.8425196850394 153.54330708661416 53.1496062992126 de),
1585.0393700787401 1159.8425196850394 172.44094488188978 53.1496062992126 maréch.

498.4251968503937 1210.6299212598426 133.46456692913387 51.968503937007874 de
565.7480314960629 1210.6299212598426 199.60629921259843 51.968503937007874 camp,
698.0314960629921 1210.6299212598426 199.60629921259843 51.968503937007874 époux
831.496062992126 1210.6299212598426 133.46456692913387 51.968503937007874 de
897.6377952755905 1210.6299212598426 288.18897637795277 51.968503937007874 Gahrielle
1119.6850393700788 1210.6299212598426 310.62992125984255 51.968503937007874 d’Oraison,
1362.992125984252 1210.6299212598426 199.60629921259843 51.968503937007874 frère
1496.4566929133857 1210.6299212598426 133.46456692913387 51.968503937007874 du
1562.5984251968505 1210.6299212598426 199.60629921259843 51.968503937007874 comte
1673.6220472440946 1210.6299212598426 88.58267716535433 51.968503937007874 de

501.9685039370079 1259.0551181102362 261.0236220472441 50.78740157480315 Grignan,
696.8503937007874 1259.0551181102362 129.92125984251967 50.78740157480315 et
761.8110236220473 1259.0551181102362 152.36220472440945 50.78740157480315 son
849.2125984251968 1259.0551181102362 434.6456692913386 50.78740157480315 souffre-douleur,
1217.716535433071 1259.0551181102362 194.88188976377953 50.78740157480315 ainsi
1348.8188976377953 1259.0551181102362 152.36220472440945 50.78740157480315 que
1435.0393700787401 1259.0551181102362 173.6220472440945 50.78740157480315 nous
1522.4409448818897 1259.0551181102362 238.58267716535434 50.78740157480315 l’apprend

498.4251968503937 1308.6614173228347 153.54330708661416 48.425196850393704 Mme
587.007874015748 1308.6614173228347 131.10236220472441 48.425196850393704 de
630.7086614173228 1308.6614173228347 218.50393700787401 48.425196850393704 Sévigné.

543.3070866141733 1371.259842519685 129.92125984251967 44.881889763779526 L.
608.2677165354331 1371.259842519685 173.6220472440945 44.881889763779526 aut.
716.9291338582677 1371.259842519685 108.66141732283465 44.881889763779526 à
759.4488188976378 1371.259842519685 129.92125984251967 44.881889763779526 M.
825.5905511811023 1371.259842519685 129.92125984251967 44.881889763779526 de
890.5511811023622 1371.259842519685 129.92125984251967 44.881889763779526 La
955.511811023622 1371.259842519685 261.0236220472441 44.881889763779526 Moignon;
1150.3937007874015 1371.259842519685 347.244094488189 44.881889763779526 (Marseille),
1432.6771653543308 1371.259842519685 129.92125984251967 44.881889763779526 16
1497.6377952755906 1371.259842519685 194.88188976377953 44.881889763779526 juil.
1606.2992125984251 1371.259842519685 152.36220472440945 44.881889763779526 (vers

512.5984251968504 1416.1417322834645 128.74015748031496 43.7007874015748 1705)
597.6377952755905 1416.1417322834645 70.86614173228347 43.7007874015748 ,
627.1653543307086 1416.1417322834645 70.86614173228347 43.7007874015748 3
655.511811023622 1416.1417322834645 85.03937007874016 43.7007874015748 p.
698.0314960629921 1416.1417322834645 100.39370078740157 43.7007874015748 1/4
754.7244094488188 1416.1417322834645 128.74015748031496 43.7007874015748 in-8.
840.9448818897638 1416.1417322834645 171.25984251968504 43.7007874015748 Belle
954.3307086614174 1416.1417322834645 171.25984251968504 43.7007874015748 pièce.

569.2913385826772 1474.015748031496 172.44094488188978 40.15748031496063 Epître
690.9448818897638 1474.015748031496 276.37795275590554 40.15748031496063 agréablement
915.3543307086615 1474.015748031496 206.69291338582678 40.15748031496063 tournée.
1070.0787401574803 1474.015748031496 86.22047244094489 40.15748031496063 —
1105.5118110236222 1474.015748031496 103.93700787401575 40.15748031496063 M.
1156.2992125984251 1474.015748031496 103.93700787401575 40.15748031496063 de
1208.267716535433 1474.015748031496 103.93700787401575 40.15748031496063 La
1260.236220472441 1474.015748031496 190.15748031496062 40.15748031496063 Moignon
1398.4251968503936 1474.015748031496 190.15748031496062 40.15748031496063 voulant
1536.6141732283465 1474.015748031496 103.93700787401575 40.15748031496063 se
1588.5826771653544 1474.015748031496 190.15748031496062 40.15748031496063 retirer
1709.0551181102362 1474.015748031496 51.968503937007874 40.15748031496063 à

532.6771653543307 1512.992125984252 105.11811023622047 38.976377952755904 la
585.8267716535433 1512.992125984252 227.95275590551182 38.976377952755904 campagne,
760.6299212598425 1512.992125984252 105.11811023622047 38.976377952755904 il
813.7795275590552 1512.992125984252 193.70078740157481 38.976377952755904 cherche
954.3307086614174 1512.992125984252 87.4015748031496 38.976377952755904 à
989.7637795275591 1512.992125984252 140.5511811023622 38.976377952755904 l'en
1077.1653543307086 1512.992125984252 245.66929133858267 38.976377952755904 détourner.
1270.8661417322835 1512.992125984252 122.83464566929133 38.976377952755904 «Je
1340.5511811023623 1512.992125984252 210.23622047244095 38.976377952755904 comprens
1498.8188976377953 1512.992125984252 210.23622047244095 38.976377952755904 pourtant
1639.3700787401574 1512.992125984252 122.83464566929133 38.976377952755904 mieux

536.2204724409448 1550.7874015748032 107.48031496062993 37.79527559055118 que
597.6377952755905 1550.7874015748032 199.60629921259843 37.79527559055118 personne,
751.1811023622047 1550.7874015748032 168.89763779527559 37.79527559055118 dit-il,
872.8346456692914 1550.7874015748032 92.1259842519685 37.79527559055118 le
918.8976377952756 1550.7874015748032 138.18897637795277 37.79527559055118 goust
1011.0236220472441 1550.7874015748032 92.1259842519685 37.79527559055118 de
1057.0866141732283 1550.7874015748032 92.1259842519685 37.79527559055118 la
1103.1496062992126 1550.7874015748032 199.60629921259843 37.79527559055118 solitude,
1256.6929133858268 1550.7874015748032 122.83464566929133 37.79527559055118 mais
1333.4645669291338 1550.7874015748032 92.1259842519685 37.79527559055118 ce
1379.5275590551182 1550.7874015748032 138.18897637795277 37.79527559055118 n’est
1470.4724409448818 1550.7874015748032 92.1259842519685 37.79527559055118 le
1516.5354330708662 1550.7874015748032 168.89763779527559 37.79527559055118 partage
1639.3700787401574 1550.7874015748032 107.48031496062993 37.79527559055118 que
1685.4330708661416 1550.7874015748032 76.77165354330708 37.79527559055118 des

533.8582677165355 1588.5826771653544 134.64566929133858 38.976377952755904 gens
617.7165354330708 1588.5826771653544 201.96850393700788 38.976377952755904 inutiles
768.8976377952756 1588.5826771653544 151.1811023622047 38.976377952755904 comme
869.2913385826772 1588.5826771653544 151.1811023622047 38.976377952755904 moy.»
970.8661417322835 1588.5826771653544 100.39370078740157 38.976377952755904 Il
1021.6535433070866 1588.5826771653544 118.11023622047244 38.976377952755904 lui
1088.976377952756 1588.5826771653544 134.64566929133858 38.976377952755904 fait
1172.8346456692914 1588.5826771653544 134.64566929133858 38.976377952755904 part
1256.6929133858268 1588.5826771653544 185.43307086614172 38.976377952755904 ensuite
1391.3385826771653 1588.5826771653544 118.11023622047244 38.976377952755904 des
1458.6614173228347 1588.5826771653544 185.43307086614172 38.976377952755904 alarmes
1593.3070866141732 1588.5826771653544 118.11023622047244 38.976377952755904 que
1660.6299212598426 1588.5826771653544 118.11023622047244 38.976377952755904 lui
1710.236220472441 1588.5826771653544 50.78740157480315 38.976377952755904 a

533.8582677165355 1625.1968503937007 185.43307086614172 38.976377952755904 causées
668.503937007874 1625.1968503937007 101.5748031496063 38.976377952755904 la
719.2913385826772 1625.1968503937007 185.43307086614172 38.976377952755904 maladie
853.9370078740158 1625.1968503937007 101.5748031496063 38.976377952755904 du
904.7244094488188 1625.1968503937007 201.96850393700788 38.976377952755904 maréchal
1055.9055118110236 1625.1968503937007 101.5748031496063 38.976377952755904 de
1106.6929133858268 1625.1968503937007 185.43307086614172 38.976377952755904 Lorges,
1241.3385826771653 1625.1968503937007 118.11023622047244 38.976377952755904 lui
1308.6614173228347 1625.1968503937007 236.2204724409449 38.976377952755904 recommande
1494.0944881889764 1625.1968503937007 134.64566929133858 38.976377952755904 Mlle
1577.9527559055118 1625.1968503937007 101.5748031496063 38.976377952755904 de
1612.2047244094488 1625.1968503937007 151.1811023622047 38.976377952755904 Grignan

533.8582677165355 1664.1732283464567 102.75590551181102 41.338582677165356 du
584.6456692913385 1664.1732283464567 205.51181102362204 41.338582677165356 faubourg
738.1889763779527 1664.1732283464567 256.2992125984252 41.338582677165356 St-Jacques,
943.7007874015748 1664.1732283464567 102.75590551181102 41.338582677165356 et
994.488188976378 1664.1732283464567 171.25984251968504 41.338582677165356 plaint
1114.9606299212599 1664.1732283464567 205.51181102362204 41.338582677165356 beaucoup
1268.5039370078741 1664.1732283464567 153.54330708661416 41.338582677165356 cette
1371.259842519685 1664.1732283464567 171.25984251968504 41.338582677165356 pauvre
1490.5511811023623 1664.1732283464567 205.51181102362204 41.338582677165356 comtesse
1627.5590551181103 1664.1732283464567 137.00787401574803 41.338582677165356 d'Har-

535.0393700787401 1703.1496062992126 153.54330708661416 41.338582677165356 court,
642.5196850393701 1703.1496062992126 214.96062992125985 41.338582677165356 tyrannisée
811.4173228346457 1703.1496062992126 107.48031496062993 41.338582677165356 par
872.8346456692914 1703.1496062992126 92.1259842519685 41.338582677165356 sa
918.8976377952756 1703.1496062992126 245.66929133858267 41.338582677165356 belle-fille.
1118.5039370078741 1703.1496062992126 76.77165354330708 41.338582677165356 —
1149.2125984251968 1703.1496062992126 76.77165354330708 41.338582677165356 A
1179.9212598425197 1703.1496062992126 138.18897637795277 41.338582677165356 cette
1272.0472440944882 1703.1496062992126 153.54330708661416 41.338582677165356 lettre
1379.5275590551182 1703.1496062992126 92.1259842519685 41.338582677165356 on
1425.5905511811025 1703.1496062992126 92.1259842519685 41.338582677165356 en
1471.6535433070867 1703.1496062992126 76.77165354330708 41.338582677165356 a
1502.3622047244094 1703.1496062992126 138.18897637795277 41.338582677165356 joint
1594.4881889763778 1703.1496062992126 107.48031496062993 41.338582677165356 une
1640.5511811023623 1703.1496062992126 122.83464566929133 41.338582677165356 écrite

533.8582677165355 1740.9448818897638 99.21259842519684 40.15748031496063 et
583.4645669291339 1740.9448818897638 165.35433070866142 40.15748031496063 signée
699.2125984251968 1740.9448818897638 99.21259842519684 40.15748031496063 en
748.8188976377953 1740.9448818897638 115.74803149606299 40.15748031496063 son
814.9606299212599 1740.9448818897638 132.28346456692913 40.15748031496063 nom,
898.8188976377953 1740.9448818897638 99.21259842519684 40.15748031496063 au
948.4251968503937 1740.9448818897638 148.8188976377953 40.15748031496063 même,
1047.6377952755906 1740.9448818897638 148.8188976377953 40.15748031496063 datée
1146.8503937007874 1740.9448818897638 99.21259842519684 40.15748031496063 de
1196.4566929133857 1740.9448818897638 231.49606299212599 40.15748031496063 Marseille,
1379.5275590551182 1740.9448818897638 99.21259842519684 40.15748031496063 16
1429.1338582677165 1740.9448818897638 148.8188976377953 40.15748031496063 janv.
1511.8110236220473 1740.9448818897638 115.74803149606299 40.15748031496063 1705.

452.3622047244094 1803.5433070866143 147.63779527559055 49.60629921259842 94.
537.4015748031496 1803.5433070866143 380.31496062992125 49.60629921259842 GRIGNAN
853.9370078740158 1803.5433070866143 252.75590551181102 49.60629921259842 (famille
1042.9133858267717 1803.5433070866143 168.89763779527559 49.60629921259842 de),
1149.2125984251968 1803.5433070866143 105.11811023622047 49.60629921259842 9
1191.732283464567 1803.5433070866143 232.6771653543307 49.60629921259842 lettres
1359.4488188976377 1803.5433070866143 274.01574803149606 49.60629921259842 adressées
1570.8661417322835 1803.5433070866143 105.11811023622047 49.60629921259842 à
1592.1259842519685 1803.5433070866143 168.89763779527559 49.60629921259842 divers

505.51181102362204 1853.1496062992126 206.69291338582678 48.425196850393704 membres
655.511811023622 1853.1496062992126 112.20472440944881 48.425196850393704 de
712.2047244094488 1853.1496062992126 168.89763779527559 48.425196850393704 cette
824.4094488188977 1853.1496062992126 206.69291338582678 48.425196850393704 famille
974.4094488188977 1853.1496062992126 131.10236220472441 48.425196850393704 par
1048.8188976377953 1853.1496062992126 131.10236220472441 48.425196850393704 les
1124.4094488188975 1853.1496062992126 281.1023622047244 48.425196850393704 personnages
1348.8188976377953 1853.1496062992126 243.30708661417322 48.425196850393704 suivants:
1517.716535433071 1853.1496062992126 243.30708661417322 48.425196850393704 Cam

503.1496062992126 1900.3937007874015 266.92913385826773 49.60629921259842 pobas
720.4724409448819 1900.3937007874015 150.0 49.60629921259842 (de),
819.6850393700787 1900.3937007874015 150.0 49.60629921259842 (vers
920.0787401574803 1900.3937007874015 166.53543307086613 49.60629921259842 1520),
1037.007874015748 1900.3937007874015 83.85826771653544 49.60629921259842 2
1070.0787401574803 1900.3937007874015 200.78740157480314 49.60629921259842 lettres.
1221.259842519685 1900.3937007874015 83.85826771653544 49.60629921259842 —
1254.3307086614172 1900.3937007874015 334.251968503937 49.60629921259842 Cubières,
1537.7952755905512 1900.3937007874015 150.0 49.60629921259842 (vers
1621.6535433070867 1900.3937007874015 133.46456692913387 49.60629921259842 1585).

505.51181102362204 1948.8188976377953 93.30708661417323 48.425196850393704 —
543.3070866141733 1948.8188976377953 355.51181102362204 48.425196850393704 Dunoyet,
842.1259842519685 1948.8188976377953 262.20472440944883 48.425196850393704 vice-légat
1048.8188976377953 1948.8188976377953 262.20472440944883 48.425196850393704 d’Avignon,
1254.3307086614172 1948.8188976377953 168.89763779527559 48.425196850393704 1621.
1366.5354330708662 1948.8188976377953 93.30708661417323 48.425196850393704 —
1404.3307086614172 1948.8188976377953 355.51181102362204 48.425196850393704 Duvilar;
1685.4330708661416 1948.8188976377953 74.40944881889764 48.425196850393704 La

505.51181102362204 1996.0629921259842 211.41732283464566 61.41732283464567 Bastide,
664.9606299212599 1996.0629921259842 158.26771653543307 61.41732283464567 1647.
770.0787401574803 1996.0629921259842 88.58267716535433 61.41732283464567 —
805.511811023622 1996.0629921259842 264.56692913385825 61.41732283464567 Iroy
1016.9291338582677 1996.0629921259842 175.98425196850394 61.41732283464567 (comte
1140.9448818897638 1996.0629921259842 141.73228346456693 61.41732283464567 de),
1229.5275590551182 1996.0629921259842 158.26771653543307 61.41732283464567 1612.
1334.6456692913387 1996.0629921259842 88.58267716535433 61.41732283464567 —
1370.0787401574803 1996.0629921259842 282.2834645669291 61.41732283464567 Fochy
1582.6771653543308 1996.0629921259842 175.98425196850394 61.41732283464567 (Bernard

504.3307086614173 2046.8503937007874 142.91338582677164 53.1496062992126 de);
594.0944881889764 2046.8503937007874 161.81102362204723 53.1496062992126 Lyon,
701.5748031496063 2046.8503937007874 142.91338582677164 53.1496062992126 vers
791.3385826771654 2046.8503937007874 161.81102362204723 53.1496062992126 1520.
898.8188976377953 2046.8503937007874 89.76377952755905 53.1496062992126 —
934.2519685039371 2046.8503937007874 340.15748031496065 53.1496062992126 Barruel,
1221.259842519685 2046.8503937007874 161.81102362204723 53.1496062992126 (vers
1328.740157480315 2046.8503937007874 179.5275590551181 53.1496062992126 1650).
1453.9370078740158 2046.8503937007874 89.76377952755905 53.1496062992126 —
1471.6535433070867 2046.8503937007874 287.00787401574803 53.1496062992126 Cumiana

501.9685039370079 2097.6377952755906 139.37007874015748 51.968503937007874 (le
582.2834645669292 2097.6377952755906 239.76377952755905 51.968503937007874 maréchal
761.8110236220473 2097.6377952755906 159.4488188976378 51.968503937007874 de),
842.1259842519685 2097.6377952755906 139.37007874015748 51.968503937007874 1626.

543.3070866141733 2161.417322834646 152.36220472440945 48.425196850393704 Ces
629.5275590551181 2161.417322834646 217.3228346456693 48.425196850393704 pièces
781.8897637795276 2161.417322834646 173.6220472440945 48.425196850393704 sont
890.5511811023622 2161.417322834646 282.2834645669291 48.425196850393704 relatives
1107.8740157480315 2161.417322834646 152.36220472440945 48.425196850393704 aux
1194.0944881889764 2161.417322834646 261.0236220472441 48.425196850393704 affaires
1390.1574803149606 2161.417322834646 129.92125984251967 48.425196850393704 de
1455.1181102362204 2161.417322834646 129.92125984251967 48.425196850393704 la
1520.0787401574803 2161.417322834646 238.58267716535434 48.425196850393704 famille
1671.259842519685 2161.417322834646 87.4015748031496 48.425196850393704 de

500.78740157480314 2205.1181102362207 264.56692913385825 47.24409448818898 Grignan.
699.2125984251968 2205.1181102362207 132.28346456692913 47.24409448818898 La
765.3543307086615 2205.1181102362207 242.1259842519685 47.24409448818898 plupart
942.5196850393701 2205.1181102362207 175.98425196850394 47.24409448818898 sont
1052.3622047244094 2205.1181102362207 242.1259842519685 47.24409448818898 piquées
1205.9055118110236 2205.1181102362207 287.00787401574803 47.24409448818898 d’humidité.

451.18110236220474 2264.1732283464567 145.2755905511811 60.23622047244095 95.
535.0393700787401 2264.1732283464567 186.61417322834646 60.23622047244095 LA
659.0551181102362 2264.1732283464567 269.29133858267716 60.23622047244095 MÊME.
866.9291338582677 2264.1732283464567 124.01574803149606 60.23622047244095 17
928.3464566929134 2264.1732283464567 207.8740157480315 60.23622047244095 pièces
1073.6220472440946 2264.1732283464567 269.29133858267716 60.23622047244095 relatives
1281.4960629921259 2264.1732283464567 103.93700787401575 60.23622047244095 à
1322.8346456692914 2264.1732283464567 186.61417322834646 60.23622047244095 cette
1448.0314960629921 2264.1732283464567 249.21259842519686 60.23622047244095 famille,
1613.3858267716535 2264.1732283464567 145.2755905511811 60.23622047244095 actes

499.6062992125984 2322.047244094488 292.9133858267717 44.881889763779526 notariés,
724.0157480314961 2322.047244094488 225.59055118110237 44.881889763779526 pièces
882.2834645669292 2322.047244094488 134.64566929133858 44.881889763779526 de
949.6062992125984 2322.047244094488 315.3543307086614 44.881889763779526 procédure,
1197.6377952755906 2322.047244094488 179.5275590551181 44.881889763779526 etc.
1309.8425196850394 2322.047244094488 248.03149606299212 44.881889763779526 Dossier
1466.9291338582677 2322.047244094488 292.9133858267717 44.881889763779526 intéressant

500.78740157480314 2364.566929133858 303.54330708661416 46.06299212598425 comprenant
738.1889763779527 2364.566929133858 238.58267716535434 46.06299212598425 environ
911.8110236220473 2364.566929133858 151.1811023622047 46.06299212598425 100
998.0314960629921 2364.566929133858 129.92125984251967 46.06299212598425 p.
1041.732283464567 2364.566929133858 151.1811023622047 46.06299212598425 in

452.3622047244094 2429.527559055118 150.0 50.78740157480315 96.
537.4015748031496 2429.527559055118 342.5196850393701 50.78740157480315 GRISI
816.1417322834645 2429.527559055118 321.25984251968504 50.78740157480315 (Carlotta),
1073.6220472440946 2429.527559055118 150.0 50.78740157480315 une
1158.6614173228347 2429.527559055118 150.0 50.78740157480315 des
1244.8818897637796 2429.527559055118 171.25984251968504 50.78740157480315 plus
1351.1811023622047 2429.527559055118 257.4803149606299 50.78740157480315 célèbres
1523.6220472440946 2429.527559055118 235.03937007874015 50.78740157480315 danseuses

501.9685039370079 2480.314960629921 111.02362204724409 40.15748031496063 du
557.4803149606299 2480.314960629921 147.63779527559055 40.15748031496063 XIXe
631.8897637795276 2480.314960629921 165.35433070866142 40.15748031496063 siècle.

546.8503937007874 2541.732283464567 115.74803149606299 46.06299212598425 L.
604.7244094488188 2541.732283464567 115.74803149606299 46.06299212598425 a.
662.5984251968504 2541.732283464567 115.74803149606299 46.06299212598425 s.
720.4724409448819 2541.732283464567 96.85039370078741 46.06299212598425 à
759.4488188976378 2541.732283464567 173.6220472440945 46.06299212598425 Jules
875.1968503937007 2541.732283464567 193.70078740157481 46.06299212598425 Janin;
1011.0236220472441 2541.732283464567 173.6220472440945 46.06299212598425 (vers
1126.7716535433071 2541.732283464567 193.70078740157481 46.06299212598425 1842),
1261.4173228346456 2541.732283464567 96.85039370078741 46.06299212598425 2
1300.3937007874015 2541.732283464567 115.74803149606299 46.06299212598425 p.
1358.267716535433 2541.732283464567 135.82677165354332 46.06299212598425 pl.
1416.1417322834645 2541.732283464567 135.82677165354332 46.06299212598425 in

574.0157480314961 2604.3307086614172 120.4724409448819 40.15748031496063 Elle
649.6062992125984 2604.3307086614172 105.11811023622047 40.15748031496063 lui
709.8425196850394 2604.3307086614172 165.35433070866142 40.15748031496063 annonce
829.1338582677165 2604.3307086614172 105.11811023622047 40.15748031496063 son
889.3700787401575 2604.3307086614172 210.23622047244095 40.15748031496063 engagement
1054.724409448819 2604.3307086614172 75.59055118110236 40.15748031496063 à
1084.251968503937 2604.3307086614172 179.5275590551181 40.15748031496063 l’Opéra,
1220.0787401574803 2604.3307086614172 89.76377952755905 40.15748031496063 où
1264.9606299212599 2604.3307086614172 120.4724409448819 40.15748031496063 elle
1339.3700787401574 2604.3307086614172 89.76377952755905 40.15748031496063 se
1384.251968503937 2604.3307086614172 150.0 40.15748031496063 trouve
1489.3700787401574 2604.3307086614172 165.35433070866142 40.15748031496063 traitée
1609.8425196850394 2604.3307086614172 134.64566929133858 40.15748031496063 mieux
1684.251968503937 2604.3307086614172 75.59055118110236 40.15748031496063 que

532.6771653543307 2644.488188976378 128.74015748031496 38.976377952755904 Fany
614.1732283464567 2644.488188976378 161.81102362204723 38.976377952755904 Elsler
726.3779527559055 2644.488188976378 96.85039370078741 38.976377952755904 et
774.8031496062993 2644.488188976378 193.70078740157481 38.976377952755904 Taglioni
920.0787401574803 2644.488188976378 96.85039370078741 38.976377952755904 ne
968.503937007874 2644.488188976378 145.2755905511811 38.976377952755904 l'ont
1065.3543307086613 2644.488188976378 161.81102362204723 38.976377952755904 jamais
1178.740157480315 2644.488188976378 128.74015748031496 38.976377952755904 été.
1259.0551181102362 2644.488188976378 161.81102362204723 38.976377952755904 «C’est
1372.4409448818897 2644.488188976378 80.31496062992126 38.976377952755904 à
1404.3307086614172 2644.488188976378 145.2755905511811 38.976377952755904 votre
1501.1811023622047 2644.488188976378 225.59055118110237 38.976377952755904 protection
1679.5275590551182 2644.488188976378 96.85039370078741 38.976377952755904 et
1711.4173228346456 2644.488188976378 48.425196850393704 38.976377952755904 à

533.8582677165355 2683.464566929134 134.64566929133858 37.79527559055118 votre
623.6220472440945 2683.464566929134 164.17322834645668 37.79527559055118 esprit,
742.9133858267717 2683.464566929134 193.70078740157481 37.79527559055118 dit-elle,
891.7322834645669 2683.464566929134 103.93700787401575 37.79527559055118 que
951.9685039370079 2683.464566929134 89.76377952755905 37.79527559055118 je
996.8503937007874 2683.464566929134 119.29133858267717 37.79527559055118 suis
1071.259842519685 2683.464566929134 193.70078740157481 37.79527559055118 redevable
1220.0787401574803 2683.464566929134 89.76377952755905 37.79527559055118 de
1264.9606299212599 2683.464566929134 89.76377952755905 37.79527559055118 la
1309.8425196850394 2683.464566929134 179.5275590551181 37.79527559055118 position
1444.4881889763778 2683.464566929134 103.93700787401575 37.79527559055118 que
1503.5433070866143 2683.464566929134 119.29133858267717 37.79527559055118 j'ai
1563.7795275590552 2683.464566929134 193.70078740157481 37.79527559055118 conquise...

533.8582677165355 2721.259842519685 90.94488188976378 38.976377952755904 Il
579.9212598425197 2721.259842519685 121.65354330708661 38.976377952755904 faut
655.511811023622 2721.259842519685 121.65354330708661 38.976377952755904 bien
731.1023622047244 2721.259842519685 106.2992125984252 38.976377952755904 que
792.5196850393701 2721.259842519685 90.94488188976378 38.976377952755904 je
837.4015748031496 2721.259842519685 181.88976377952756 38.976377952755904 remercie
974.4094488188977 2721.259842519685 106.2992125984252 38.976377952755904 les
1034.6456692913387 2721.259842519685 152.36220472440945 38.976377952755904 divins
1140.9448818897638 2721.259842519685 227.95275590551182 38.976377952755904 feuilletons
1324.015748031496 2721.259842519685 181.88976377952756 38.976377952755904 auxquels
1459.8425196850394 2721.259842519685 90.94488188976378 38.976377952755904 je
1505.9055118110236 2721.259842519685 121.65354330708661 38.976377952755904 dois
1566.1417322834645 2721.259842519685 121.65354330708661 38.976377952755904 tout.»

453.54330708661416 2779.1338582677167 129.92125984251967 51.968503937007874 97.
527.9527559055118 2779.1338582677167 277.5590551181102 51.968503937007874 GROS
750.0 2779.1338582677167 129.92125984251967 51.968503937007874 (le
824.4094488188977 2779.1338582677167 203.1496062992126 51.968503937007874 baron),
972.0472440944882 2779.1338582677167 166.53543307086613 51.968503937007874 grand
1083.0708661417323 2779.1338582677167 203.1496062992126 51.968503937007874 peintre
1230.708661417323 2779.1338582677167 277.5590551181102 51.968503937007874 d’histoire,
1452.755905511811 2779.1338582677167 111.02362204724409 51.968503937007874 de
1489.3700787401574 2779.1338582677167 240.9448818897638 51.968503937007874 l’Institut.

544.488188976378 2844.0944881889764 114.56692913385827 46.06299212598425 L.
601.1811023622047 2844.0944881889764 114.56692913385827 46.06299212598425 a.
659.0551181102362 2844.0944881889764 114.56692913385827 46.06299212598425 s.
716.9291338582677 2844.0944881889764 114.56692913385827 46.06299212598425 au
774.8031496062993 2844.0944881889764 249.21259842519686 46.06299212598425 comte...;
966.1417322834645 2844.0944881889764 114.56692913385827 46.06299212598425 11
1024.015748031496 2844.0944881889764 172.44094488188978 46.06299212598425 juil.
1138.5826771653544 2844.0944881889764 172.44094488188978 46.06299212598425 1827,
1253.1496062992126 2844.0944881889764 95.66929133858268 46.06299212598425 1
1292.1259842519685 2844.0944881889764 114.56692913385827 46.06299212598425 p.
1329.9212598425197 2844.0944881889764 134.64566929133858 46.06299212598425 in
