2192.1259842519685 3367.3228346456694
960.2362204724409 440.5511811023622 174.8031496062992 49.60629921259842 —
1029.9212598425197 440.5511811023622 209.0551181102362 49.60629921259842 15
1099.6062992125985 440.5511811023622 105.11811023622047 49.60629921259842 —

437.00787401574803 524.4094488188977 151.1811023622047 49.60629921259842 98.
523.2283464566929 524.4094488188977 433.46456692913387 49.60629921259842 GUILLOTIN
891.7322834645669 524.4094488188977 324.8031496062992 49.60629921259842 (Jos.-Ig.),
1151.5748031496064 524.4094488188977 238.58267716535434 49.60629921259842 célèbre
1325.1968503937007 524.4094488188977 238.58267716535434 49.60629921259842 médecin
1498.8188976377953 524.4094488188977 129.92125984251967 49.60629921259842 et
1542.5196850393702 524.4094488188977 194.88188976377953 49.60629921259842 consti-

485.43307086614175 574.0157480314961 201.96850393700788 56.69291338582677 tuant,
625.9842519685039 574.0157480314961 322.4409448818898 56.69291338582677 introducteur
889.3700787401575 574.0157480314961 120.4724409448819 56.69291338582677 en
949.6062992125984 574.0157480314961 201.96850393700788 56.69291338582677 France
1090.1574803149606 574.0157480314961 120.4724409448819 56.69291338582677 de
1151.5748031496064 574.0157480314961 322.4409448818898 56.69291338582677 l’instrument
1413.7795275590552 574.0157480314961 120.4724409448819 56.69291338582677 de
1474.015748031496 574.0157480314961 242.1259842519685 56.69291338582677 supplice
1635.8267716535433 574.0157480314961 100.39370078740157 56.69291338582677 qui

483.07086614173227 630.7086614173228 187.79527559055117 44.881889763779526 porte
609.4488188976378 630.7086614173228 146.45669291338584 44.881889763779526 son
672.0472440944882 630.7086614173228 125.19685039370079 44.881889763779526 nom.

529.1338582677165 681.496062992126 172.44094488188978 47.24409448818898 Pièce
643.7007874015748 681.496062992126 172.44094488188978 47.24409448818898 sig.,
758.2677165354331 681.496062992126 95.66929133858268 47.24409448818898 9
797.2440944881889 681.496062992126 153.54330708661416 47.24409448818898 fév.
892.9133858267717 681.496062992126 172.44094488188978 47.24409448818898 1808,
1007.4803149606299 681.496062992126 95.66929133858268 47.24409448818898 3
1045.275590551181 681.496062992126 114.56692913385827 47.24409448818898 p.
1084.251968503937 681.496062992126 133.46456692913387 47.24409448818898 in

555.1181102362204 735.8267716535433 287.00787401574803 40.15748031496063 Procès-verbal
791.3385826771654 735.8267716535433 101.5748031496063 40.15748031496063 de
842.1259842519685 735.8267716535433 101.5748031496063 40.15748031496063 la
892.9133858267717 735.8267716535433 168.89763779527559 40.15748031496063 séance
1011.0236220472441 735.8267716535433 101.5748031496063 40.15748031496063 de
1061.8110236220473 735.8267716535433 101.5748031496063 40.15748031496063 ce
1112.5984251968505 735.8267716535433 134.64566929133858 40.15748031496063 jour
1196.4566929133857 735.8267716535433 101.5748031496063 40.15748031496063 de
1247.244094488189 735.8267716535433 185.43307086614172 40.15748031496063 l’Acad.
1383.0708661417323 735.8267716535433 101.5748031496063 40.15748031496063 de
1433.8582677165355 735.8267716535433 219.68503937007873 40.15748031496063 médecine,
1602.755905511811 735.8267716535433 134.64566929133858 40.15748031496063 dont
1670.0787401574803 735.8267716535433 67.32283464566929 40.15748031496063 il

514.9606299212599 774.8031496062993 146.45669291338584 44.881889763779526 était
612.992125984252 774.8031496062993 227.95275590551182 44.881889763779526 président.
792.5196850393701 774.8031496062993 98.03149606299213 44.881889763779526 Il
840.9448818897638 774.8031496062993 196.06299212598427 44.881889763779526 contient
987.4015748031496 774.8031496062993 277.5590551181102 44.881889763779526 l'approbation
1215.3543307086613 774.8031496062993 162.99212598425197 44.881889763779526 donnée
1329.9212598425197 774.8031496062993 114.56692913385827 44.881889763779526 par
1394.8818897637796 774.8031496062993 98.03149606299213 44.881889763779526 le
1444.4881889763778 774.8031496062993 261.0236220472441 44.881889763779526 gouvernement
1655.9055118110236 774.8031496062993 81.49606299212599 44.881889763779526 à
1672.4409448818897 774.8031496062993 64.96062992125984 44.881889763779526 la

514.9606299212599 812.5984251968504 200.78740157480314 38.976377952755904 création
664.9606299212599 812.5984251968504 100.39370078740157 38.976377952755904 de
715.7480314960629 812.5984251968504 100.39370078740157 38.976377952755904 ce
766.5354330708661 812.5984251968504 167.71653543307087 38.976377952755904 corps.
883.4645669291339 812.5984251968504 83.85826771653544 38.976377952755904 —
916.5354330708661 812.5984251968504 100.39370078740157 38.976377952755904 On
967.3228346456693 812.5984251968504 83.85826771653544 38.976377952755904 a
1000.3937007874016 812.5984251968504 151.1811023622047 38.976377952755904 joint
1100.7874015748032 812.5984251968504 83.85826771653544 38.976377952755904 à
1135.0393700787401 812.5984251968504 151.1811023622047 38.976377952755904 cette
1235.4330708661416 812.5984251968504 151.1811023622047 38.976377952755904 pièce
1335.8267716535433 812.5984251968504 100.39370078740157 38.976377952755904 la
1385.4330708661416 812.5984251968504 200.78740157480314 38.976377952755904 curieuse
1536.6141732283465 812.5984251968504 200.78740157480314 38.976377952755904 brochure
1670.0787401574803 812.5984251968504 67.32283464566929 38.976377952755904 de

516.1417322834645 848.0314960629921 92.1259842519685 40.15748031496063 M.
562.2047244094488 848.0314960629921 154.7244094488189 40.15748031496063 Dubois
669.6850393700787 848.0314960629921 200.78740157480314 40.15748031496063 intitulée
824.4094488188977 848.0314960629921 262.20472440944883 40.15748031496063 Recherches
1040.5511811023623 848.0314960629921 107.48031496062993 40.15748031496063 sur
1101.9685039370079 848.0314960629921 92.1259842519685 40.15748031496063 la
1148.0314960629921 848.0314960629921 216.14173228346456 40.15748031496063 guillotine
1318.1102362204724 848.0314960629921 92.1259842519685 40.15748031496063 et
1364.1732283464567 848.0314960629921 170.07874015748033 40.15748031496063 détails
1487.007874015748 848.0314960629921 107.48031496062993 40.15748031496063 sur
1533.0708661417323 848.0314960629921 200.78740157480314 40.15748031496063 Sanson.

439.37007874015745 901.1811023622047 125.19685039370079 53.1496062992126 99.
510.23622047244095 901.1811023622047 268.1102362204724 53.1496062992126 HEIM
725.1968503937007 901.1811023622047 268.1102362204724 53.1496062992126 (Fr.-Jos.),
938.9763779527559 901.1811023622047 196.06299212598427 53.1496062992126 célèbre
1081.8897637795276 901.1811023622047 196.06299212598427 53.1496062992126 peintre
1225.984251968504 901.1811023622047 268.1102362204724 53.1496062992126 d’histoire,
1439.763779527559 901.1811023622047 107.48031496062993 53.1496062992126 de
1475.1968503937007 901.1811023622047 232.6771653543307 53.1496062992126 l’Institut.

526.7716535433071 962.5984251968504 111.02362204724409 47.24409448818898 L.
582.2834645669292 962.5984251968504 111.02362204724409 47.24409448818898 a.
638.9763779527559 962.5984251968504 129.92125984251967 47.24409448818898 s.,
712.2047244094488 962.5984251968504 93.30708661417323 47.24409448818898 8
750.0 962.5984251968504 148.8188976377953 47.24409448818898 fév.
842.1259842519685 962.5984251968504 166.53543307086613 47.24409448818898 1831,
954.3307086614174 962.5984251968504 93.30708661417323 47.24409448818898 1
990.9448818897638 962.5984251968504 111.02362204724409 47.24409448818898 p.
1046.4566929133857 962.5984251968504 148.8188976377953 47.24409448818898 pet.
1120.8661417322835 962.5984251968504 129.92125984251967 47.24409448818898 in

552.7559055118111 1015.7480314960629 191.33858267716536 42.51968503937008 Relative
696.8503937007874 1015.7480314960629 80.31496062992126 42.51968503937008 à
728.7401574803149 1015.7480314960629 112.20472440944881 42.51968503937008 son
792.5196850393701 1015.7480314960629 175.98425196850394 42.51968503937008 tableau
920.0787401574803 1015.7480314960629 255.11811023622047 42.51968503937008 représentant
1127.9527559055118 1015.7480314960629 159.4488188976378 42.51968503937008 les
1240.1574803149606 1015.7480314960629 175.98425196850394 42.51968503937008 Députés
1367.716535433071 1015.7480314960629 207.8740157480315 42.51968503937008 apportant
1527.1653543307086 1015.7480314960629 80.31496062992126 42.51968503937008 à
1543.7007874015749 1015.7480314960629 191.33858267716536 42.51968503937008 Louis

519.6850393700787 1057.0866141732283 216.14173228346456 40.15748031496063 Philippe
692.1259842519685 1057.0866141732283 144.09448818897638 40.15748031496063 l'acte
793.7007874015748 1057.0866141732283 86.22047244094489 40.15748031496063 de
837.4015748031496 1057.0866141732283 101.5748031496063 40.15748031496063 son
895.2755905511812 1057.0866141732283 173.6220472440945 40.15748031496063 élection
1025.1968503937007 1057.0866141732283 72.04724409448819 40.15748031496063 à
1053.5433070866143 1057.0866141732283 86.22047244094489 40.15748031496063 la
1083.0708661417323 1057.0866141732283 216.14173228346456 40.15748031496063 couronne.

435.8267716535433 1112.5984251968505 164.17322834645668 44.881889763779526 100.
537.4015748031496 1112.5984251968505 245.66929133858267 44.881889763779526 HENRI
722.8346456692914 1112.5984251968505 225.59055118110237 44.881889763779526 IV,
887.007874015748 1112.5984251968505 144.09448818897638 44.881889763779526 roi
968.503937007874 1112.5984251968505 122.83464566929133 44.881889763779526 de
1009.8425196850394 1112.5984251968505 184.251968503937 44.881889763779526 France.

526.7716535433071 1169.291338582677 118.11023622047244 46.06299212598425 L.
585.8267716535433 1169.291338582677 118.11023622047244 46.06299212598425 a.
644.8818897637796 1169.291338582677 118.11023622047244 46.06299212598425 s.
703.9370078740158 1169.291338582677 98.03149606299213 46.06299212598425 à
744.0944881889764 1169.291338582677 118.11023622047244 46.06299212598425 M.
803.1496062992126 1169.291338582677 216.14173228346456 46.06299212598425 Servin;
960.2362204724409 1169.291338582677 118.11023622047244 46.06299212598425 24
1019.2913385826772 1169.291338582677 177.16535433070865 46.06299212598425 août,
1137.4015748031495 1169.291338582677 138.18897637795277 46.06299212598425 1/2
1216.5354330708662 1169.291338582677 118.11023622047244 46.06299212598425 p.
1255.5118110236222 1169.291338582677 138.18897637795277 46.06299212598425 in

555.1181102362204 1223.6220472440946 94.48818897637796 37.79527559055118 Il
602.3622047244095 1223.6220472440946 109.84251968503936 37.79527559055118 lui
664.9606299212599 1223.6220472440946 141.73228346456693 37.79527559055118 mande
759.4488188976378 1223.6220472440946 94.48818897637796 37.79527559055118 de
806.6929133858267 1223.6220472440946 141.73228346456693 37.79527559055118 faire
901.1811023622047 1223.6220472440946 188.9763779527559 37.79527559055118 vérifier
1042.9133858267717 1223.6220472440946 126.37795275590551 37.79527559055118 sans
1120.8661417322835 1223.6220472440946 157.08661417322836 37.79527559055118 retard
1231.8897637795276 1223.6220472440946 109.84251968503936 37.79527559055118 les
1294.4881889763778 1223.6220472440946 173.6220472440945 37.79527559055118 lettres
1420.8661417322835 1223.6220472440946 236.2204724409449 37.79527559055118 d’abolition
1608.6614173228347 1223.6220472440946 141.73228346456693 37.79527559055118 qu'il
1687.7952755905512 1223.6220472440946 47.24409448818898 37.79527559055118 a

517.3228346456693 1260.236220472441 213.7795275590551 41.338582677165356 accordées,
685.0393700787401 1260.236220472441 167.71653543307087 41.338582677165356 pour
806.6929133858267 1260.236220472441 198.4251968503937 41.338582677165356 certaines
959.0551181102362 1260.236220472441 350.78740157480314 41.338582677165356 considérations,
1263.7795275590552 1260.236220472441 106.2992125984252 41.338582677165356 aux
1325.1968503937007 1260.236220472441 152.36220472440945 41.338582677165356 sieurs
1431.4960629921259 1260.236220472441 227.95275590551182 41.338582677165356 Lecourtois,
1599.2125984251968 1260.236220472441 137.00787401574803 41.338582677165356 Croiset

516.1417322834645 1299.2125984251968 94.48818897637796 37.79527559055118 et
563.3858267716536 1299.2125984251968 222.04724409448818 37.79527559055118 Rifardeau.
737.007874015748 1299.2125984251968 269.29133858267716 37.79527559055118 Non-seulement
959.0551181102362 1299.2125984251968 142.91338582677164 37.79527559055118 cette
1053.5433070866143 1299.2125984251968 253.93700787401573 37.79527559055118 vérification
1260.236220472441 1299.2125984251968 173.6220472440945 37.79527559055118 importe
1386.6141732283465 1299.2125984251968 94.48818897637796 37.79527559055118 au
1433.8582677165355 1299.2125984251968 190.15748031496062 37.79527559055118 service,
1576.7716535433071 1299.2125984251968 126.37795275590551 37.79527559055118 mais
1655.9055118110236 1299.2125984251968 79.13385826771653 37.79527559055118 à
1671.259842519685 1299.2125984251968 63.77952755905512 37.79527559055118 sa

520.8661417322835 1335.8267716535433 168.89763779527559 42.51968503937008 promesse,
650.7874015748032 1335.8267716535433 116.92913385826772 42.51968503937008 qu'il
728.7401574803149 1335.8267716535433 103.93700787401575 42.51968503937008 veut
793.7007874015748 1335.8267716535433 103.93700787401575 42.51968503937008 être
844.488188976378 1335.8267716535433 259.84251968503935 42.51968503937008 inviolable.

432.2834645669291 1393.7007874015749 183.0708661417323 46.06299212598425 101.
545.6692913385826 1393.7007874015749 205.51181102362204 46.06299212598425 LE
682.6771653543307 1393.7007874015749 296.45669291338584 46.06299212598425 MÊME.
911.8110236220473 1393.7007874015749 137.00787401574803 46.06299212598425 L.
980.3149606299213 1393.7007874015749 137.00787401574803 46.06299212598425 s.
1048.8188976377953 1393.7007874015749 114.56692913385827 46.06299212598425 à
1094.8818897637796 1393.7007874015749 364.96062992125985 46.06299212598425 l’archevêque
1391.3385826771653 1393.7007874015749 227.95275590551182 46.06299212598425 d’Aix;
1528.3464566929133 1393.7007874015749 205.51181102362204 46.06299212598425 Fontai-

483.07086614173227 1437.4015748031495 240.9448818897638 46.06299212598425 nebleau,
663.7795275590552 1437.4015748031495 120.4724409448819 46.06299212598425 26
724.0157480314961 1437.4015748031495 140.5511811023622 46.06299212598425 mai
804.3307086614174 1437.4015748031495 180.70866141732284 46.06299212598425 1605,
923.6220472440945 1437.4015748031495 140.5511811023622 46.06299212598425 1/2
1003.9370078740158 1437.4015748031495 120.4724409448819 46.06299212598425 p.
1044.0944881889764 1437.4015748031495 140.5511811023622 46.06299212598425 in

553.9370078740158 1492.9133858267717 89.76377952755905 41.338582677165356 Il
598.8188976377953 1492.9133858267717 179.5275590551181 41.338582677165356 l’invite
733.4645669291339 1492.9133858267717 74.40944881889764 41.338582677165356 à
764.1732283464567 1492.9133858267717 134.64566929133858 41.338582677165356 faire
852.7559055118111 1492.9133858267717 164.17322834645668 41.338582677165356 chanter
973.2283464566929 1492.9133858267717 89.76377952755905 41.338582677165356 un
1018.1102362204724 1492.9133858267717 134.64566929133858 41.338582677165356 Te
1107.8740157480315 1492.9133858267717 179.5275590551181 41.338582677165356 Deum
1241.3385826771653 1492.9133858267717 89.76377952755905 41.338582677165356 en
1286.2204724409448 1492.9133858267717 194.88188976377953 41.338582677165356 l'honneur
1436.2204724409448 1492.9133858267717 89.76377952755905 41.338582677165356 du
1481.1023622047244 1492.9133858267717 119.29133858267717 41.338582677165356 pape
1555.5118110236222 1492.9133858267717 119.29133858267717 41.338582677165356 Paul
1629.9212598425197 1492.9133858267717 89.76377952755905 41.338582677165356 V,
1660.6299212598426 1492.9133858267717 74.40944881889764 41.338582677165356 élu

514.9606299212599 1535.4330708661416 94.48818897637796 29.52755905511811 le
562.2047244094488 1535.4330708661416 94.48818897637796 29.52755905511811 16
608.2677165354331 1535.4330708661416 94.48818897637796 29.52755905511811 de
655.511811023622 1535.4330708661416 94.48818897637796 29.52755905511811 ce
687.4015748031496 1535.4330708661416 109.84251968503936 29.52755905511811 mois.

428.74015748031496 1570.8661417322835 200.78740157480314 67.32283464566929 102.
553.9370078740158 1570.8661417322835 327.1653543307087 67.32283464566929 HEURES
805.511811023622 1570.8661417322835 175.98425196850394 67.32283464566929 SUR
905.9055118110236 1570.8661417322835 351.9685039370079 67.32283464566929 VÉLIN,
1182.283464566929 1570.8661417322835 151.1811023622047 67.32283464566929 en
1257.8740157480315 1570.8661417322835 251.5748031496063 67.32283464566929 latin,
1433.8582677165355 1570.8661417322835 200.78740157480314 67.32283464566929 avec
1534.251968503937 1570.8661417322835 200.78740157480314 67.32283464566929 calen-

481.8897637795276 1638.1889763779527 191.33858267716536 47.24409448818898 drier
609.4488188976378 1638.1889763779527 127.55905511811024 47.24409448818898 en
673.2283464566929 1638.1889763779527 276.37795275590554 47.24409448818898 français,
885.8267716535433 1638.1889763779527 276.37795275590554 47.24409448818898 manuscrit
1098.4251968503936 1638.1889763779527 127.55905511811024 47.24409448818898 de
1161.023622047244 1638.1889763779527 127.55905511811024 47.24409448818898 la
1224.8031496062993 1638.1889763779527 148.8188976377953 47.24409448818898 fin
1309.8425196850394 1638.1889763779527 127.55905511811024 47.24409448818898 du
1373.6220472440946 1638.1889763779527 148.8188976377953 47.24409448818898 XVe
1458.6614173228347 1638.1889763779527 233.85826771653544 47.24409448818898 siècle,
1607.4803149606298 1638.1889763779527 127.55905511811024 47.24409448818898 avec

480.70866141732284 1680.708661417323 291.73228346456693 46.06299212598425 capitales
705.1181102362204 1680.708661417323 134.64566929133858 46.06299212598425 et
772.4409448818898 1680.708661417323 312.99212598425197 46.06299212598425 entourages
1018.1102362204724 1680.708661417323 291.73228346456693 46.06299212598425 enluminés
1242.5196850393702 1680.708661417323 134.64566929133858 46.06299212598425 et
1309.8425196850394 1680.708661417323 291.73228346456693 46.06299212598425 rehaussés
1533.0708661417323 1680.708661417323 201.96850393700788 46.06299212598425 d’or,
1645.275590551181 1680.708661417323 89.76377952755905 46.06299212598425 et

480.70866141732284 1723.2283464566929 105.11811023622047 44.881889763779526 4
523.2283464566929 1723.2283464566929 315.3543307086614 44.881889763779526 miniatures;
775.9842519685039 1723.2283464566929 105.11811023622047 44.881889763779526 1
817.3228346456693 1723.2283464566929 167.71653543307087 44.881889763779526 vol.
922.4409448818898 1723.2283464566929 210.23622047244095 44.881889763779526 in-12,
1070.0787401574803 1723.2283464566929 252.75590551181102 44.881889763779526 ancienne
1259.0551181102362 1723.2283464566929 231.49606299212599 44.881889763779526 reliure
1427.9527559055118 1723.2283464566929 126.37795275590551 44.881889763779526 en
1469.291338582677 1723.2283464566929 147.63779527559055 44.881889763779526 veau.

434.6456692913386 1782.283464566929 157.08661417322836 49.60629921259842 103.
533.8582677165355 1782.283464566929 353.1496062992126 49.60629921259842 JEANNIN
827.9527559055118 1782.283464566929 137.00787401574803 49.60629921259842 (le
907.0866141732283 1782.283464566929 255.11811023622047 49.60629921259842 président
1103.1496062992126 1782.283464566929 236.2204724409449 49.60629921259842 Pierre),
1279.1338582677165 1782.283464566929 236.2204724409449 49.60629921259842 illustre
1456.2992125984251 1782.283464566929 177.16535433070865 49.60629921259842 homme
1554.3307086614172 1782.283464566929 177.16535433070865 49.60629921259842 d’Etat,

481.8897637795276 1830.708661417323 148.8188976377953 50.78740157480315 qui
566.9291338582677 1830.708661417323 255.11811023622047 50.78740157480315 s’opposa
758.2677165354331 1830.708661417323 382.6771653543307 50.78740157480315 courageusement
1077.1653543307086 1830.708661417323 148.8188976377953 50.78740157480315 aux
1162.2047244094488 1830.708661417323 276.37795275590554 50.78740157480315 massacres
1374.8031496062993 1830.708661417323 127.55905511811024 50.78740157480315 de
1438.5826771653544 1830.708661417323 127.55905511811024 50.78740157480315 la
1481.1023622047244 1830.708661417323 255.11811023622047 50.78740157480315 St-

481.8897637795276 1879.1338582677165 159.4488188976378 55.511811023622045 lemy
581.1023622047244 1879.1338582677165 99.21259842519684 55.511811023622045 à
621.2598425196851 1879.1338582677165 198.4251968503937 55.511811023622045 Dijon,
760.6299212598425 1879.1338582677165 238.58267716535434 55.511811023622045 embrassa
938.9763779527559 1879.1338582677165 218.50393700787401 55.511811023622045 ensuite
1098.4251968503936 1879.1338582677165 119.29133858267717 55.511811023622045 le
1158.6614173228347 1879.1338582677165 179.5275590551181 55.511811023622045 parti
1277.9527559055118 1879.1338582677165 119.29133858267717 55.511811023622045 de
1337.007874015748 1879.1338582677165 119.29133858267717 55.511811023622045 la
1397.244094488189 1879.1338582677165 198.4251968503937 55.511811023622045 Ligue,
1536.6141732283465 1879.1338582677165 159.4488188976378 55.511811023622045 puis
1615.748031496063 1879.1338582677165 119.29133858267717 55.511811023622045 ser-

481.8897637795276 1928.740157480315 137.00787401574803 50.78740157480315 vit
561.0236220472441 1928.740157480315 157.08661417322836 50.78740157480315 avec
659.0551181102362 1928.740157480315 175.98425196850394 50.78740157480315 éclat
775.9842519685039 1928.740157480315 118.11023622047244 50.78740157480315 la
835.0393700787401 1928.740157480315 255.11811023622047 50.78740157480315 politique
1031.1023622047244 1928.740157480315 118.11023622047244 50.78740157480315 de
1090.1574803149606 1928.740157480315 175.98425196850394 50.78740157480315 Henri
1188.1889763779527 1928.740157480315 98.03149606299213 50.78740157480315 IV.

520.8661417322835 1986.6141732283465 132.28346456692913 47.24409448818898 L.
587.007874015748 1986.6141732283465 132.28346456692913 47.24409448818898 a.
653.1496062992126 1986.6141732283465 132.28346456692913 47.24409448818898 s.
719.2913385826772 1986.6141732283465 109.84251968503936 47.24409448818898 à
762.992125984252 1986.6141732283465 132.28346456692913 47.24409448818898 M.
829.1338582677165 1986.6141732283465 132.28346456692913 47.24409448818898 de
895.2755905511812 1986.6141732283465 132.28346456692913 47.24409448818898 La
961.4173228346457 1986.6141732283465 242.1259842519685 47.24409448818898 Chastre
1138.5826771653544 1986.6141732283465 132.28346456692913 47.24409448818898 (à
1203.5433070866143 1986.6141732283465 285.8267716535433 47.24409448818898 Orléans);
1424.4094488188975 1986.6141732283465 219.68503937007873 47.24409448818898 Rouen,
1577.9527559055118 1986.6141732283465 132.28346456692913 47.24409448818898 16
1622.8346456692914 1986.6141732283465 109.84251968503936 47.24409448818898 mai

483.07086614173227 2032.6771653543308 218.50393700787401 44.881889763779526 (1589?),
646.0629921259842 2032.6771653543308 90.94488188976378 44.881889763779526 1
682.6771653543307 2032.6771653543308 109.84251968503936 44.881889763779526 p.
738.1889763779527 2032.6771653543308 127.55905511811024 44.881889763779526 pl.
810.2362204724409 2032.6771653543308 181.88976377952756 44.881889763779526 in-f.,
920.0787401574803 2032.6771653543308 181.88976377952756 44.881889763779526 cachets.

551.5748031496063 2083.464566929134 186.61417322834646 42.51968503937008 Dépêche,
690.9448818897638 2083.464566929134 155.90551181102362 42.51968503937008 écrite
800.7874015748032 2083.464566929134 108.66141732283465 42.51968503937008 une
862.2047244094488 2083.464566929134 155.90551181102362 42.51968503937008 partie
972.0472440944882 2083.464566929134 93.30708661417323 42.51968503937008 en
1018.1102362204724 2083.464566929134 201.96850393700788 42.51968503937008 chiffres,
1174.015748031496 2083.464566929134 201.96850393700788 42.51968503937008 contenant
1328.740157480315 2083.464566929134 108.66141732283465 42.51968503937008 des
1391.3385826771653 2083.464566929134 171.25984251968504 42.51968503937008 détails
1516.5354330708662 2083.464566929134 93.30708661417323 42.51968503937008 du
1562.5984251968505 2083.464566929134 124.01574803149606 42.51968503937008 plus
1625.1968503937007 2083.464566929134 108.66141732283465 42.51968503937008 grand

512.5984251968504 2116.535433070866 172.44094488188978 47.24409448818898 intérêt
637.7952755905512 2116.535433070866 109.84251968503936 47.24409448818898 sur
700.3937007874016 2116.535433070866 109.84251968503936 47.24409448818898 les
762.992125984252 2116.535433070866 187.79527559055117 47.24409448818898 affaires
904.7244094488188 2116.535433070866 94.48818897637796 47.24409448818898 de
950.7874015748032 2116.535433070866 94.48818897637796 47.24409448818898 la
998.0314960629921 2116.535433070866 157.08661417322836 47.24409448818898 Ligue,
1107.8740157480315 2116.535433070866 125.19685039370079 47.24409448818898 dans
1185.8267716535433 2116.535433070866 219.68503937007873 47.24409448818898 lesquelles
1358.267716535433 2116.535433070866 94.48818897637796 47.24409448818898 le
1405.5118110236222 2116.535433070866 204.33070866141733 47.24409448818898 président
1562.5984251968505 2116.535433070866 172.44094488188978 47.24409448818898 Jeannin
1672.4409448818897 2116.535433070866 62.59842519685039 47.24409448818898 se

512.5984251968504 2160.236220472441 200.78740157480314 43.7007874015748 trouvait
663.7795275590552 2160.236220472441 151.1811023622047 43.7007874015748 alors
764.1732283464567 2160.236220472441 184.251968503937 43.7007874015748 engagé.
897.6377952755905 2160.236220472441 100.39370078740157 43.7007874015748 Il
948.4251968503937 2160.236220472441 184.251968503937 43.7007874015748 supplie
1081.8897637795276 2160.236220472441 100.39370078740157 43.7007874015748 M.
1132.6771653543308 2160.236220472441 100.39370078740157 43.7007874015748 de
1183.4645669291338 2160.236220472441 100.39370078740157 43.7007874015748 La
1233.0708661417323 2160.236220472441 184.251968503937 43.7007874015748 Châtre,
1367.716535433071 2160.236220472441 100.39370078740157 43.7007874015748 au
1417.3228346456692 2160.236220472441 116.92913385826772 43.7007874015748 nom
1484.6456692913387 2160.236220472441 100.39370078740157 43.7007874015748 de
1517.716535433071 2160.236220472441 218.50393700787401 43.7007874015748 Monseigneur

512.5984251968504 2198.031496062992 116.92913385826772 42.51968503937008 (le
578.7401574803149 2198.031496062992 116.92913385826772 42.51968503937008 duc
646.0629921259842 2198.031496062992 100.39370078740157 42.51968503937008 de
696.8503937007874 2198.031496062992 200.78740157480314 42.51968503937008 Mayenne,
846.8503937007874 2198.031496062992 133.46456692913387 42.51968503937008 sans
930.7086614173228 2198.031496062992 167.71653543307087 42.51968503937008 doute)
1047.6377952755906 2198.031496062992 233.85826771653544 42.51968503937008 d’employer
1231.8897637795276 2198.031496062992 151.1811023622047 42.51968503937008 toute
1332.283464566929 2198.031496062992 116.92913385826772 42.51968503937008 son
1399.6062992125985 2198.031496062992 200.78740157480314 42.51968503937008 autorité
1549.6062992125985 2198.031496062992 133.46456692913387 42.51968503937008 pour
1616.9291338582677 2198.031496062992 116.92913385826772 42.51968503937008 réta-

511.4173228346457 2234.6456692913384 132.28346456692913 37.79527559055118 blir
594.0944881889764 2234.6456692913384 99.21259842519684 37.79527559055118 la
643.7007874015748 2234.6456692913384 148.8188976377953 37.79527559055118 bonne
742.9133858267717 2234.6456692913384 148.8188976377953 37.79527559055118 union
842.1259842519685 2234.6456692913384 148.8188976377953 37.79527559055118 entre
941.3385826771654 2234.6456692913384 115.74803149606299 37.79527559055118 les
1007.4803149606299 2234.6456692913384 214.96062992125985 37.79527559055118 habitants
1174.015748031496 2234.6456692913384 231.49606299212599 37.79527559055118 d'Orléans,
1355.9055118110236 2234.6456692913384 99.21259842519684 37.79527559055118 et
1405.5118110236222 2234.6456692913384 198.4251968503937 37.79527559055118 empêcher
1554.3307086614172 2234.6456692913384 99.21259842519684 37.79527559055118 le
1587.4015748031495 2234.6456692913384 148.8188976377953 37.79527559055118 mauvais

510.23622047244095 2272.4409448818897 154.7244094488189 42.51968503937008 effet
614.1732283464567 2272.4409448818897 103.93700787401575 42.51968503937008 de
666.1417322834645 2272.4409448818897 103.93700787401575 42.51968503937008 la
718.1102362204724 2272.4409448818897 190.15748031496062 42.51968503937008 plainte
855.1181102362204 2272.4409448818897 103.93700787401575 42.51968503937008 de
907.0866141732283 2272.4409448818897 120.4724409448819 42.51968503937008 MM.
976.7716535433071 2272.4409448818897 103.93700787401575 42.51968503937008 de
1027.5590551181103 2272.4409448818897 103.93700787401575 42.51968503937008 La
1079.5275590551182 2272.4409448818897 224.40944881889763 42.51968503937008 Gaignerie
1251.9685039370079 2272.4409448818897 103.93700787401575 42.51968503937008 et
1303.9370078740158 2272.4409448818897 206.69291338582678 42.51968503937008 Montigny
1458.6614173228347 2272.4409448818897 172.44094488188978 42.51968503937008 contre
1580.3149606299212 2272.4409448818897 103.93700787401575 42.51968503937008 M.
1614.5669291338584 2272.4409448818897 120.4724409448819 42.51968503937008 D’Er-

510.23622047244095 2310.236220472441 216.14173228346456 38.976377952755904 monville.
675.5905511811023 2310.236220472441 99.21259842519684 38.976377952755904 En
725.1968503937007 2310.236220472441 232.6771653543307 38.976377952755904 terminant,
908.2677165354331 2310.236220472441 99.21259842519684 38.976377952755904 il
957.8740157480315 2310.236220472441 181.88976377952756 38.976377952755904 annonce
1090.1574803149606 2310.236220472441 99.21259842519684 38.976377952755904 la
1140.9448818897638 2310.236220472441 198.4251968503937 38.976377952755904 surprise
1289.763779527559 2310.236220472441 99.21259842519684 38.976377952755904 du
1339.3700787401574 2310.236220472441 148.8188976377953 38.976377952755904 comte
1438.5826771653544 2310.236220472441 99.21259842519684 38.976377952755904 de
1488.1889763779527 2310.236220472441 198.4251968503937 38.976377952755904 Soissons
1621.6535433070867 2310.236220472441 115.74803149606299 38.976377952755904 (fait

512.5984251968504 2348.031496062992 235.03937007874015 43.7007874015748 prisonnier
696.8503937007874 2348.031496062992 100.39370078740157 43.7007874015748 en
747.6377952755905 2348.031496062992 100.39370078740157 43.7007874015748 se
797.2440944881889 2348.031496062992 184.251968503937 43.7007874015748 rendant
931.8897637795276 2348.031496062992 83.85826771653544 43.7007874015748 à
964.9606299212599 2348.031496062992 167.71653543307087 43.7007874015748 Rennes
1081.8897637795276 2348.031496062992 134.64566929133858 43.7007874015748 pour
1165.748031496063 2348.031496062992 184.251968503937 43.7007874015748 prendre
1300.3937007874015 2348.031496062992 235.03937007874015 43.7007874015748 possession
1484.6456692913387 2348.031496062992 100.39370078740157 43.7007874015748 de
1535.4330708661416 2348.031496062992 116.92913385826772 43.7007874015748 son
1585.0393700787401 2348.031496062992 151.1811023622047 43.7007874015748 gouver-

510.23622047244095 2390.551181102362 170.07874015748033 37.79527559055118 nement
628.3464566929134 2390.551181102362 101.5748031496063 37.79527559055118 de
662.5984251968504 2390.551181102362 203.1496062992126 37.79527559055118 Bretagne).

431.1023622047244 2437.7952755905512 173.6220472440945 55.511811023622045 104.
539.7637795275591 2437.7952755905512 392.12598425196853 55.511811023622045 HUYGENS
865.7480314960629 2437.7952755905512 369.68503937007875 55.511811023622045 (Constantin),
1170.4724409448818 2437.7952755905512 239.76377952755905 55.511811023622045 secret,
1344.0944881889764 2437.7952755905512 152.36220472440945 55.511811023622045 des
1410.236220472441 2437.7952755905512 325.98425196850394 55.511811023622045 commandements

479.5275590551181 2487.4015748031497 121.65354330708661 57.874015748031496 du
539.7637795275591 2487.4015748031497 201.96850393700788 57.874015748031496 prince
681.496062992126 2487.4015748031497 262.20472440944883 57.874015748031496 d’Orange,
883.4645669291339 2487.4015748031497 222.04724409448818 57.874015748031496 célèbre
1045.275590551181 2487.4015748031497 181.88976377952756 57.874015748031496 poète
1165.748031496063 2487.4015748031497 201.96850393700788 57.874015748031496 latin,
1307.4803149606298 2487.4015748031497 161.81102362204723 57.874015748031496 père
1407.8740157480315 2487.4015748031497 121.65354330708661 57.874015748031496 de
1449.2125984251968 2487.4015748031497 282.2834645669291 57.874015748031496 l'astronome.

523.2283464566929 2546.4566929133857 121.65354330708661 49.60629921259842 L.
583.4645669291339 2546.4566929133857 141.73228346456693 49.60629921259842 s.,
664.9606299212599 2546.4566929133857 121.65354330708661 49.60629921259842 en
725.1968503937007 2546.4566929133857 262.20472440944883 49.60629921259842 français,
927.1653543307086 2546.4566929133857 161.81102362204723 49.60629921259842 avec
1027.5590551181103 2546.4566929133857 121.65354330708661 49.60629921259842 la
1087.7952755905512 2546.4566929133857 282.2834645669291 49.60629921259842 souscript.
1309.8425196850394 2546.4566929133857 181.88976377952756 49.60629921259842 aut.;
1431.4960629921259 2546.4566929133857 222.04724409448818 49.60629921259842 Anvers,
1592.1259842519685 2546.4566929133857 100.39370078740157 49.60629921259842 2
1612.2047244094488 2546.4566929133857 121.65354330708661 49.60629921259842 déc.

485.43307086614175 2588.9763779527557 162.99212598425197 51.968503937007874 1635,
594.0944881889764 2588.9763779527557 90.94488188976378 51.968503937007874 1
630.7086614173228 2588.9763779527557 108.66141732283465 51.968503937007874 p.
666.1417322834645 2588.9763779527557 127.55905511811024 51.968503937007874 in

549.2125984251968 2644.488188976378 177.16535433070865 40.15748031496063 Lettre
673.2283464566929 2644.488188976378 212.5984251968504 40.15748031496063 adressée
832.6771653543307 2644.488188976378 88.58267716535433 40.15748031496063 à
868.1102362204724 2644.488188976378 106.2992125984252 40.15748031496063 un
921.2598425196851 2644.488188976378 265.748031496063 40.15748031496063 littérateur
1133.8582677165355 2644.488188976378 124.01574803149606 40.15748031496063 qui
1205.9055118110236 2644.488188976378 88.58267716535433 40.15748031496063 a
1241.3385826771653 2644.488188976378 177.16535433070865 40.15748031496063 envoyé
1365.3543307086613 2644.488188976378 106.2992125984252 40.15748031496063 un
1418.5039370078741 2644.488188976378 194.88188976377953 40.15748031496063 ouvrage
1560.236220472441 2644.488188976378 106.2992125984252 40.15748031496063 au
1595.6692913385828 2644.488188976378 141.73228346456693 40.15748031496063 prince

493.7007874015748 2689.3700787401576 181.88976377952756 37.79527559055118 d’Orange.

428.74015748031496 2736.6141732283463 190.15748031496062 54.330708661417326 108.
546.8503937007874 2736.6141732283463 570.4724409448819 54.330708661417326 LACHAMBEAUDIE
1046.4566929133857 2736.6141732283463 308.26771653543307 54.330708661417326 (Pierre),
1283.8582677165355 2736.6141732283463 142.91338582677164 54.330708661417326 le
1354.724409448819 2736.6141732283463 308.26771653543307 54.330708661417326 fabuliste
1568.5039370078741 2736.6141732283463 166.53543307086613 54.330708661417326 popu

470.0787401574803 2793.3070866141734 128.74015748031496 36.61417322834646 laire.

527.9527559055118 2850.0 90.94488188976378 44.881889763779526 L.
574.0157480314961 2850.0 90.94488188976378 44.881889763779526 a.
620.0787401574803 2850.0 90.94488188976378 44.881889763779526 s.
664.9606299212599 2850.0 167.71653543307087 44.881889763779526 (1848),
787.7952755905512 2850.0 106.2992125984252 44.881889763779526 1/2
848.0314960629921 2850.0 90.94488188976378 44.881889763779526 p.
894.0944881889764 2850.0 137.00787401574803 44.881889763779526 in-8.
970.8661417322835 2850.0 274.01574803149606 44.881889763779526 Curieuse.
