2182.6771653543306 3351.968503937008
1008.6614173228346 425.1968503937008 157.08661417322836 36.61417322834646 —
1072.4409448818897 425.1968503937008 188.9763779527559 36.61417322834646 16
1135.0393700787401 425.1968503937008 94.48818897637796 36.61417322834646 —

471.25984251968504 501.9685039370079 162.99212598425197 56.69291338582677 106.
572.8346456692914 501.9685039370079 367.3228346456693 56.69291338582677 LACOMBE
878.7401574803149 501.9685039370079 244.48818897637796 56.69291338582677 (J.-B.),
1062.992125984252 501.9685039370079 327.1653543307087 56.69291338582677 instituteur,
1328.740157480315 501.9685039370079 122.83464566929133 56.69291338582677 né
1390.1574803149606 501.9685039370079 101.5748031496063 56.69291338582677 à
1430.3149606299212 501.9685039370079 265.748031496063 56.69291338582677 Toulouse,
1614.5669291338584 501.9685039370079 162.99212598425197 56.69291338582677 prési-

517.3228346456693 550.3937007874016 167.71653543307087 57.874015748031496 dent
622.4409448818898 550.3937007874016 126.37795275590551 57.874015748031496 de
685.0393700787401 550.3937007874016 126.37795275590551 57.874015748031496 la
748.8188976377953 550.3937007874016 294.09448818897636 57.874015748031496 commission
979.1338582677165 550.3937007874016 272.8346456692913 57.874015748031496 militaire
1189.3700787401574 550.3937007874016 126.37795275590551 57.874015748031496 de
1251.9685039370079 550.3937007874016 251.5748031496063 57.874015748031496 Bordeaux
1440.9448818897638 550.3937007874016 230.31496062992127 57.874015748031496 pendant
1608.6614173228347 550.3937007874016 126.37795275590551 57.874015748031496 la
1650.0 550.3937007874016 126.37795275590551 57.874015748031496 Ter-

517.3228346456693 600.0 175.98425196850394 53.1496062992126 reur,
635.4330708661417 600.0 235.03937007874015 53.1496062992126 décapité
811.4173228346457 600.0 175.98425196850394 53.1496062992126 après
928.3464566929134 600.0 116.92913385826772 53.1496062992126 le
987.4015748031496 600.0 98.03149606299213 53.1496062992126 9
1006.2992125984252 600.0 235.03937007874015 53.1496062992126 thermidor.

557.4803149606299 659.0551181102362 132.28346456692913 51.968503937007874 L.
623.6220472440945 659.0551181102362 132.28346456692913 51.968503937007874 a.
690.9448818897638 659.0551181102362 132.28346456692913 51.968503937007874 s.
757.0866141732283 659.0551181102362 132.28346456692913 51.968503937007874 au
823.2283464566929 659.0551181102362 354.3307086614173 51.968503937007874 représentant
1110.236220472441 659.0551181102362 265.748031496063 51.968503937007874 Ysabeau;
1309.8425196850394 659.0551181102362 243.30708661417322 51.968503937007874 (prison
1487.007874015748 659.0551181102362 132.28346456692913 51.968503937007874 de
1530.708661417323 659.0551181102362 243.30708661417322 51.968503937007874 Bordeaux,

518.503937007874 702.7559055118111 158.26771653543307 49.60629921259842 vers
617.7165354330708 702.7559055118111 118.11023622047244 49.60629921259842 le
676.7716535433071 702.7559055118111 118.11023622047244 49.60629921259842 25
735.8267716535433 702.7559055118111 197.24409448818898 49.60629921259842 therm.
874.0157480314961 702.7559055118111 118.11023622047244 49.60629921259842 an
933.0708661417323 702.7559055118111 138.18897637795277 49.60629921259842 2),
1012.2047244094488 702.7559055118111 98.03149606299213 49.60629921259842 2
1051.1811023622047 702.7559055118111 118.11023622047244 49.60629921259842 p.
1110.236220472441 702.7559055118111 138.18897637795277 49.60629921259842 1/2
1169.291338582677 702.7559055118111 138.18897637795277 49.60629921259842 in

589.3700787401575 758.2677165354331 150.0 41.338582677165356 Alors
689.7637795275591 758.2677165354331 100.39370078740157 41.338582677165356 en
739.3700787401575 758.2677165354331 217.3228346456693 41.338582677165356 jugement,
907.0866141732283 758.2677165354331 100.39370078740157 41.338582677165356 et
956.6929133858267 758.2677165354331 217.3228346456693 41.338582677165356 poursuivi
1124.4094488188975 758.2677165354331 116.92913385826772 41.338582677165356 par
1190.5511811023623 758.2677165354331 100.39370078740157 41.338582677165356 la
1241.3385826771653 758.2677165354331 150.0 41.338582677165356 haine
1341.732283464567 758.2677165354331 116.92913385826772 41.338582677165356 des
1409.0551181102362 758.2677165354331 233.85826771653544 41.338582677165356 Bordelais,
1592.1259842519685 758.2677165354331 116.92913385826772 41.338582677165356 qui
1642.9133858267717 758.2677165354331 133.46456692913387 41.338582677165356 deman-

550.3937007874016 793.7007874015748 148.8188976377953 44.881889763779526 daient
655.511811023622 793.7007874015748 89.76377952755905 44.881889763779526 sa
700.3937007874016 793.7007874015748 119.29133858267717 44.881889763779526 tête
774.8031496062993 793.7007874015748 89.76377952755905 44.881889763779526 et
819.6850393700787 793.7007874015748 193.70078740157481 44.881889763779526 criaient:
968.503937007874 793.7007874015748 119.29133858267717 44.881889763779526 à
1044.0944881889764 793.7007874015748 89.76377952755905 44.881889763779526 la
1087.7952755905512 793.7007874015748 209.0551181102362 44.881889763779526 guillotine
1253.1496062992126 793.7007874015748 89.76377952755905 44.881889763779526 le
1296.8503937007874 793.7007874015748 134.64566929133858 44.881889763779526 tyran
1386.6141732283465 793.7007874015748 89.76377952755905 44.881889763779526 de
1431.4960629921259 793.7007874015748 298.81889763779526 44.881889763779526 Robespierre!
1685.4330708661416 793.7007874015748 89.76377952755905 44.881889763779526 il
1714.9606299212599 793.7007874015748 60.23622047244095 44.881889763779526 en

552.7559055118111 832.6771653543307 174.8031496062992 43.7007874015748 appelle
679.1338582677165 832.6771653543307 79.13385826771653 43.7007874015748 à
711.0236220472441 832.6771653543307 190.15748031496062 43.7007874015748 Ysabeau,
853.9370078740158 832.6771653543307 111.02362204724409 43.7007874015748 qui
917.7165354330708 832.6771653543307 79.13385826771653 43.7007874015748 a
948.4251968503937 832.6771653543307 111.02362204724409 43.7007874015748 été
1012.2047244094488 832.6771653543307 158.26771653543307 43.7007874015748 témoin
1123.2283464566929 832.6771653543307 95.66929133858268 43.7007874015748 de
1171.6535433070867 832.6771653543307 95.66929133858268 43.7007874015748 sa
1218.8976377952756 832.6771653543307 206.69291338582678 43.7007874015748 conduite.
1377.1653543307086 832.6771653543307 95.66929133858268 43.7007874015748 Il
1424.4094488188975 832.6771653543307 95.66929133858268 43.7007874015748 se
1472.8346456692914 832.6771653543307 206.69291338582678 43.7007874015748 reconnaît
1615.748031496063 832.6771653543307 158.26771653543307 43.7007874015748 coupable

549.2125984251968 870.4724409448819 95.66929133858268 43.7007874015748 de
596.4566929133858 870.4724409448819 191.33858267716536 43.7007874015748 quelques
739.3700787401575 870.4724409448819 238.58267716535434 43.7007874015748 faiblesses;
930.7086614173228 870.4724409448819 127.55905511811024 43.7007874015748 mais
1009.8425196850394 870.4724409448819 95.66929133858268 43.7007874015748 il
1058.267716535433 870.4724409448819 206.69291338582678 43.7007874015748 maintient
1216.5354330708662 870.4724409448819 111.02362204724409 43.7007874015748 que
1280.3149606299212 870.4724409448819 111.02362204724409 43.7007874015748 les
1344.0944881889764 870.4724409448819 191.33858267716536 43.7007874015748 citoyens
1487.007874015748 870.4724409448819 95.66929133858268 43.7007874015748 de
1535.4330708661416 870.4724409448819 191.33858267716536 43.7007874015748 Bordeaux
1678.3464566929133 870.4724409448819 95.66929133858268 43.7007874015748 ne
1710.236220472441 870.4724409448819 63.77952755905512 43.7007874015748 le

551.5748031496063 908.2677165354331 229.13385826771653 44.881889763779526 poursuivent
734.6456692913385 908.2677165354331 121.65354330708661 44.881889763779526 avec
811.4173228346457 908.2677165354331 121.65354330708661 44.881889763779526 tant
888.1889763779527 908.2677165354331 259.84251968503935 44.881889763779526 d'acharnement
1101.9685039370079 908.2677165354331 107.48031496062993 44.881889763779526 que
1163.3858267716535 908.2677165354331 121.65354330708661 44.881889763779526 pour
1238.976377952756 908.2677165354331 107.48031496062993 44.881889763779526 les
1300.3937007874015 908.2677165354331 198.4251968503937 44.881889763779526 jugements
1452.755905511811 908.2677165354331 198.4251968503937 44.881889763779526 justes
1606.2992125984251 908.2677165354331 92.1259842519685 44.881889763779526 et
1637.007874015748 908.2677165354331 137.00787401574803 44.881889763779526 sé

550.3937007874016 947.2440944881889 253.93700787401573 44.881889763779526 vères
757.0866141732283 947.2440944881889 159.4488188976378 44.881889763779526 rendus
868.1102362204724 947.2440944881889 111.02362204724409 44.881889763779526 par
931.8897637795276 947.2440944881889 95.66929133858268 44.881889763779526 la
979.1338582677165 947.2440944881889 222.04724409448818 44.881889763779526 Commission
1153.9370078740158 947.2440944881889 127.55905511811024 44.881889763779526 sous
1233.0708661417323 947.2440944881889 95.66929133858268 44.881889763779526 sa
1281.4960629921259 947.2440944881889 238.58267716535434 44.881889763779526 présidence.
1471.6535433070867 947.2440944881889 142.91338582677164 44.881889763779526 «Quel
1567.3228346456692 947.2440944881889 111.02362204724409 44.881889763779526 que
1631.1023622047244 947.2440944881889 127.55905511811024 44.881889763779526 soit
1694.8818897637796 947.2440944881889 79.13385826771653 44.881889763779526 mon

549.2125984251968 985.0393700787401 142.91338582677164 46.06299212598425 sort,
643.7007874015748 985.0393700787401 174.8031496062992 46.06299212598425 dit-il,
771.2598425196851 985.0393700787401 95.66929133858268 46.06299212598425 on
819.6850393700787 985.0393700787401 223.22834645669292 46.06299212598425 m’entendra
994.488188976378 985.0393700787401 159.4488188976378 46.06299212598425 crier,
1106.6929133858268 985.0393700787401 95.66929133858268 46.06299212598425 du
1153.9370078740158 985.0393700787401 127.55905511811024 46.06299212598425 fond
1233.0708661417323 985.0393700787401 95.66929133858268 46.06299212598425 de
1281.4960629921259 985.0393700787401 111.02362204724409 46.06299212598425 mon
1345.275590551181 985.0393700787401 159.4488188976378 46.06299212598425 coeur,
1456.2992125984251 985.0393700787401 127.55905511811024 46.06299212598425 vive
1536.6141732283465 985.0393700787401 95.66929133858268 46.06299212598425 la
1568.5039370078741 985.0393700787401 206.69291338582678 46.06299212598425 République,

549.2125984251968 1025.1968503937007 95.66929133858268 43.7007874015748 et
596.4566929133858 1025.1968503937007 95.66929133858268 43.7007874015748 je
643.7007874015748 1025.1968503937007 95.66929133858268 43.7007874015748 la
692.1259842519685 1025.1968503937007 191.33858267716536 43.7007874015748 chérirai
835.0393700787401 1025.1968503937007 191.33858267716536 43.7007874015748 jusqu'au
977.9527559055118 1025.1968503937007 174.8031496062992 43.7007874015748 dernier
1105.5118110236222 1025.1968503937007 191.33858267716536 43.7007874015748 soupir.»
1248.4251968503936 1025.1968503937007 206.69291338582678 43.7007874015748 (Quelques
1407.8740157480315 1025.1968503937007 142.91338582677164 43.7007874015748 jours
1503.5433070866143 1025.1968503937007 159.4488188976378 43.7007874015748 après,
1614.5669291338584 1025.1968503937007 95.66929133858268 43.7007874015748 le
1662.992125984252 1025.1968503937007 111.02362204724409 43.7007874015748 27,
1710.236220472441 1025.1968503937007 63.77952755905512 43.7007874015748 il

548.0314960629921 1064.1732283464567 145.2755905511811 40.15748031496063 était
644.8818897637796 1064.1732283464567 192.51968503937007 40.15748031496063 condamné
790.1574803149606 1064.1732283464567 80.31496062992126 40.15748031496063 à
822.0472440944882 1064.1732283464567 128.74015748031496 40.15748031496063 mort
902.3622047244095 1064.1732283464567 96.85039370078741 40.15748031496063 et
934.2519685039371 1064.1732283464567 177.16535433070865 40.15748031496063 exécuté.)

467.7165354330709 1114.9606299212599 177.16535433070865 56.69291338582677 107.
578.7401574803149 1114.9606299212599 442.9133858267717 56.69291338582677 LAFAYETTE
955.511811023622 1114.9606299212599 154.7244094488189 56.69291338582677 (le
1044.0944881889764 1114.9606299212599 243.30708661417322 56.69291338582677 marquis
1221.259842519685 1114.9606299212599 177.16535433070865 56.69291338582677 de),
1332.283464566929 1114.9606299212599 265.748031496063 56.69291338582677 illustre
1531.8897637795276 1114.9606299212599 243.30708661417322 56.69291338582677 général
1686.6141732283465 1114.9606299212599 88.58267716535433 56.69291338582677 et

517.3228346456693 1165.748031496063 197.24409448818898 38.976377952755904 homme
627.1653543307086 1165.748031496063 197.24409448818898 38.976377952755904 d’Etat.

557.4803149606299 1223.6220472440946 127.55905511811024 51.968503937007874 L.
621.2598425196851 1223.6220472440946 127.55905511811024 51.968503937007874 a.
685.0393700787401 1223.6220472440946 127.55905511811024 51.968503937007874 s.
748.8188976377953 1223.6220472440946 106.2992125984252 51.968503937007874 à
791.3385826771654 1223.6220472440946 127.55905511811024 51.968503937007874 un
855.1181102362204 1223.6220472440946 127.55905511811024 51.968503937007874 de
920.0787401574803 1223.6220472440946 148.8188976377953 51.968503937007874 ses
1005.1181102362204 1223.6220472440946 298.81889763779526 51.968503937007874 collègues;
1238.976377952756 1223.6220472440946 127.55905511811024 51.968503937007874 La
1302.755905511811 1223.6220472440946 233.85826771653544 51.968503937007874 Grange,
1474.015748031496 1223.6220472440946 127.55905511811024 51.968503937007874 13
1537.7952755905512 1223.6220472440946 170.07874015748033 51.968503937007874 juin
1622.8346456692914 1223.6220472440946 148.8188976377953 51.968503937007874 1832,

523.2283464566929 1268.5039370078741 89.76377952755905 43.7007874015748 1
558.6614173228346 1268.5039370078741 107.48031496062993 43.7007874015748 p.
612.992125984252 1268.5039370078741 125.19685039370079 43.7007874015748 1/4
666.1417322834645 1268.5039370078741 125.19685039370079 43.7007874015748 in

588.1889763779527 1322.8346456692914 159.4488188976378 41.338582677165356 Pièce
694.488188976378 1322.8346456692914 265.748031496063 41.338582677165356 historique,
907.0866141732283 1322.8346456692914 212.5984251968504 41.338582677165356 relative
1066.5354330708662 1322.8346456692914 106.2992125984252 41.338582677165356 au
1119.6850393700788 1322.8346456692914 177.16535433070865 41.338582677165356 convoi
1243.7007874015749 1322.8346456692914 106.2992125984252 41.338582677165356 du
1296.8503937007874 1322.8346456692914 194.88188976377953 41.338582677165356 général
1438.5826771653544 1322.8346456692914 230.31496062992127 41.338582677165356 Lamarque.
1615.748031496063 1322.8346456692914 88.58267716535433 41.338582677165356 —
1651.1811023622047 1322.8346456692914 106.2992125984252 41.338582677165356 On
1686.6141732283465 1322.8346456692914 88.58267716535433 41.338582677165356 lui

550.3937007874016 1359.4488188976377 175.98425196850394 42.51968503937008 demande
677.9527559055118 1359.4488188976377 127.55905511811024 42.51968503937008 s’il
757.0866141732283 1359.4488188976377 112.20472440944881 42.51968503937008 est
820.8661417322835 1359.4488188976377 144.09448818897638 42.51968503937008 vrai,
916.5354330708661 1359.4488188976377 144.09448818897638 42.51968503937008 comme
1012.2047244094488 1359.4488188976377 223.22834645669292 42.51968503937008 l’assurent
1188.1889763779527 1359.4488188976377 112.20472440944881 42.51968503937008 des
1251.9685039370079 1359.4488188976377 255.11811023622047 42.51968503937008 personnes
1443.3070866141732 1359.4488188976377 335.43307086614175 42.51968503937008 recommandables,

549.2125984251968 1397.244094488189 153.54330708661416 43.7007874015748 qu'il
650.7874015748032 1397.244094488189 119.29133858267717 43.7007874015748 ait
719.2913385826772 1397.244094488189 170.07874015748033 43.7007874015748 déposé
837.4015748031496 1397.244094488189 119.29133858267717 43.7007874015748 une
905.9055118110236 1397.244094488189 204.33070866141733 43.7007874015748 couronne
1058.267716535433 1397.244094488189 119.29133858267717 43.7007874015748 sur
1126.7716535433071 1397.244094488189 101.5748031496063 43.7007874015748 le
1177.5590551181103 1397.244094488189 170.07874015748033 43.7007874015748 bonnet
1296.8503937007874 1397.244094488189 153.54330708661416 43.7007874015748 rouge
1398.4251968503936 1397.244094488189 153.54330708661416 43.7007874015748 porté
1501.1811023622047 1397.244094488189 85.03937007874016 43.7007874015748 à
1534.251968503937 1397.244094488189 101.5748031496063 43.7007874015748 ce
1586.2204724409448 1397.244094488189 186.61417322834646 43.7007874015748 convoi.
1704.3307086614172 1397.244094488189 68.50393700787401 43.7007874015748 Il

551.5748031496063 1435.0393700787401 162.99212598425197 43.7007874015748 répond
666.1417322834645 1435.0393700787401 114.56692913385827 43.7007874015748 que
731.1023622047244 1435.0393700787401 146.45669291338584 43.7007874015748 cette
829.1338582677165 1435.0393700787401 212.5984251968504 43.7007874015748 assertion
992.1259842519685 1435.0393700787401 114.56692913385827 43.7007874015748 est
1058.267716535433 1435.0393700787401 81.49606299212599 43.7007874015748 à
1090.1574803149606 1435.0393700787401 98.03149606299213 43.7007874015748 la
1139.763779527559 1435.0393700787401 131.10236220472441 43.7007874015748 fois
1221.259842519685 1435.0393700787401 114.56692913385827 43.7007874015748 une
1286.2204724409448 1435.0393700787401 179.5275590551181 43.7007874015748 sottise
1417.3228346456692 1435.0393700787401 98.03149606299213 43.7007874015748 et
1465.748031496063 1435.0393700787401 98.03149606299213 43.7007874015748 un
1515.3543307086613 1435.0393700787401 212.5984251968504 43.7007874015748 mensonge,
1678.3464566929133 1435.0393700787401 98.03149606299213 43.7007874015748 et
1711.4173228346456 1435.0393700787401 64.96062992125984 43.7007874015748 il

548.0314960629921 1472.8346456692914 193.70078740157481 43.7007874015748 rappelle
694.488188976378 1472.8346456692914 113.38582677165354 43.7007874015748 son
758.2677165354331 1472.8346456692914 193.70078740157481 43.7007874015748 attitude
904.7244094488188 1472.8346456692914 96.85039370078741 43.7007874015748 de
953.1496062992126 1472.8346456692914 129.92125984251967 43.7007874015748 1792
1033.4645669291338 1472.8346456692914 96.85039370078741 43.7007874015748 et
1081.8897637795276 1472.8346456692914 145.2755905511811 43.7007874015748 1793,
1178.740157480315 1472.8346456692914 161.81102362204723 43.7007874015748 époque
1292.1259842519685 1472.8346456692914 96.85039370078741 43.7007874015748 où
1340.5511811023623 1472.8346456692914 96.85039370078741 43.7007874015748 ce
1388.976377952756 1472.8346456692914 193.70078740157481 43.7007874015748 sanglant
1535.4330708661416 1472.8346456692914 178.3464566929134 43.7007874015748 symbole
1647.6377952755906 1472.8346456692914 129.92125984251967 43.7007874015748 servit

546.8503937007874 1511.8110236220473 99.21259842519684 42.51968503937008 de
596.4566929133858 1511.8110236220473 183.0708661417323 42.51968503937008 drapeau
729.9212598425197 1511.8110236220473 115.74803149606299 42.51968503937008 aux
796.0629921259842 1511.8110236220473 132.28346456692913 42.51968503937008 plus
878.7401574803149 1511.8110236220473 249.21259842519686 42.51968503937008 criminelles
1078.3464566929133 1511.8110236220473 232.6771653543307 42.51968503937008 violences.
1260.236220472441 1511.8110236220473 115.74803149606299 42.51968503937008 Les
1327.5590551181103 1511.8110236220473 282.2834645669291 42.51968503937008 cinquante-six
1559.0551181102362 1511.8110236220473 166.53543307086613 42.51968503937008 années
1675.984251968504 1511.8110236220473 99.21259842519684 42.51968503937008 de
1709.0551181102362 1511.8110236220473 66.14173228346456 42.51968503937008 sa

545.6692913385826 1548.4251968503936 201.96850393700788 43.7007874015748 carrière
696.8503937007874 1548.4251968503936 201.96850393700788 43.7007874015748 publique
848.0314960629921 1548.4251968503936 134.64566929133858 43.7007874015748 sont
933.0708661417323 1548.4251968503936 151.1811023622047 43.7007874015748 aussi
1033.4645669291338 1548.4251968503936 118.11023622047244 43.7007874015748 une
1100.7874015748032 1548.4251968503936 269.29133858267716 43.7007874015748 protestation
1320.4724409448818 1548.4251968503936 168.89763779527559 43.7007874015748 contre
1438.5826771653544 1548.4251968503936 118.11023622047244 43.7007874015748 les
1505.9055118110236 1548.4251968503936 252.75590551181102 43.7007874015748 illégalités
1691.3385826771653 1548.4251968503936 83.85826771653544 43.7007874015748 qui

549.2125984251968 1585.0393700787401 174.8031496062992 43.7007874015748 tendent
675.5905511811023 1585.0393700787401 79.13385826771653 43.7007874015748 à
707.4803149606299 1585.0393700787401 191.33858267716536 43.7007874015748 détruire
851.5748031496063 1585.0393700787401 111.02362204724409 43.7007874015748 les
915.3543307086615 1585.0393700787401 206.69291338582678 43.7007874015748 principes
1074.8031496062993 1585.0393700787401 95.66929133858268 43.7007874015748 de
1122.0472440944882 1585.0393700787401 95.66929133858268 43.7007874015748 la
1170.4724409448818 1585.0393700787401 223.22834645669292 43.7007874015748 révolution
1345.275590551181 1585.0393700787401 95.66929133858268 43.7007874015748 de
1392.5196850393702 1585.0393700787401 142.91338582677164 43.7007874015748 1830.
1488.1889763779527 1585.0393700787401 142.91338582677164 43.7007874015748 «Elle
1583.8582677165355 1585.0393700787401 127.55905511811024 43.7007874015748 n’en
1647.6377952755906 1585.0393700787401 127.55905511811024 43.7007874015748 finira

549.2125984251968 1624.015748031496 115.74803149606299 44.881889763779526 pas
615.3543307086615 1624.015748031496 165.35433070866142 44.881889763779526 moins,
731.1023622047244 1624.015748031496 265.748031496063 44.881889763779526 ajoute-t-il,
947.2440944881889 1624.015748031496 165.35433070866142 44.881889763779526 malgré
1062.992125984252 1624.015748031496 115.74803149606299 44.881889763779526 nos
1129.1338582677165 1624.015748031496 232.6771653543307 44.881889763779526 mécomptes,
1312.2047244094488 1624.015748031496 115.74803149606299 44.881889763779526 par
1378.3464566929133 1624.015748031496 216.14173228346456 44.881889763779526 accomplir
1543.7007874015749 1624.015748031496 115.74803149606299 44.881889763779526 ses
1594.4881889763778 1624.015748031496 181.88976377952756 44.881889763779526 destinées

546.8503937007874 1662.992125984252 99.21259842519684 35.43307086614173 et
596.4566929133858 1662.992125984252 115.74803149606299 35.43307086614173 les
662.5984251968504 1662.992125984252 148.8188976377953 35.43307086614173 vieux
761.8110236220473 1662.992125984252 99.21259842519684 35.43307086614173 de
811.4173228346457 1662.992125984252 148.8188976377953 35.43307086614173 toute
910.6299212598425 1662.992125984252 99.21259842519684 35.43307086614173 ma
943.7007874015748 1662.992125984252 115.74803149606299 35.43307086614173 vie.»

466.53543307086613 1722.0472440944882 168.89763779527559 54.330708661417326 108.
571.6535433070866 1722.0472440944882 380.31496062992125 54.330708661417326 LALANNE
889.3700787401575 1722.0472440944882 232.6771653543307 54.330708661417326 (Léon),
1057.0866141732283 1722.0472440944882 295.2755905511811 54.330708661417326 ingénieur,
1289.763779527559 1722.0472440944882 274.01574803149606 54.330708661417326 directeur
1501.1811023622047 1722.0472440944882 147.63779527559055 54.330708661417326 des
1563.7795275590552 1722.0472440944882 211.41732283464566 54.330708661417326 Ateliers

514.9606299212599 1772.8346456692914 277.5590551181102 40.15748031496063 nationaux
728.7401574803149 1772.8346456692914 127.55905511811024 40.15748031496063 en
771.2598425196851 1772.8346456692914 148.8188976377953 40.15748031496063 1848.

557.4803149606299 1829.5275590551182 118.11023622047244 47.24409448818898 L.
616.5354330708661 1829.5275590551182 118.11023622047244 47.24409448818898 a.
675.5905511811023 1829.5275590551182 137.00787401574803 47.24409448818898 s.;
754.7244094488188 1829.5275590551182 236.2204724409449 47.24409448818898 Mortain,
930.7086614173228 1829.5275590551182 177.16535433070865 47.24409448818898 1835,
1048.8188976377953 1829.5275590551182 98.03149606299213 47.24409448818898 7
1087.7952755905512 1829.5275590551182 118.11023622047244 47.24409448818898 p.
1127.9527559055118 1829.5275590551182 137.00787401574803 47.24409448818898 in

583.4645669291339 1883.8582677165355 142.91338582677164 38.976377952755904 Toute
677.9527559055118 1883.8582677165355 190.15748031496062 38.976377952755904 relative
820.8661417322835 1883.8582677165355 79.13385826771653 38.976377952755904 à
852.7559055118111 1883.8582677165355 159.4488188976378 38.976377952755904 l’état
963.7795275590552 1883.8582677165355 111.02362204724409 38.976377952755904 des
1027.5590551181103 1883.8582677165355 159.4488188976378 38.976377952755904 routes
1139.763779527559 1883.8582677165355 127.55905511811024 38.976377952755904 dans
1218.8976377952756 1883.8582677165355 317.7165354330709 38.976377952755904 l’arrondissement
1489.3700787401574 1883.8582677165355 95.66929133858268 38.976377952755904 de
1520.0787401574803 1883.8582677165355 159.4488188976378 38.976377952755904 Mortain.

467.7165354330709 1941.732283464567 161.81102362204723 57.874015748031496 109.
568.1102362204724 1941.732283464567 403.93700787401576 57.874015748031496 LAMENNAIS
911.8110236220473 1941.732283464567 141.73228346456693 57.874015748031496 (F.
992.1259842519685 1941.732283464567 161.81102362204723 57.874015748031496 de),
1093.7007874015749 1941.732283464567 242.1259842519685 57.874015748031496 illustre
1274.4094488188975 1941.732283464567 242.1259842519685 57.874015748031496 écrivain
1436.2204724409448 1941.732283464567 222.04724409448818 57.874015748031496 français.

557.4803149606299 2001.9685039370079 121.65354330708661 53.1496062992126 L.
617.7165354330708 2001.9685039370079 121.65354330708661 53.1496062992126 a.
677.9527559055118 2001.9685039370079 121.65354330708661 53.1496062992126 s.
739.3700787401575 2001.9685039370079 121.65354330708661 53.1496062992126 au
799.6062992125984 2001.9685039370079 181.88976377952756 53.1496062992126 baron
920.0787401574803 2001.9685039370079 302.3622047244094 53.1496062992126 d’Erkstein;
1162.2047244094488 2001.9685039370079 121.65354330708661 53.1496062992126 13
1223.6220472440946 2001.9685039370079 161.81102362204723 53.1496062992126 fév.
1324.015748031496 2001.9685039370079 181.88976377952756 53.1496062992126 1836,
1445.6692913385828 2001.9685039370079 100.39370078740157 53.1496062992126 1
1485.8267716535433 2001.9685039370079 121.65354330708661 53.1496062992126 p.
1546.0629921259842 2001.9685039370079 141.73228346456693 53.1496062992126 1/2
1606.2992125984251 2001.9685039370079 141.73228346456693 53.1496062992126 in

584.6456692913385 2059.8425196850394 113.38582677165354 44.881889763779526 Sur
649.6062992125984 2059.8425196850394 98.03149606299213 44.881889763779526 la
699.2125984251968 2059.8425196850394 227.95275590551182 44.881889763779526 difficulté
877.5590551181102 2059.8425196850394 211.41732283464566 44.881889763779526 d'insérer
1040.5511811023623 2059.8425196850394 129.92125984251967 44.881889763779526 avec
1122.0472440944882 2059.8425196850394 146.45669291338584 44.881889763779526 fruit
1220.0787401574803 2059.8425196850394 113.38582677165354 44.881889763779526 des
1285.0393700787401 2059.8425196850394 194.88188976377953 44.881889763779526 articles
1431.4960629921259 2059.8425196850394 179.5275590551181 44.881889763779526 savants
1561.4173228346456 2059.8425196850394 98.03149606299213 44.881889763779526 et
1609.8425196850394 2059.8425196850394 98.03149606299213 44.881889763779526 de
1642.9133858267717 2059.8425196850394 129.92125984251967 44.881889763779526 longue

548.0314960629921 2097.6377952755906 164.17322834645668 44.881889763779526 haleine
667.3228346456693 2097.6377952755906 119.29133858267717 44.881889763779526 dans
742.9133858267717 2097.6377952755906 103.93700787401575 44.881889763779526 les
801.9685039370079 2097.6377952755906 193.70078740157481 44.881889763779526 journaux,
951.9685039370079 2097.6377952755906 89.76377952755905 44.881889763779526 où
996.8503937007874 2097.6377952755906 103.93700787401575 44.881889763779526 ils
1055.9055118110236 2097.6377952755906 164.17322834645668 44.881889763779526 passent
1175.1968503937007 2097.6377952755906 119.29133858267717 44.881889763779526 trop
1250.7874015748032 2097.6377952755906 134.64566929133858 44.881889763779526 vite.
1339.3700787401574 2097.6377952755906 89.76377952755905 44.881889763779526 Il
1384.251968503937 2097.6377952755906 89.76377952755905 44.881889763779526 ne
1429.1338582677165 2097.6377952755906 119.29133858267717 44.881889763779526 faut
1503.5433070866143 2097.6377952755906 119.29133858267717 44.881889763779526 pour
1579.1338582677165 2097.6377952755906 103.93700787401575 44.881889763779526 ces
1624.015748031496 2097.6377952755906 148.8188976377953 44.881889763779526 feuilles

548.0314960629921 2135.433070866142 115.74803149606299 47.24409448818898 que
614.1732283464567 2135.433070866142 115.74803149606299 47.24409448818898 des
680.3149606299213 2135.433070866142 198.4251968503937 47.24409448818898 mentions
829.1338582677165 2135.433070866142 214.96062992125985 47.24409448818898 actuelles
994.488188976378 2135.433070866142 99.21259842519684 47.24409448818898 et
1044.0944881889764 2135.433070866142 231.49606299212599 47.24409448818898 pratiques,
1227.1653543307086 2135.433070866142 198.4251968503937 47.24409448818898 traitées
1375.984251968504 2135.433070866142 132.28346456692913 47.24409448818898 avec
1458.6614173228347 2135.433070866142 231.49606299212599 47.24409448818898 concision.
1624.015748031496 2135.433070866142 148.8188976377953 47.24409448818898 «Qu’au-

550.3937007874016 2174.4094488188975 144.09448818897638 44.881889763779526 raient
650.7874015748032 2174.4094488188975 114.56692913385827 44.881889763779526 fait
722.8346456692914 2174.4094488188975 86.22047244094489 44.881889763779526 de
765.3543307086615 2174.4094488188975 272.8346456692913 44.881889763779526 l'Iliade
995.6692913385826 2174.4094488188975 100.39370078740157 44.881889763779526 les
1053.5433070866143 2174.4094488188975 172.44094488188978 44.881889763779526 faiseurs
1182.283464566929 2174.4094488188975 216.14173228346456 44.881889763779526 d’almanachs
1354.724409448819 2174.4094488188975 72.04724409448819 44.881889763779526 à
1384.251968503937 2174.4094488188975 158.26771653543307 44.881889763779526 Athènes
1498.8188976377953 2174.4094488188975 86.22047244094489 44.881889763779526 ou
1541.3385826771653 2174.4094488188975 72.04724409448819 44.881889763779526 à
1556.6929133858268 2174.4094488188975 216.14173228346456 44.881889763779526 Syracuse?...»

462.99212598425197 2218.1102362204724 173.6220472440945 73.22834645669292 110.
571.6535433070866 2218.1102362204724 196.06299212598427 73.22834645669292 LA
701.5748031496063 2218.1102362204724 369.68503937007875 73.22834645669292 MÉSANGÈRE
1006.2992125984252 2218.1102362204724 283.46456692913387 73.22834645669292 (Pierre),
1223.6220472440946 2218.1102362204724 131.10236220472441 73.22834645669292 le
1289.763779527559 2218.1102362204724 261.0236220472441 73.22834645669292 créateur
1484.6456692913387 2218.1102362204724 152.36220472440945 73.22834645669292 des
1550.7874015748032 2218.1102362204724 217.3228346456693 73.22834645669292 journaux

514.9606299212599 2281.8897637795276 125.19685039370079 49.60629921259842 de
577.5590551181102 2281.8897637795276 209.0551181102362 49.60629921259842 modes,
724.0157480314961 2281.8897637795276 125.19685039370079 49.60629921259842 né
786.6141732283464 2281.8897637795276 166.53543307086613 49.60629921259842 dans
869.2913385826772 2281.8897637795276 209.0551181102362 49.60629921259842 l’Anjou.

559.8425196850394 2337.4015748031497 120.4724409448819 56.69291338582677 1°
620.0787401574803 2337.4015748031497 140.5511811023622 56.69291338582677 Une
700.3937007874016 2337.4015748031497 222.04724409448818 56.69291338582677 gravure
862.2047244094488 2337.4015748031497 120.4724409448819 56.69291338582677 de
922.4409448818898 2337.4015748031497 201.96850393700788 56.69291338582677 modes,
1064.1732283464567 2337.4015748031497 161.81102362204723 56.69291338582677 avec
1164.5669291338584 2337.4015748031497 100.39370078740157 56.69291338582677 2
1204.724409448819 2337.4015748031497 161.81102362204723 56.69291338582677 lig.
1305.1181102362204 2337.4015748031497 161.81102362204723 56.69291338582677 aut.
1406.6929133858268 2337.4015748031497 181.88976377952756 56.69291338582677 sig.,
1527.1653543307086 2337.4015748031497 181.88976377952756 56.69291338582677 1823,
1628.740157480315 2337.4015748031497 140.5511811023622 56.69291338582677 in

511.4173228346457 2375.196850393701 114.56692913385827 60.23622047244095 —
556.2992125984252 2375.196850393701 137.00787401574803 60.23622047244095 2°
624.8031496062993 2375.196850393701 251.5748031496063 60.23622047244095 Article
807.8740157480315 2375.196850393701 251.5748031496063 60.23622047244095 curieux
990.9448818897638 2375.196850393701 160.62992125984252 60.23622047244095 sur
1083.0708661417323 2375.196850393701 160.62992125984252 60.23622047244095 des
1174.015748031496 2375.196850393701 205.51181102362204 60.23622047244095 modes
1312.2047244094488 2375.196850393701 137.00787401574803 60.23622047244095 de
1380.708661417323 2375.196850393701 137.00787401574803 60.23622047244095 la
1425.5905511811025 2375.196850393701 343.7007874015748 60.23622047244095 Restauration,

514.9606299212599 2427.165354330709 168.89763779527559 44.881889763779526 aut.,
628.3464566929134 2427.165354330709 94.48818897637796 44.881889763779526 5
666.1417322834645 2427.165354330709 113.38582677165354 44.881889763779526 p.
702.7559055118111 2427.165354330709 132.28346456692913 44.881889763779526 in

464.1732283464567 2482.6771653543306 158.26771653543307 57.874015748031496 111.
563.3858267716536 2482.6771653543306 355.51181102362204 57.874015748031496 LANTIER
859.8425196850394 2482.6771653543306 197.24409448818898 57.874015748031496 (E.-F.
998.0314960629921 2482.6771653543306 158.26771653543307 57.874015748031496 de),
1097.244094488189 2482.6771653543306 296.45669291338584 57.874015748031496 littérateur
1334.6456692913387 2482.6771653543306 276.37795275590554 57.874015748031496 distingué,
1551.9685039370079 2482.6771653543306 197.24409448818898 57.874015748031496 auteur
1670.0787401574803 2482.6771653543306 99.21259842519684 57.874015748031496 des

526.7716535433071 2532.283464566929 238.58267716535434 55.511811023622045 Voyages
714.5669291338583 2532.283464566929 307.0866141732283 55.511811023622045 d’Anténor,
970.8661417322835 2532.283464566929 102.75590551181102 55.511811023622045 né
1021.6535433070866 2532.283464566929 85.03937007874016 55.511811023622045 à
1038.1889763779527 2532.283464566929 205.51181102362204 55.511811023622045 Marseille.

553.9370078740158 2592.51968503937 121.65354330708661 55.511811023622045 L.
614.1732283464567 2592.51968503937 121.65354330708661 55.511811023622045 a.
675.5905511811023 2592.51968503937 121.65354330708661 55.511811023622045 s.
735.8267716535433 2592.51968503937 101.5748031496063 55.511811023622045 à
775.9842519685039 2592.51968503937 201.96850393700788 55.511811023622045 Arthus
917.7165354330708 2592.51968503937 263.38582677165357 55.511811023622045 Bertrand,
1119.6850393700788 2592.51968503937 141.73228346456693 55.511811023622045 son
1201.1811023622047 2592.51968503937 242.1259842519685 55.511811023622045 éditeur;
1383.0708661417323 2592.51968503937 303.54330708661416 55.511811023622045 (Marseille,
1605.1181102362204 2592.51968503937 161.81102362204723 55.511811023622045 1813),

517.3228346456693 2638.582677165354 92.1259842519685 47.24409448818898 1
555.1181102362204 2638.582677165354 109.84251968503936 47.24409448818898 p.
609.4488188976378 2638.582677165354 128.74015748031496 47.24409448818898 1/2
682.6771653543307 2638.582677165354 146.45669291338584 47.24409448818898 pet.
755.9055118110236 2638.582677165354 128.74015748031496 47.24409448818898 in

461.81102362204723 2687.0078740157483 179.5275590551181 66.14173228346456 112.
574.0157480314961 2687.0078740157483 201.96850393700788 66.14173228346456 LE
709.8425196850394 2687.0078740157483 292.9133858267717 66.14173228346456 MÊME.
934.2519685039371 2687.0078740157483 112.20472440944881 66.14173228346456 2
979.1338582677165 2687.0078740157483 134.64566929133858 66.14173228346456 l.
1046.4566929133857 2687.0078740157483 134.64566929133858 66.14173228346456 a.
1113.7795275590552 2687.0078740157483 134.64566929133858 66.14173228346456 s.
1182.283464566929 2687.0078740157483 134.64566929133858 66.14173228346456 au
1249.6062992125985 2687.0078740157483 201.96850393700788 66.14173228346456 même;
1384.251968503937 2687.0078740157483 315.3543307086614 66.14173228346456 Marseille,
1609.8425196850394 2687.0078740157483 157.08661417322836 66.14173228346456 1816,

513.7795275590552 2746.0629921259842 94.48818897637796 42.51968503937008 3
551.5748031496063 2746.0629921259842 113.38582677165354 42.51968503937008 p.
589.3700787401575 2746.0629921259842 132.28346456692913 42.51968503937008 in

584.6456692913385 2800.3937007874015 207.8740157480315 46.06299212598425 Relatives
745.2755905511812 2800.3937007874015 80.31496062992126 46.06299212598425 à
777.1653543307086 2800.3937007874015 112.20472440944881 46.06299212598425 des
840.9448818897638 2800.3937007874015 239.76377952755905 46.06299212598425 difficultés
1033.4645669291338 2800.3937007874015 144.09448818897638 46.06299212598425 qu’il
1129.1338582677165 2800.3937007874015 80.31496062992126 46.06299212598425 a
1161.023622047244 2800.3937007874015 127.55905511811024 46.06299212598425 avec
1241.3385826771653 2800.3937007874015 112.20472440944881 46.06299212598425 son
1305.1181102362204 2800.3937007874015 175.98425196850394 46.06299212598425 éditeur
1432.6771653543308 2800.3937007874015 127.55905511811024 46.06299212598425 pour
1512.992125984252 2800.3937007874015 256.2992125984252 46.06299212598425 l’impression
1705.5118110236222 2800.3937007874015 63.77952755905512 46.06299212598425 de

550.3937007874016 2837.0078740157483 72.04724409448819 30.708661417322833 ses
581.1023622047244 2837.0078740157483 164.17322834645668 30.708661417322833 Contes.
