2192.1259842519685 3367.3228346456694
942.5196850393701 447.6377952755906 155.90551181102362 36.61417322834646 —
1003.9370078740158 447.6377952755906 186.61417322834646 36.61417322834646 17
1066.5354330708662 447.6377952755906 93.30708661417323 36.61417322834646 —

411.0236220472441 527.9527559055118 141.73228346456693 54.330708661417326 113.
499.6062992125984 527.9527559055118 320.0787401574803 54.330708661417326 LAUTREC
766.5354330708661 527.9527559055118 159.4488188976378 54.330708661417326 (Odet
872.8346456692914 527.9527559055118 106.2992125984252 54.330708661417326 de
925.9842519685039 527.9527559055118 284.6456692913386 54.330708661417326 Foix,
1157.4803149606298 527.9527559055118 159.4488188976378 54.330708661417326 comte
1263.7795275590552 527.9527559055118 106.2992125984252 54.330708661417326 de
1316.9291338582677 527.9527559055118 355.51181102362204 54.330708661417326 Comminge,
1601.5748031496064 527.9527559055118 106.2992125984252 54.330708661417326 sei-

455.90551181102364 577.5590551181102 185.43307086614172 54.330708661417326 gneur
578.7401574803149 577.5590551181102 164.17322834645668 54.330708661417326 de),
681.496062992126 577.5590551181102 246.8503937007874 54.330708661417326 maréchal
866.9291338582677 577.5590551181102 122.83464566929133 54.330708661417326 de
928.3464566929134 577.5590551181102 225.59055118110237 54.330708661417326 France,
1092.5196850393702 577.5590551181102 246.8503937007874 54.330708661417326 illustre
1277.9527559055118 577.5590551181102 266.92913385826773 54.330708661417326 capitaine
1483.4645669291338 577.5590551181102 144.09448818897638 54.330708661417326 des
1544.8818897637796 577.5590551181102 164.17322834645668 54.330708661417326 règnes

455.90551181102364 625.9842519685039 115.74803149606299 49.60629921259842 de
513.7795275590552 625.9842519685039 173.6220472440945 49.60629921259842 Louis
629.5275590551181 625.9842519685039 134.64566929133858 49.60629921259842 XII
706.2992125984252 625.9842519685039 115.74803149606299 49.60629921259842 et
764.1732283464567 625.9842519685039 115.74803149606299 49.60629921259842 de
822.0472440944882 625.9842519685039 231.49606299212599 49.60629921259842 François
976.7716535433071 625.9842519685039 115.74803149606299 49.60629921259842 Ier.

497.244094488189 683.8582677165355 198.4251968503937 48.425196850393704 Pièce
629.5275590551181 683.8582677165355 175.98425196850394 48.425196850393704 sig.
739.3700787401575 683.8582677165355 153.54330708661416 48.425196850393704 sur
827.9527559055118 683.8582677165355 219.68503937007873 48.425196850393704 vélin,
981.496062992126 683.8582677165355 132.28346456692913 48.425196850393704 en
1047.6377952755906 683.8582677165355 263.38582677165357 48.425196850393704 italien,
1244.8818897637796 683.8582677165355 198.4251968503937 48.425196850393704 comme
1377.1653543307086 683.8582677165355 329.5275590551181 48.425196850393704 lieut.-gén.
1619.291338582677 683.8582677165355 87.4015748031496 48.425196850393704 en

455.90551181102364 727.5590551181102 211.41732283464566 44.881889763779526 Italie;
609.4488188976378 727.5590551181102 191.33858267716536 44.881889763779526 Milan,
742.9133858267717 727.5590551181102 114.56692913385827 44.881889763779526 14
800.7874015748032 727.5590551181102 153.54330708661416 44.881889763779526 fév.
896.4566929133858 727.5590551181102 172.44094488188978 44.881889763779526 1518,
1012.2047244094488 727.5590551181102 134.64566929133858 44.881889763779526 1/2
1088.976377952756 727.5590551181102 114.56692913385827 44.881889763779526 p.
1126.7716535433071 727.5590551181102 134.64566929133858 44.881889763779526 in

526.7716535433071 781.8897637795276 194.88188976377953 40.15748031496063 Relative
673.2283464566929 781.8897637795276 96.85039370078741 40.15748031496063 au
721.6535433070866 781.8897637795276 226.77165354330708 40.15748031496063 changement
900.0 781.8897637795276 96.85039370078741 40.15748031496063 du
949.6062992125984 781.8897637795276 178.3464566929134 40.15748031496063 gardien
1079.5275590551182 781.8897637795276 113.38582677165354 40.15748031496063 des
1144.4881889763778 781.8897637795276 146.45669291338584 40.15748031496063 clefs
1241.3385826771653 781.8897637795276 96.85039370078741 40.15748031496063 et
1289.763779527559 781.8897637795276 113.38582677165354 40.15748031496063 des
1354.724409448819 781.8897637795276 161.81102362204723 40.15748031496063 portes
1469.291338582677 781.8897637795276 96.85039370078741 40.15748031496063 de
1501.1811023622047 781.8897637795276 129.92125984251967 40.15748031496063 Milan.

407.4803149606299 843.3070866141733 161.81102362204723 55.511811023622045 114.
509.0551181102362 843.3070866141733 405.11811023622045 55.511811023622045 LAVOISIER
852.7559055118111 843.3070866141733 243.30708661417322 55.511811023622045 (A.-L.),
1034.6456692913387 843.3070866141733 243.30708661417322 55.511811023622045 illustre
1196.4566929133857 843.3070866141733 223.22834645669292 55.511811023622045 chimiste.

497.244094488189 903.5433070866142 125.19685039370079 50.78740157480315 L.
559.8425196850394 903.5433070866142 125.19685039370079 50.78740157480315 a.
622.4409448818898 903.5433070866142 125.19685039370079 50.78740157480315 s.
685.0393700787401 903.5433070866142 103.93700787401575 50.78740157480315 à
726.3779527559055 903.5433070866142 125.19685039370079 50.78740157480315 un
788.9763779527559 903.5433070866142 125.19685039370079 50.78740157480315 de
851.5748031496063 903.5433070866142 146.45669291338584 50.78740157480315 ses
935.4330708661417 903.5433070866142 250.39370078740157 50.78740157480315 parents;
1123.2283464566929 903.5433070866142 229.13385826771653 50.78740157480315 (Paris,
1289.763779527559 903.5433070866142 166.53543307086613 50.78740157480315 vers
1393.7007874015749 903.5433070866142 125.19685039370079 50.78740157480315 le
1456.2992125984251 903.5433070866142 166.53543307086613 50.78740157480315 mois
1560.236220472441 903.5433070866142 125.19685039370079 50.78740157480315 de
1602.755905511811 903.5433070866142 103.93700787401575 50.78740157480315 mai

465.3543307086614 950.7874015748032 144.09448818897638 46.06299212598425 1793),
565.7480314960629 950.7874015748032 72.04724409448819 46.06299212598425 1
595.2755905511812 950.7874015748032 86.22047244094489 46.06299212598425 p.
637.7952755905512 950.7874015748032 101.5748031496063 46.06299212598425 1/3
695.6692913385826 950.7874015748032 129.92125984251967 46.06299212598425 in-4.
783.0708661417323 950.7874015748032 173.6220472440945 46.06299212598425 Belle
897.6377952755905 950.7874015748032 173.6220472440945 46.06299212598425 pièce.

526.7716535433071 1002.7559055118111 96.85039370078741 42.51968503937008 Il
575.1968503937007 1002.7559055118111 113.38582677165354 42.51968503937008 lui
640.1574803149606 1002.7559055118111 161.81102362204723 42.51968503937008 envoie
753.5433070866142 1002.7559055118111 96.85039370078741 42.51968503937008 un
801.9685039370079 1002.7559055118111 210.23622047244095 42.51968503937008 récépissé
963.7795275590552 1002.7559055118111 96.85039370078741 42.51968503937008 de
1012.2047244094488 1002.7559055118111 161.81102362204723 42.51968503937008 34,086
1125.5905511811025 1002.7559055118111 161.81102362204723 42.51968503937008 francs
1238.976377952756 1002.7559055118111 129.92125984251967 42.51968503937008 pour
1319.291338582677 1002.7559055118111 178.3464566929134 42.51968503937008 l'achat
1449.2125984251968 1002.7559055118111 96.85039370078741 42.51968503937008 de
1497.6377952755906 1002.7559055118111 145.2755905511811 42.51968503937008 biens
1577.9527559055118 1002.7559055118111 129.92125984251967 42.51968503937008 natio-

487.79527559055117 1040.5511811023623 133.46456692913387 43.7007874015748 naux
571.6535433070866 1040.5511811023623 150.0 43.7007874015748 faits
672.0472440944882 1040.5511811023623 133.46456692913387 43.7007874015748 pour
754.7244094488188 1040.5511811023623 200.78740157480314 43.7007874015748 lui-même
905.9055118110236 1040.5511811023623 133.46456692913387 43.7007874015748 dans
988.5826771653543 1040.5511811023623 116.92913385826772 43.7007874015748 les
1055.9055118110236 1040.5511811023623 217.3228346456693 43.7007874015748 districts
1223.6220472440946 1040.5511811023623 100.39370078740157 43.7007874015748 de
1273.2283464566929 1040.5511811023623 200.78740157480314 43.7007874015748 Soissons
1423.2283464566929 1040.5511811023623 100.39370078740157 43.7007874015748 et
1474.015748031496 1040.5511811023623 100.39370078740157 43.7007874015748 de
1507.0866141732283 1040.5511811023623 200.78740157480314 43.7007874015748 Compiègne,

490.15748031496065 1079.5275590551182 100.39370078740157 42.51968503937008 et
539.7637795275591 1079.5275590551182 200.78740157480314 42.51968503937008 l'engage
689.7637795275591 1079.5275590551182 83.85826771653544 42.51968503937008 à
724.0157480314961 1079.5275590551182 100.39370078740157 42.51968503937008 ne
773.6220472440945 1079.5275590551182 150.0 42.51968503937008 point
874.0157480314961 1079.5275590551182 200.78740157480314 42.51968503937008 chercher
1024.015748031496 1079.5275590551182 83.85826771653544 42.51968503937008 à
1057.0866141732283 1079.5275590551182 233.85826771653544 42.51968503937008 s'exempter
1241.3385826771653 1079.5275590551182 100.39370078740157 42.51968503937008 de
1290.9448818897638 1079.5275590551182 217.3228346456693 42.51968503937008 concourir
1457.4803149606298 1079.5275590551182 100.39370078740157 42.51968503937008 au
1490.5511811023623 1079.5275590551182 217.3228346456693 42.51968503937008 recrutement

486.61417322834643 1118.5039370078741 141.73228346456693 41.338582677165356 pour
575.1968503937007 1118.5039370078741 106.2992125984252 41.338582677165356 la
628.3464566929134 1118.5039370078741 194.88188976377953 41.338582677165356 Vendée,
770.0787401574803 1118.5039370078741 88.58267716535433 41.338582677165356 à
805.511811023622 1118.5039370078741 159.4488188976378 41.338582677165356 moins
911.8110236220473 1118.5039370078741 124.01574803149606 41.338582677165356 que
982.6771653543307 1118.5039370078741 106.2992125984252 41.338582677165356 ce
1035.8267716535433 1118.5039370078741 106.2992125984252 41.338582677165356 ne
1088.976377952756 1118.5039370078741 141.73228346456693 41.338582677165356 soit
1176.3779527559054 1118.5039370078741 106.2992125984252 41.338582677165356 de
1229.5275590551182 1118.5039370078741 194.88188976377953 41.338582677165356 concert
1371.259842519685 1118.5039370078741 141.73228346456693 41.338582677165356 avec
1459.8425196850394 1118.5039370078741 106.2992125984252 41.338582677165356 la
1512.992125984252 1118.5039370078741 194.88188976377953 41.338582677165356 commune
1637.007874015748 1118.5039370078741 70.86614173228347 41.338582677165356 de

486.61417322834643 1157.4803149606298 346.06299212598424 38.976377952755904 Villers-Cotterets
783.0708661417323 1157.4803149606298 99.21259842519684 38.976377952755904 et
832.6771653543307 1157.4803149606298 115.74803149606299 38.976377952755904 les
897.6377952755905 1157.4803149606298 164.17322834645668 38.976377952755904 jeunes
1013.3858267716536 1157.4803149606298 131.10236220472441 38.976377952755904 gens
1096.0629921259842 1157.4803149606298 99.21259842519684 38.976377952755904 en
1144.4881889763778 1157.4803149606298 131.10236220472441 38.976377952755904 état
1227.1653543307086 1157.4803149606298 99.21259842519684 38.976377952755904 de
1276.7716535433071 1157.4803149606298 164.17322834645668 38.976377952755904 porter
1391.3385826771653 1157.4803149606298 115.74803149606299 38.976377952755904 les
1457.4803149606298 1157.4803149606298 164.17322834645668 38.976377952755904 armes.
1556.6929133858268 1157.4803149606298 147.63779527559055 38.976377952755904 «Paris,

486.61417322834643 1194.0944881889764 174.8031496062992 41.338582677165356 dit-il,
612.992125984252 1194.0944881889764 111.02362204724409 41.338582677165356 est
676.7716535433071 1194.0944881889764 237.4015748031496 41.338582677165356 aujourd'hui
866.9291338582677 1194.0944881889764 126.37795275590551 41.338582677165356 dans
946.0629921259842 1194.0944881889764 95.66929133858268 41.338582677165356 un
993.3070866141733 1194.0944881889764 126.37795275590551 41.338582677165356 état
1072.4409448818897 1194.0944881889764 95.66929133858268 41.338582677165356 de
1119.6850393700788 1194.0944881889764 142.91338582677164 41.338582677165356 crise
1215.3543307086613 1194.0944881889764 126.37795275590551 41.338582677165356 dont
1294.4881889763778 1194.0944881889764 126.37795275590551 41.338582677165356 vous
1373.6220472440946 1194.0944881889764 205.51181102362204 41.338582677165356 entendrez
1531.8897637795276 1194.0944881889764 158.26771653543307 41.338582677165356 parler
1627.5590551181103 1194.0944881889764 79.13385826771653 41.338582677165356 par

486.61417322834643 1231.8897637795276 120.4724409448819 40.15748031496063 les
556.2992125984252 1231.8897637795276 223.22834645669292 40.15748031496063 journaux.
727.5590551181102 1231.8897637795276 102.75590551181102 40.15748031496063 En
779.5275590551181 1231.8897637795276 240.9448818897638 40.15748031496063 attendant,
968.503937007874 1231.8897637795276 102.75590551181102 40.15748031496063 la
1019.2913385826772 1231.8897637795276 171.25984251968504 40.15748031496063 sûreté
1139.763779527559 1231.8897637795276 275.1968503937008 40.15748031496063 personnelle,
1362.992125984252 1231.8897637795276 120.4724409448819 40.15748031496063 des
1431.4960629921259 1231.8897637795276 223.22834645669292 40.15748031496063 individus
1603.9370078740158 1231.8897637795276 86.22047244094489 40.15748031496063 y
1620.4724409448818 1231.8897637795276 86.22047244094489 40.15748031496063 est

466.53543307086613 1273.2283464566929 219.68503937007873 37.79527559055118 respectée.»

399.21259842519686 1321.6535433070867 192.51968503937007 59.05511811023622 118.
519.6850393700787 1321.6535433070867 603.5433070866142 59.05511811023622 LEFÈVRE-GINEAU
1050.0 1321.6535433070867 289.37007874015745 59.05511811023622 (Louis),
1267.3228346456692 1321.6535433070867 240.9448818897638 59.05511811023622 savant
1412.5984251968505 1321.6535433070867 289.37007874015745 59.05511811023622 mathémat.,

450.0 1381.8897637795276 118.11023622047244 44.881889763779526 de
509.0551181102362 1381.8897637795276 295.2755905511811 44.881889763779526 l’Institut,
745.2755905511812 1381.8897637795276 118.11023622047244 44.881889763779526 né
804.3307086614174 1381.8897637795276 157.08661417322836 44.881889763779526 dans
903.5433070866142 1381.8897637795276 138.18897637795277 44.881889763779526 les
962.5984251968504 1381.8897637795276 216.14173228346456 44.881889763779526 Ardennes.

492.5196850393701 1438.5826771653544 116.92913385826772 47.24409448818898 L.
551.5748031496063 1438.5826771653544 116.92913385826772 47.24409448818898 a.
610.6299212598425 1438.5826771653544 137.00787401574803 47.24409448818898 s.;
688.5826771653543 1438.5826771653544 214.96062992125985 47.24409448818898 Collège
844.488188976378 1438.5826771653544 194.88188976377953 47.24409448818898 royal,
981.496062992126 1438.5826771653544 116.92913385826772 47.24409448818898 24
1040.5511811023623 1438.5826771653544 175.98425196850394 47.24409448818898 juin,
1157.4803149606298 1438.5826771653544 98.03149606299213 47.24409448818898 2
1196.4566929133857 1438.5826771653544 116.92913385826772 47.24409448818898 p.
1235.4330708661416 1438.5826771653544 137.00787401574803 47.24409448818898 in

396.8503937007874 1510.6299212598426 201.96850393700788 51.968503937007874 116.
522.0472440944882 1510.6299212598426 629.5275590551181 51.968503937007874 LEGOUX-GERLAND
1077.1653543307086 1510.6299212598426 353.1496062992126 51.968503937007874 (Bénigne),
1353.5433070866143 1510.6299212598426 151.1811023622047 51.968503937007874 de
1429.1338582677165 1510.6299212598426 277.5590551181102 51.968503937007874 l’Acad.
1606.2992125984251 1510.6299212598426 100.39370078740157 51.968503937007874 de

447.6377952755906 1560.236220472441 217.3228346456693 53.1496062992126 Dijon,
598.8188976377953 1560.236220472441 217.3228346456693 53.1496062992126 auteur
751.1811023622047 1560.236220472441 173.6220472440945 53.1496062992126 d’un
859.8425196850394 1560.236220472441 194.88188976377953 53.1496062992126 Essai
989.7637795275591 1560.236220472441 152.36220472440945 53.1496062992126 sur
1075.984251968504 1560.236220472441 238.58267716535434 53.1496062992126 l’hist.
1249.6062992125985 1560.236220472441 129.92125984251967 53.1496062992126 de
1314.5669291338584 1560.236220472441 303.54330708661416 53.1496062992126 Bourgogne,
1553.1496062992126 1560.236220472441 152.36220472440945 53.1496062992126 ami
1619.291338582677 1560.236220472441 86.22047244094489 53.1496062992126 de

433.46456692913387 1611.023622047244 155.90551181102362 38.976377952755904 Piron.

490.15748031496065 1670.0787401574803 125.19685039370079 46.06299212598425 L.
552.7559055118111 1670.0787401574803 125.19685039370079 46.06299212598425 a.
616.5354330708661 1670.0787401574803 125.19685039370079 46.06299212598425 s.
679.1338582677165 1670.0787401574803 105.11811023622047 46.06299212598425 à
720.4724409448819 1670.0787401574803 230.31496062992127 46.06299212598425 Pasumo,
888.1889763779527 1670.0787401574803 146.45669291338584 46.06299212598425 son
972.0472440944882 1670.0787401574803 335.43307086614175 46.06299212598425 compatriote;
1244.8818897637796 1670.0787401574803 209.0551181102362 46.06299212598425 Dijon,
1391.3385826771653 1670.0787401574803 188.9763779527559 46.06299212598425 1773,
1516.5354330708662 1670.0787401574803 105.11811023622047 46.06299212598425 2
1559.0551181102362 1670.0787401574803 125.19685039370079 46.06299212598425 p.
1600.3937007874015 1670.0787401574803 105.11811023622047 46.06299212598425 1/2

447.6377952755906 1712.5984251968505 193.70078740157481 44.881889763779526 in-4,
576.3779527559055 1712.5984251968505 172.44094488188978 44.881889763779526 beau
683.8582677165355 1712.5984251968505 214.96062992125985 44.881889763779526 cachet
812.5984251968504 1712.5984251968505 214.96062992125985 44.881889763779526 armorié.

401.5748031496063 1775.1968503937007 150.0 51.968503937007874 117.
494.88188976377955 1775.1968503937007 300.0 51.968503937007874 LIBRI
739.3700787401575 1775.1968503937007 168.89763779527559 51.968503937007874 (G.),
851.5748031496063 1775.1968503937007 337.79527559055117 51.968503937007874 mathématicien,
1132.6771653543308 1775.1968503937007 300.0 51.968503937007874 bibliophile,
1375.984251968504 1775.1968503937007 112.20472440944881 51.968503937007874 de
1413.7795275590552 1775.1968503937007 243.30708661417322 51.968503937007874 l’Institut.

491.33858267716533 1835.4330708661416 119.29133858267717 46.06299212598425 L.
551.5748031496063 1835.4330708661416 119.29133858267717 46.06299212598425 a.
610.6299212598425 1835.4330708661416 139.37007874015748 46.06299212598425 s.;
689.7637795275591 1835.4330708661416 238.58267716535434 46.06299212598425 Londres,
869.2913385826772 1835.4330708661416 119.29133858267717 46.06299212598425 23
928.3464566929134 1835.4330708661416 159.4488188976378 46.06299212598425 juin
1027.5590551181103 1835.4330708661416 178.3464566929134 46.06299212598425 1849,
1146.8503937007874 1835.4330708661416 99.21259842519684 46.06299212598425 4
1187.007874015748 1835.4330708661416 119.29133858267717 46.06299212598425 p.
1225.984251968504 1835.4330708661416 139.37007874015748 46.06299212598425 in

517.3228346456693 1890.9448818897638 191.33858267716536 38.976377952755904 Relative
660.2362204724409 1890.9448818897638 79.13385826771653 38.976377952755904 à
692.1259842519685 1890.9448818897638 95.66929133858268 38.976377952755904 la
739.3700787401575 1890.9448818897638 206.69291338582678 38.976377952755904 publicité
898.8188976377953 1890.9448818897638 159.4488188976378 38.976377952755904 donnée
1011.0236220472441 1890.9448818897638 79.13385826771653 38.976377952755904 à
1041.732283464567 1890.9448818897638 111.02362204724409 38.976377952755904 son
1105.5118110236222 1890.9448818897638 191.33858267716536 38.976377952755904 jugement
1249.6062992125985 1890.9448818897638 95.66929133858268 38.976377952755904 et
1296.8503937007874 1890.9448818897638 79.13385826771653 38.976377952755904 à
1328.740157480315 1890.9448818897638 95.66929133858268 38.976377952755904 sa
1360.6299212598426 1890.9448818897638 159.4488188976378 38.976377952755904 défense.

394.48818897637796 1954.724409448819 200.78740157480314 38.976377952755904 118.
519.6850393700787 1954.724409448819 226.77165354330708 38.976377952755904 LOUIS
670.8661417322835 1954.724409448819 175.98425196850394 38.976377952755904 XI,
771.2598425196851 1954.724409448819 175.98425196850394 38.976377952755904 roi
872.8346456692914 1954.724409448819 151.1811023622047 38.976377952755904 de
922.4409448818898 1954.724409448819 226.77165354330708 38.976377952755904 France.

487.79527559055117 2011.4173228346456 187.79527559055117 48.425196850393704 Pièce
614.1732283464567 2011.4173228346456 167.71653543307087 48.425196850393704 sig.
718.1102362204724 2011.4173228346456 146.45669291338584 48.425196850393704 sur
801.9685039370079 2011.4173228346456 209.0551181102362 48.425196850393704 vélin;
948.4251968503937 2011.4173228346456 125.19685039370079 48.425196850393704 le
1011.0236220472441 2011.4173228346456 251.5748031496063 48.425196850393704 Plessis,
1200.0 2011.4173228346456 125.19685039370079 48.425196850393704 24
1262.5984251968505 2011.4173228346456 167.71653543307087 48.425196850393704 oct.
1366.5354330708662 2011.4173228346456 187.79527559055117 48.425196850393704 1478,
1492.9133858267717 2011.4173228346456 167.71653543307087 48.425196850393704 pet.
1576.7716535433071 2011.4173228346456 125.19685039370079 48.425196850393704 in

446.45669291338584 2058.6614173228345 173.6220472440945 44.881889763779526 obl.
553.9370078740158 2058.6614173228345 129.92125984251967 44.881889763779526 Un
620.0787401574803 2058.6614173228345 152.36220472440945 44.881889763779526 peu
706.2992125984252 2058.6614173228345 238.58267716535434 44.881889763779526 effacée
879.9212598425197 2058.6614173228345 173.6220472440945 44.881889763779526 dans
988.5826771653543 2058.6614173228345 129.92125984251967 44.881889763779526 un
1031.1023622047244 2058.6614173228345 152.36220472440945 44.881889763779526 bout.

396.8503937007874 2123.6220472440946 171.25984251968504 44.881889763779526 119.
503.1496062992126 2123.6220472440946 256.2992125984252 44.881889763779526 LOUIS
695.6692913385826 2123.6220472440946 256.2992125984252 44.881889763779526 XII,
888.1889763779527 2123.6220472440946 150.0 44.881889763779526 roi
974.4094488188977 2123.6220472440946 128.74015748031496 44.881889763779526 de
1016.9291338582677 2123.6220472440946 192.51968503937007 44.881889763779526 France.

484.251968503937 2176.771653543307 142.91338582677164 54.330708661417326 L.
555.1181102362204 2176.771653543307 142.91338582677164 54.330708661417326 s.
627.1653543307086 2176.771653543307 166.53543307086613 54.330708661417326 aux
722.8346456692914 2176.771653543307 334.251968503937 54.330708661417326 bourgeois,
985.0393700787401 2176.771653543307 262.20472440944883 54.330708661417326 manants
1175.1968503937007 2176.771653543307 142.91338582677164 54.330708661417326 et
1247.244094488189 2176.771653543307 309.4488188976378 54.330708661417326 habitants
1484.6456692913387 2176.771653543307 142.91338582677164 54.330708661417326 de
1533.0708661417323 2176.771653543307 166.53543307086613 54.330708661417326 Lyon;

445.2755905511811 2220.472440944882 201.96850393700788 49.60629921259842 Blois,
587.007874015748 2220.472440944882 283.46456692913387 49.60629921259842 pénultième
809.0551181102362 2220.472440944882 161.81102362204723 49.60629921259842 jour
910.6299212598425 2220.472440944882 121.65354330708661 49.60629921259842 de
970.8661417322835 2220.472440944882 181.88976377952756 49.60629921259842 janv.
1092.5196850393702 2220.472440944882 222.04724409448818 49.60629921259842 (1500),
1254.3307086614172 2220.472440944882 141.73228346456693 49.60629921259842 1/2
1335.8267716535433 2220.472440944882 121.65354330708661 49.60629921259842 p.
1396.0629921259842 2220.472440944882 181.88976377952756 49.60629921259842 in-4,
1517.716535433071 2220.472440944882 181.88976377952756 49.60629921259842 trace
1618.1102362204724 2220.472440944882 81.49606299212599 49.60629921259842 de

424.01574803149606 2267.716535433071 186.61417322834646 34.25196850393701 cachet.

513.7795275590552 2314.9606299212596 100.39370078740157 44.881889763779526 Il
563.3858267716536 2314.9606299212596 133.46456692913387 44.881889763779526 leur
647.2440944881889 2314.9606299212596 200.78740157480314 44.881889763779526 reproche
798.4251968503937 2314.9606299212596 100.39370078740157 44.881889763779526 de
848.0314960629921 2314.9606299212596 167.71653543307087 44.881889763779526 donner
964.9606299212599 2314.9606299212596 150.0 44.881889763779526 cours
1065.3543307086613 2314.9606299212596 83.85826771653544 44.881889763779526 à
1098.4251968503936 2314.9606299212596 116.92913385826772 44.881889763779526 des
1165.748031496063 2314.9606299212596 200.78740157480314 44.881889763779526 monnaies
1315.748031496063 2314.9606299212596 217.3228346456693 44.881889763779526 prohibées
1483.4645669291338 2314.9606299212596 100.39370078740157 44.881889763779526 et
1533.0708661417323 2314.9606299212596 100.39370078740157 44.881889763779526 de
1567.3228346456692 2314.9606299212596 133.46456692913387 44.881889763779526 trans-

479.5275590551181 2353.9370078740158 158.26771653543307 44.881889763779526 porter
590.5511811023622 2353.9370078740158 79.13385826771653 44.881889763779526 à
621.2598425196851 2353.9370078740158 222.04724409448818 44.881889763779526 l’étranger
796.0629921259842 2353.9370078740158 142.91338582677164 44.881889763779526 un
891.7322834645669 2353.9370078740158 142.91338582677164 44.881889763779526 grand
986.2204724409448 2353.9370078740158 158.26771653543307 44.881889763779526 nombre
1097.244094488189 2353.9370078740158 126.37795275590551 44.881889763779526 d'or
1177.5590551181103 2353.9370078740158 95.66929133858268 44.881889763779526 et
1224.8031496062993 2353.9370078740158 269.29133858267716 44.881889763779526 d’argent,
1446.8503937007874 2353.9370078740158 95.66929133858268 44.881889763779526 au
1494.0944881889764 2353.9370078740158 206.69291338582678 44.881889763779526 préjudice
1637.007874015748 2353.9370078740158 63.77952755905512 44.881889763779526 et

471.25984251968504 2400.0 209.0551181102362 36.61417322834646 dommage
623.6220472440945 2400.0 114.56692913385827 36.61417322834646 du
661.4173228346457 2400.0 190.15748031496062 36.61417322834646 royaume.

395.6692913385827 2453.149606299213 165.35433070866142 47.24409448818898 120.
499.6062992125984 2453.149606299213 249.21259842519686 47.24409448818898 LOUIS
686.2204724409448 2453.149606299213 249.21259842519686 47.24409448818898 XVI,
872.8346456692914 2453.149606299213 145.2755905511811 47.24409448818898 roi
955.511811023622 2453.149606299213 145.2755905511811 47.24409448818898 des
1018.1102362204724 2453.149606299213 227.95275590551182 47.24409448818898 Français.

486.61417322834643 2513.3858267716537 173.6220472440945 48.425196850393704 Pièce
602.3622047244095 2513.3858267716537 173.6220472440945 48.425196850393704 sig.,
718.1102362204724 2513.3858267716537 173.6220472440945 48.425196850393704 1791,
833.8582677165355 2513.3858267716537 134.64566929133858 48.425196850393704 1/2
910.6299212598425 2513.3858267716537 115.74803149606299 48.425196850393704 p.
949.6062992125984 2513.3858267716537 134.64566929133858 48.425196850393704 in

509.0551181102362 2565.3543307086616 158.26771653543307 43.7007874015748 Ordre
614.1732283464567 2565.3543307086616 105.11811023622047 43.7007874015748 de
667.3228346456693 2565.3543307086616 210.23622047244095 43.7007874015748 paiement
824.4094488188977 2565.3543307086616 105.11811023622047 43.7007874015748 au
877.5590551181102 2565.3543307086616 227.95275590551182 43.7007874015748 jardinier
1053.5433070866143 2565.3543307086616 105.11811023622047 43.7007874015748 de
1105.5118110236222 2565.3543307086616 210.23622047244095 43.7007874015748 Trianon,
1263.7795275590552 2565.3543307086616 87.4015748031496 43.7007874015748 à
1298.0314960629921 2565.3543307086616 175.98425196850394 43.7007874015748 raison
1420.8661417322835 2565.3543307086616 105.11811023622047 43.7007874015748 de
1474.015748031496 2565.3543307086616 158.26771653543307 43.7007874015748 2,000
1561.4173228346456 2565.3543307086616 140.5511811023622 43.7007874015748 livres

473.62204724409446 2618.503937007874 114.56692913385827 30.708661417322833 par
523.2283464566929 2618.503937007874 81.49606299212599 30.708661417322833 an.

390.9448818897638 2664.566929133858 183.0708661417323 49.60629921259842 121.
504.3307086614173 2664.566929133858 479.5275590551181 49.60629921259842 LOUIS-PHILIPPE
915.3543307086615 2664.566929133858 250.39370078740157 49.60629921259842 Ier
1097.244094488189 2664.566929133858 159.4488188976378 49.60629921259842 roi
1189.3700787401574 2664.566929133858 159.4488188976378 49.60629921259842 des
1257.8740157480315 2664.566929133858 250.39370078740157 49.60629921259842 Français.

485.43307086614175 2723.6220472440946 153.54330708661416 50.78740157480315 Let.
581.1023622047244 2723.6220472440946 153.54330708661416 50.78740157480315 sig.
677.9527559055118 2723.6220472440946 173.6220472440945 50.78740157480315 P.
793.7007874015748 2723.6220472440946 327.1653543307087 50.78740157480315 Chartres,
1062.992125984252 2723.6220472440946 173.6220472440945 50.78740157480315 comme
1178.740157480315 2723.6220472440946 211.41732283464566 50.78740157480315 colonel
1332.283464566929 2723.6220472440946 115.74803149606299 50.78740157480315 du
1390.1574803149606 2723.6220472440946 134.64566929133858 50.78740157480315 14e
1466.9291338582677 2723.6220472440946 115.74803149606299 50.78740157480315 de
1505.9055118110236 2723.6220472440946 192.51968503937007 50.78740157480315 dragons,

439.37007874015745 2767.3228346456694 114.56692913385827 49.60629921259842 à
484.251968503937 2767.3228346456694 138.18897637795277 49.60629921259842 M.
553.9370078740158 2767.3228346456694 252.75590551181102 49.60629921259842 Brunot,
737.007874015748 2767.3228346456694 114.56692913385827 49.60629921259842 à
783.0708661417323 2767.3228346456694 138.18897637795277 49.60629921259842 la
851.5748031496063 2767.3228346456694 252.75590551181102 49.60629921259842 grille,
1035.8267716535433 2767.3228346456694 183.0708661417323 49.60629921259842 près
1150.3937007874015 2767.3228346456694 138.18897637795277 49.60629921259842 la
1218.8976377952756 2767.3228346456694 160.62992125984252 49.60629921259842 rue
1311.023622047244 2767.3228346456694 298.81889763779526 49.60629921259842 Mirabeau;
1517.716535433071 2767.3228346456694 183.0708661417323 49.60629921259842 Valen-

441.73228346456693 2811.0236220472443 259.84251968503935 48.425196850393704 ciennes,
636.6141732283464 2811.0236220472443 129.92125984251967 48.425196850393704 29
701.5748031496063 2811.0236220472443 173.6220472440945 48.425196850393704 août
810.2362204724409 2811.0236220472443 194.88188976377953 48.425196850393704 1791,
940.1574803149606 2811.0236220472443 108.66141732283465 48.425196850393704 1
983.8582677165355 2811.0236220472443 129.92125984251967 48.425196850393704 p.
1048.8188976377953 2811.0236220472443 194.88188976377953 48.425196850393704 in-4.
1178.740157480315 2811.0236220472443 217.3228346456693 48.425196850393704 Légère
1331.1023622047244 2811.0236220472443 282.2834645669291 48.425196850393704 déchirure
1547.244094488189 2811.0236220472443 152.36220472440945 48.425196850393704 par
1613.3858267716535 2811.0236220472443 86.22047244094489 48.425196850393704 le

445.2755905511811 2858.267716535433 128.74015748031496 41.338582677165356 bris
525.5905511811023 2858.267716535433 96.85039370078741 41.338582677165356 du
574.0157480314961 2858.267716535433 175.98425196850394 41.338582677165356 cachet.
702.7559055118111 2858.267716535433 175.98425196850394 41.338582677165356 Très
831.496062992126 2858.267716535433 128.74015748031496 41.338582677165356 rare
910.6299212598425 2858.267716535433 160.62992125984252 41.338582677165356 signée
1007.4803149606299 2858.267716535433 192.51968503937007 41.338582677165356 ainsi.
