2182.6771653543306 3351.968503937008
1013.3858267716536 432.2834645669291 179.5275590551181 61.41732283464567 —
1084.251968503937 432.2834645669291 214.96062992125985 61.41732283464567 18
1156.2992125984251 432.2834645669291 107.48031496062993 61.41732283464567 —

490.15748031496065 512.5984251968504 151.1811023622047 72.04724409448819 122.
584.6456692913385 512.5984251968504 170.07874015748033 72.04724409448819 LE
698.0314960629921 512.5984251968504 245.66929133858267 72.04724409448819 MÊME.
887.007874015748 512.5984251968504 170.07874015748033 72.04724409448819 Pièce
1000.3937007874016 512.5984251968504 151.1811023622047 72.04724409448819 sig.
1094.8818897637796 512.5984251968504 170.07874015748033 72.04724409448819 L.
1208.267716535433 512.5984251968504 113.38582677165354 72.04724409448819 P.
1264.9606299212599 512.5984251968504 207.8740157480315 72.04724409448819 D.,
1416.1417322834645 512.5984251968504 151.1811023622047 72.04724409448819 avec
1510.6299212598426 512.5984251968504 113.38582677165354 72.04724409448819 60
1567.3228346456692 512.5984251968504 151.1811023622047 72.04724409448819 pet.
1642.9133858267717 512.5984251968504 151.1811023622047 72.04724409448819 lignes

540.9448818897638 570.4724409448819 162.99212598425197 51.968503937007874 aut.,
649.6062992125984 570.4724409448819 108.66141732283465 51.968503937007874 26
703.9370078740158 570.4724409448819 145.2755905511811 51.968503937007874 fois
794.8818897637796 570.4724409448819 236.2204724409449 51.968503937007874 paraphées
975.5905511811023 570.4724409448819 253.93700787401573 51.968503937007874 D.;
1175.1968503937007 570.4724409448819 181.88976377952756 51.968503937007874 Paris,
1302.755905511811 570.4724409448819 108.66141732283465 51.968503937007874 10
1357.0866141732283 570.4724409448819 162.99212598425197 51.968503937007874 janv.
1465.748031496063 570.4724409448819 162.99212598425197 51.968503937007874 1848,
1575.5905511811025 570.4724409448819 108.66141732283465 51.968503937007874 23
1629.9212598425197 570.4724409448819 108.66141732283465 51.968503937007874 p.
1665.3543307086613 570.4724409448819 127.55905511811024 51.968503937007874 in

605.9055118110236 627.1653543307086 174.8031496062992 43.7007874015748 Projet
728.7401574803149 627.1653543307086 105.11811023622047 43.7007874015748 de
780.7086614173228 627.1653543307086 174.8031496062992 43.7007874015748 budget
903.5433070866142 627.1653543307086 139.37007874015748 43.7007874015748 pour
990.9448818897638 627.1653543307086 105.11811023622047 43.7007874015748 le
1042.9133858267717 627.1653543307086 192.51968503937007 43.7007874015748 service
1183.4645669291338 627.1653543307086 122.83464566929133 43.7007874015748 des
1253.1496062992126 627.1653543307086 226.77165354330708 43.7007874015748 bâtiments
1427.9527559055118 627.1653543307086 105.11811023622047 43.7007874015748 de
1479.9212598425197 627.1653543307086 105.11811023622047 43.7007874015748 la
1533.0708661417323 627.1653543307086 226.77165354330708 43.7007874015748 couronne,
1690.1574803149606 627.1653543307086 105.11811023622047 43.7007874015748 pour

566.9291338582677 664.9606299212599 229.13385826771653 43.7007874015748 l’exercice
747.6377952755905 664.9606299212599 98.03149606299213 43.7007874015748 de
796.0629921259842 664.9606299212599 147.63779527559055 43.7007874015748 1848,
894.0944881889764 664.9606299212599 164.17322834645668 43.7007874015748 soumis
1008.6614173228346 664.9606299212599 98.03149606299213 43.7007874015748 au
1058.267716535433 664.9606299212599 114.56692913385827 43.7007874015748 roi
1124.4094488188975 664.9606299212599 114.56692913385827 43.7007874015748 par
1189.3700787401574 664.9606299212599 98.03149606299213 43.7007874015748 le
1238.976377952756 664.9606299212599 147.63779527559055 43.7007874015748 comte
1337.007874015748 664.9606299212599 98.03149606299213 43.7007874015748 de
1385.4330708661416 664.9606299212599 245.66929133858267 43.7007874015748 Montalivet,
1582.6771653543308 664.9606299212599 212.5984251968504 43.7007874015748 intendant
1730.3149606299212 664.9606299212599 64.96062992125984 43.7007874015748 de

570.4724409448819 702.7559055118111 94.48818897637796 43.7007874015748 la
617.7165354330708 702.7559055118111 141.73228346456693 43.7007874015748 liste
711.0236220472441 702.7559055118111 172.44094488188978 43.7007874015748 civile,
837.4015748031496 702.7559055118111 125.19685039370079 43.7007874015748 avec
915.3543307086615 702.7559055118111 109.84251968503936 43.7007874015748 les
977.9527559055118 702.7559055118111 251.5748031496063 43.7007874015748 observations
1182.283464566929 702.7559055118111 94.48818897637796 43.7007874015748 de
1229.5275590551182 702.7559055118111 282.2834645669291 43.7007874015748 Louis-Philippe
1464.5669291338584 702.7559055118111 94.48818897637796 43.7007874015748 en
1511.8110236220473 702.7559055118111 157.08661417322836 43.7007874015748 regard
1621.6535433070867 702.7559055118111 109.84251968503936 43.7007874015748 des
1668.8976377952756 702.7559055118111 125.19685039370079 43.7007874015748 propo-

566.9291338582677 739.3700787401575 185.43307086614172 41.338582677165356 sitions
701.5748031496063 739.3700787401575 101.5748031496063 41.338582677165356 de
752.3622047244095 739.3700787401575 101.5748031496063 41.338582677165356 M.
801.9685039370079 739.3700787401575 218.50393700787401 41.338582677165356 Fontaine,
970.8661417322835 739.3700787401575 118.11023622047244 41.338582677165356 son
1038.1889763779527 739.3700787401575 252.75590551181102 41.338582677165356 architecte.
1240.1574803149606 739.3700787401575 118.11023622047244 41.338582677165356 Les
1307.4803149606298 739.3700787401575 218.50393700787401 41.338582677165356 décisions
1475.1968503937007 739.3700787401575 101.5748031496063 41.338582677165356 du
1525.984251968504 739.3700787401575 118.11023622047244 41.338582677165356 roi
1593.3070866141732 739.3700787401575 134.64566929133858 41.338582677165356 sont
1660.6299212598426 739.3700787401575 134.64566929133858 41.338582677165356 remar-

569.2913385826772 777.1653543307086 177.16535433070865 43.7007874015748 quables
699.2125984251968 777.1653543307086 96.85039370078741 43.7007874015748 et
747.6377952755905 777.1653543307086 113.38582677165354 43.7007874015748 par
811.4173228346457 777.1653543307086 193.70078740157481 43.7007874015748 l'esprit
956.6929133858267 777.1653543307086 225.59055118110237 43.7007874015748 d'économie
1133.8582677165355 777.1653543307086 113.38582677165354 43.7007874015748 qui
1198.8188976377953 777.1653543307086 80.31496062992126 43.7007874015748 y
1230.708661417323 777.1653543307086 177.16535433070865 43.7007874015748 préside
1359.4488188976377 777.1653543307086 96.85039370078741 43.7007874015748 et
1407.8740157480315 777.1653543307086 113.38582677165354 43.7007874015748 par
1472.8346456692914 777.1653543307086 193.70078740157481 43.7007874015748 l'époque
1618.1102362204724 777.1653543307086 80.31496062992126 43.7007874015748 à
1633.4645669291338 777.1653543307086 161.81102362204723 43.7007874015748 laquelle

566.9291338582677 816.1417322834645 145.2755905511811 44.881889763779526 elles
663.7795275590552 816.1417322834645 96.85039370078741 44.881889763779526 se
713.3858267716536 816.1417322834645 242.1259842519685 44.881889763779526 rapportent.
907.0866141732283 816.1417322834645 113.38582677165354 44.881889763779526 Par
972.0472440944882 816.1417322834645 193.70078740157481 44.881889763779526 exemple,
1117.3228346456692 816.1417322834645 96.85039370078741 44.881889763779526 en
1165.748031496063 816.1417322834645 161.81102362204723 44.881889763779526 regard
1279.1338582677165 816.1417322834645 96.85039370078741 44.881889763779526 du
1327.5590551181103 816.1417322834645 161.81102362204723 44.881889763779526 crédit
1440.9448818897638 816.1417322834645 96.85039370078741 44.881889763779526 de
1489.3700787401574 816.1417322834645 161.81102362204723 44.881889763779526 60,000
1602.755905511811 816.1417322834645 113.38582677165354 44.881889763779526 fr.
1651.1811023622047 816.1417322834645 145.2755905511811 44.881889763779526 demandé

570.4724409448819 855.1181102362204 135.82677165354332 41.338582677165356 pour
655.511811023622 855.1181102362204 102.75590551181102 41.338582677165356 le
706.2992125984252 855.1181102362204 187.79527559055117 41.338582677165356 passage
842.1259842519685 855.1181102362204 102.75590551181102 41.338582677165356 de
894.0944881889764 855.1181102362204 102.75590551181102 41.338582677165356 la
944.8818897637796 855.1181102362204 135.82677165354332 41.338582677165356 cour
1029.9212598425197 855.1181102362204 102.75590551181102 41.338582677165356 du
1080.708661417323 855.1181102362204 187.79527559055117 41.338582677165356 Louvre,
1217.716535433071 855.1181102362204 102.75590551181102 41.338582677165356 le
1268.5039370078741 855.1181102362204 220.86614173228347 41.338582677165356 placement
1438.5826771653544 855.1181102362204 119.29133858267717 41.338582677165356 des
1507.0866141732283 855.1181102362204 187.79527559055117 41.338582677165356 statues
1626.3779527559054 855.1181102362204 170.07874015748033 41.338582677165356 antiques

566.9291338582677 891.7322834645669 131.10236220472441 44.881889763779526 dans
648.4251968503937 891.7322834645669 147.63779527559055 44.881889763779526 leurs
747.6377952755905 891.7322834645669 180.70866141732284 44.881889763779526 niches,
878.7401574803149 891.7322834645669 98.03149606299213 44.881889763779526 il
927.1653543307086 891.7322834645669 164.17322834645668 44.881889763779526 écrit:
1041.732283464567 891.7322834645669 212.5984251968504 44.881889763779526 «Ajourné.
1205.9055118110236 891.7322834645669 131.10236220472441 44.881889763779526 Cela
1287.4015748031495 891.7322834645669 131.10236220472441 44.881889763779526 peut
1370.0787401574803 891.7322834645669 212.5984251968504 44.881889763779526 attendre,
1533.0708661417323 891.7322834645669 98.03149606299213 44.881889763779526 et
1582.6771653543308 891.7322834645669 114.56692913385827 44.881889763779526 cet
1631.1023622047244 891.7322834645669 164.17322834645668 44.881889763779526 ajourne-

566.9291338582677 930.7086614173228 131.10236220472441 43.7007874015748 ment
648.4251968503937 930.7086614173228 98.03149606299213 43.7007874015748 me
698.0314960629921 930.7086614173228 180.70866141732284 43.7007874015748 fournit
829.1338582677165 930.7086614173228 114.56692913385827 43.7007874015748 des
894.0944881889764 930.7086614173228 278.74015748031496 43.7007874015748 compensations
1124.4094488188975 930.7086614173228 131.10236220472441 43.7007874015748 pour
1205.9055118110236 930.7086614173228 196.06299212598427 43.7007874015748 d’autres
1353.5433070866143 930.7086614173228 180.70866141732284 43.7007874015748 travaux
1484.6456692913387 930.7086614173228 131.10236220472441 43.7007874015748 bien
1566.1417322834645 930.7086614173228 131.10236220472441 43.7007874015748 plus
1631.1023622047244 930.7086614173228 164.17322834645668 43.7007874015748 urgents,

566.9291338582677 968.503937007874 129.92125984251967 40.15748031496063 tels
648.4251968503937 968.503937007874 113.38582677165354 40.15748031496063 que
713.3858267716536 968.503937007874 98.03149606299213 40.15748031496063 la
761.8110236220473 968.503937007874 129.92125984251967 40.15748031496063 cave
843.3070866141733 968.503937007874 113.38582677165354 40.15748031496063 aux
891.7322834645669 968.503937007874 211.41732283464566 40.15748031496063 Tuileries.»

483.07086614173227 1022.8346456692914 187.79527559055117 53.1496062992126 123.
600.0 1022.8346456692914 304.7244094488189 53.1496062992126 LOUISE
835.0393700787401 1022.8346456692914 140.5511811023622 53.1496062992126 DE
905.9055118110236 1022.8346456692914 351.9685039370079 53.1496062992126 SAVOIE,
1187.007874015748 1022.8346456692914 187.79527559055117 53.1496062992126 mère
1303.9370078740158 1022.8346456692914 140.5511811023622 53.1496062992126 de
1374.8031496062993 1022.8346456692914 281.1023622047244 53.1496062992126 François
1585.0393700787401 1022.8346456692914 187.79527559055117 53.1496062992126 Ier,
1679.5275590551182 1022.8346456692914 116.92913385826772 53.1496062992126 ré-

533.8582677165355 1072.4409448818897 184.251968503937 50.78740157480315 gente
656.6929133858267 1072.4409448818897 122.83464566929133 50.78740157480315 de
698.0314960629921 1072.4409448818897 184.251968503937 50.78740157480315 France.

572.8346456692914 1130.3149606299212 135.82677165354332 55.511811023622045 L.
640.1574803149606 1130.3149606299212 135.82677165354332 55.511811023622045 s.
708.6614173228346 1130.3149606299212 113.38582677165354 55.511811023622045 à
753.5433070866142 1130.3149606299212 135.82677165354332 55.511811023622045 M.
820.8661417322835 1130.3149606299212 135.82677165354332 55.511811023622045 Du
889.3700787401575 1130.3149606299212 180.70866141732284 55.511811023622045 Lude
1001.5748031496063 1130.3149606299212 338.9763779527559 55.511811023622045 (gouverneur
1273.2283464566929 1130.3149606299212 135.82677165354332 55.511811023622045 du
1340.5511811023623 1130.3149606299212 271.65354330708664 55.511811023622045 Poitou);
1544.8818897637796 1130.3149606299212 135.82677165354332 55.511811023622045 La
1589.763779527559 1130.3149606299212 203.1496062992126 55.511811023622045 Guiche,

542.1259842519685 1174.015748031496 92.1259842519685 47.24409448818898 17
588.1889763779527 1174.015748031496 122.83464566929133 47.24409448818898 août
664.9606299212599 1174.015748031496 168.89763779527559 47.24409448818898 (1526),
787.7952755905512 1174.015748031496 76.77165354330708 47.24409448818898 1
818.503937007874 1174.015748031496 92.1259842519685 47.24409448818898 p.
864.5669291338583 1174.015748031496 138.18897637795277 47.24409448818898 in-f.
956.6929133858267 1174.015748031496 184.251968503937 47.24409448818898 Belle
1079.5275590551182 1174.015748031496 184.251968503937 47.24409448818898 pièce.

605.9055118110236 1228.3464566929133 132.28346456692913 43.7007874015748 Elle
688.5826771653543 1228.3464566929133 115.74803149606299 43.7007874015748 lui
754.7244094488188 1228.3464566929133 148.8188976377953 43.7007874015748 mande
853.9370078740158 1228.3464566929133 99.21259842519684 43.7007874015748 de
903.5433070866142 1228.3464566929133 214.96062992125985 43.7007874015748 s’opposer
1067.716535433071 1228.3464566929133 82.67716535433071 43.7007874015748 à
1100.7874015748032 1228.3464566929133 231.49606299212599 43.7007874015748 l’élection
1282.6771653543308 1228.3464566929133 99.21259842519684 43.7007874015748 de
1332.283464566929 1228.3464566929133 165.35433070866142 43.7007874015748 l'abbé
1448.0314960629921 1228.3464566929133 148.8188976377953 43.7007874015748 d'une
1546.0629921259842 1228.3464566929133 165.35433070866142 43.7007874015748 abbaye
1661.8110236220473 1228.3464566929133 115.74803149606299 43.7007874015748 par
1711.4173228346456 1228.3464566929133 82.67716535433071 43.7007874015748 les

565.7480314960629 1267.3228346456692 214.96062992125985 38.976377952755904 religieux,
734.6456692913385 1267.3228346456692 92.1259842519685 38.976377952755904 le
780.7086614173228 1267.3228346456692 107.48031496062993 38.976377952755904 roi
842.1259842519685 1267.3228346456692 92.1259842519685 38.976377952755904 et
888.1889763779527 1267.3228346456692 122.83464566929133 38.976377952755904 elle
963.7795275590552 1267.3228346456692 122.83464566929133 38.976377952755904 s'en
1040.5511811023623 1267.3228346456692 199.60629921259843 38.976377952755904 réservant
1194.0944881889764 1267.3228346456692 92.1259842519685 38.976377952755904 le
1224.8031496062993 1267.3228346456692 122.83464566929133 38.976377952755904 choix.

481.8897637795276 1324.015748031496 198.4251968503937 49.60629921259842 124.
605.9055118110236 1324.015748031496 693.3070866141733 49.60629921259842 LOUISE-ELISABETH,
1224.8031496062993 1324.015748031496 223.22834645669292 49.60629921259842 fille
1373.6220472440946 1324.015748031496 148.8188976377953 49.60629921259842 de
1448.0314960629921 1324.015748031496 223.22834645669292 49.60629921259842 Louis
1596.8503937007874 1324.015748031496 173.6220472440945 49.60629921259842 XV,
1671.259842519685 1324.015748031496 124.01574803149606 49.60629921259842 du-

531.496062992126 1371.259842519685 213.7795275590551 38.976377952755904 chesse
680.3149606299213 1371.259842519685 127.55905511811024 38.976377952755904 de
724.0157480314961 1371.259842519685 171.25984251968504 38.976377952755904 Parme.

575.1968503937007 1430.3149606299212 128.74015748031496 48.425196850393704 L.
638.9763779527559 1430.3149606299212 128.74015748031496 48.425196850393704 a.
702.7559055118111 1430.3149606299212 128.74015748031496 48.425196850393704 s.
767.7165354330708 1430.3149606299212 128.74015748031496 48.425196850393704 (à
831.496062992126 1430.3149606299212 128.74015748031496 48.425196850393704 la
895.2755905511812 1430.3149606299212 256.2992125984252 48.425196850393704 comtesse
1087.7952755905512 1430.3149606299212 128.74015748031496 48.425196850393704 de
1151.5748031496064 1430.3149606299212 256.2992125984252 48.425196850393704 Sivrac);
1344.0944881889764 1430.3149606299212 213.7795275590551 48.425196850393704 Parme,
1494.0944881889764 1430.3149606299212 128.74015748031496 48.425196850393704 20
1557.8740157480315 1430.3149606299212 171.25984251968504 48.425196850393704 fév.
1642.9133858267717 1430.3149606299212 150.0 48.425196850393704 1750,

537.4015748031496 1474.015748031496 102.75590551181102 46.06299212598425 3/4
595.2755905511812 1474.015748031496 87.4015748031496 46.06299212598425 de
638.9763779527559 1474.015748031496 87.4015748031496 46.06299212598425 p.
682.6771653543307 1474.015748031496 131.10236220472441 46.06299212598425 in-8.
771.2598425196851 1474.015748031496 174.8031496062992 46.06299212598425 Jolie
888.1889763779527 1474.015748031496 174.8031496062992 46.06299212598425 pièce.

477.1653543307087 1537.7952755905512 224.40944881889763 49.60629921259842 125.
617.7165354330708 1537.7952755905512 363.7795275590551 49.60629921259842 LOUISE
897.6377952755905 1537.7952755905512 140.5511811023622 49.60629921259842 -
953.1496062992126 1537.7952755905512 251.5748031496063 49.60629921259842 MARIE
1122.0472440944882 1537.7952755905512 167.71653543307087 49.60629921259842 DE
1205.9055118110236 1537.7952755905512 420.4724409448819 49.60629921259842 FRANCE,
1542.5196850393702 1537.7952755905512 251.5748031496063 49.60629921259842 fille
1681.8897637795276 1537.7952755905512 112.20472440944881 49.60629921259842 de

533.8582677165355 1586.2204724409448 179.5275590551181 51.968503937007874 Louis
654.3307086614174 1586.2204724409448 140.5511811023622 51.968503937007874 XV,
733.4645669291339 1586.2204724409448 279.9212598425197 51.968503937007874 religieuse
954.3307086614174 1586.2204724409448 279.9212598425197 51.968503937007874 carmélite,
1174.015748031496 1586.2204724409448 159.4488188976378 51.968503937007874 dont
1274.4094488188975 1586.2204724409448 199.60629921259843 51.968503937007874 l'abbé
1413.7795275590552 1586.2204724409448 219.68503937007873 51.968503937007874 Proyart
1574.4094488188975 1586.2204724409448 100.39370078740157 51.968503937007874 a
1614.5669291338584 1586.2204724409448 179.5275590551181 51.968503937007874 écrit
1713.7795275590552 1586.2204724409448 80.31496062992126 51.968503937007874 la

545.6692913385826 1637.007874015748 83.85826771653544 36.61417322834646 Vie.

576.3779527559055 1692.5196850393702 125.19685039370079 50.78740157480315 L.
638.9763779527559 1692.5196850393702 125.19685039370079 50.78740157480315 a.
702.7559055118111 1692.5196850393702 125.19685039370079 50.78740157480315 s.
765.3543307086615 1692.5196850393702 105.11811023622047 50.78740157480315 à
806.6929133858267 1692.5196850393702 125.19685039370079 50.78740157480315 la
870.4724409448819 1692.5196850393702 251.5748031496063 50.78740157480315 comtesse
1058.267716535433 1692.5196850393702 125.19685039370079 50.78740157480315 de
1120.8661417322835 1692.5196850393702 230.31496062992127 50.78740157480315 Sivrac;
1288.5826771653544 1692.5196850393702 125.19685039370079 50.78740157480315 20
1352.3622047244094 1692.5196850393702 167.71653543307087 50.78740157480315 juin
1456.2992125984251 1692.5196850393702 188.9763779527559 50.78740157480315 1760,
1582.6771653543308 1692.5196850393702 146.45669291338584 50.78740157480315 3/4
1666.5354330708662 1692.5196850393702 125.19685039370079 50.78740157480315 de
1707.8740157480315 1692.5196850393702 83.85826771653544 50.78740157480315 p.

533.8582677165355 1738.5826771653544 190.15748031496062 43.7007874015748 in-8,
660.2362204724409 1738.5826771653544 168.89763779527559 43.7007874015748 beau
765.3543307086615 1738.5826771653544 210.23622047244095 43.7007874015748 cachet
912.992125984252 1738.5826771653544 105.11811023622047 43.7007874015748 à
955.511811023622 1738.5826771653544 147.63779527559055 43.7007874015748 ses
1018.1102362204724 1738.5826771653544 168.89763779527559 43.7007874015748 armes.

484.251968503937 1797.6377952755906 160.62992125984252 53.1496062992126 126.
584.6456692913385 1797.6377952755906 341.33858267716533 53.1496062992126 LUTRIN
865.7480314960629 1797.6377952755906 180.70866141732284 53.1496062992126 (le),
986.2204724409448 1797.6377952755906 180.70866141732284 53.1496062992126 poème
1106.6929133858268 1797.6377952755906 120.4724409448819 53.1496062992126 de
1146.8503937007874 1797.6377952755906 200.78740157480314 53.1496062992126 Boileau.

574.0157480314961 1856.6929133858268 261.0236220472441 48.425196850393704 Sentence
770.0787401574803 1856.6929133858268 152.36220472440945 48.425196850393704 des
856.2992125984252 1856.6929133858268 261.0236220472441 48.425196850393704 Requêtes
1053.5433070866143 1856.6929133858268 131.10236220472441 48.425196850393704 du
1118.5039370078741 1856.6929133858268 239.76377952755905 48.425196850393704 Palais,
1293.3070866141732 1856.6929133858268 218.50393700787401 48.425196850393704 rendue
1445.6692913385828 1856.6929133858268 174.8031496062992 48.425196850393704 dans
1554.3307086614172 1856.6929133858268 131.10236220472441 48.425196850393704 la
1598.0314960629921 1856.6929133858268 196.06299212598427 48.425196850393704 contes-

533.8582677165355 1899.2125984251968 193.70078740157481 49.60629921259842 tation
668.503937007874 1899.2125984251968 135.82677165354332 49.60629921259842 sur
746.4566929133858 1899.2125984251968 115.74803149606299 49.60629921259842 le
804.3307086614174 1899.2125984251968 193.70078740157481 49.60629921259842 fameux
940.1574803149606 1899.2125984251968 348.4251968503937 49.60629921259842 pupitre
1230.708661417323 1899.2125984251968 115.74803149606299 49.60629921259842 de
1288.5826771653544 1899.2125984251968 115.74803149606299 49.60629921259842 la
1346.4566929133857 1899.2125984251968 387.40157480314963 49.60629921259842 Sainte-Chapelle,
1675.984251968504 1899.2125984251968 135.82677165354332 49.60629921259842 qui
1733.8582677165355 1899.2125984251968 57.874015748031496 49.60629921259842 a

525.5905511811023 1941.732283464567 218.50393700787401 51.968503937007874 servi
672.0472440944882 1941.732283464567 146.45669291338584 51.968503937007874 de
745.2755905511812 1941.732283464567 218.50393700787401 51.968503937007874 sujet
890.5511811023622 1941.732283464567 121.65354330708661 51.968503937007874 à
938.9763779527559 1941.732283464567 266.92913385826773 51.968503937007874 Boileau
1133.8582677165355 1941.732283464567 194.88188976377953 51.968503937007874 pour
1255.5118110236222 1941.732283464567 170.07874015748033 51.968503937007874 son
1352.3622047244094 1941.732283464567 291.73228346456693 51.968503937007874 immortel
1572.0472440944882 1941.732283464567 218.50393700787401 51.968503937007874 poème
1693.7007874015749 1941.732283464567 96.85039370078741 51.968503937007874 du

531.496062992126 1985.4330708661416 349.6062992125984 51.968503937007874 Lutrin;
822.0472440944882 1985.4330708661416 174.8031496062992 51.968503937007874 pièce
937.7952755905512 1985.4330708661416 135.82677165354332 51.968503937007874 sur
1015.7480314960629 1985.4330708661416 193.70078740157481 51.968503937007874 vélin,
1151.5748031496064 1985.4330708661416 154.7244094488189 51.968503937007874 sig.
1248.4251968503936 1985.4330708661416 213.7795275590551 51.968503937007874 Hubert,
1404.3307086614172 1985.4330708661416 213.7795275590551 51.968503937007874 notaire
1540.1574803149606 1985.4330708661416 251.5748031496063 51.968503937007874 apostolique

529.1338582677165 2029.1338582677165 134.64566929133858 50.78740157480315 et
596.4566929133858 2029.1338582677165 292.9133858267717 50.78740157480315 promoteur
822.0472440944882 2029.1338582677165 134.64566929133858 50.78740157480315 de
889.3700787401575 2029.1338582677165 134.64566929133858 50.78740157480315 la
956.6929133858267 2029.1338582677165 450.0 50.78740157480315 Sainte-Chapelle;
1340.5511811023623 2029.1338582677165 225.59055118110237 50.78740157480315 Paris,
1497.6377952755906 2029.1338582677165 112.20472440944881 50.78740157480315 5
1542.5196850393702 2029.1338582677165 180.70866141732284 50.78740157480315 août
1632.283464566929 2029.1338582677165 158.26771653543307 50.78740157480315 1667,

537.4015748031496 2074.015748031496 89.76377952755905 47.24409448818898 1
572.8346456692914 2074.015748031496 107.48031496062993 47.24409448818898 p.
608.2677165354331 2074.015748031496 125.19685039370079 47.24409448818898 in

603.5433070866142 2127.165354330709 140.5511811023622 46.06299212598425 Pièce
696.8503937007874 2127.165354330709 219.68503937007873 46.06299212598425 originale,
869.2913385826772 2127.165354330709 172.44094488188978 46.06299212598425 envoyée
994.488188976378 2127.165354330709 109.84251968503936 46.06299212598425 par
1057.0866141732283 2127.165354330709 157.08661417322836 46.06299212598425 l’abbé
1166.9291338582677 2127.165354330709 172.44094488188978 46.06299212598425 Jacques
1292.1259842519685 2127.165354330709 187.79527559055117 46.06299212598425 Boileau,
1433.8582677165355 2127.165354330709 187.79527559055117 46.06299212598425 chanoine
1574.4094488188975 2127.165354330709 94.48818897637796 46.06299212598425 de
1621.6535433070867 2127.165354330709 94.48818897637796 46.06299212598425 la
1653.5433070866143 2127.165354330709 140.5511811023622 46.06299212598425 Sainte-

561.0236220472441 2162.5984251968503 213.7795275590551 48.425196850393704 Chapelle,
725.1968503937007 2162.5984251968503 82.67716535433071 48.425196850393704 à
758.2677165354331 2162.5984251968503 230.31496062992127 48.425196850393704 Brossette,
938.9763779527559 2162.5984251968503 114.56692913385827 48.425196850393704 qui
1005.1181102362204 2162.5984251968503 98.03149606299213 48.425196850393704 la
1053.5433070866143 2162.5984251968503 114.56692913385827 48.425196850393704 lui
1119.6850393700788 2162.5984251968503 147.63779527559055 48.425196850393704 avait
1217.716535433071 2162.5984251968503 197.24409448818898 48.425196850393704 demandée
1365.3543307086613 2162.5984251968503 131.10236220472441 48.425196850393704 pour
1448.0314960629921 2162.5984251968503 147.63779527559055 48.425196850393704 fixer
1546.0629921259842 2162.5984251968503 98.03149606299213 48.425196850393704 la
1595.6692913385828 2162.5984251968503 131.10236220472441 48.425196850393704 date
1678.3464566929133 2162.5984251968503 98.03149606299213 48.425196850393704 et
1710.236220472441 2162.5984251968503 82.67716535433071 48.425196850393704 les

559.8425196850394 2203.9370078740158 275.1968503937008 42.51968503937008 circonstances
786.6141732283464 2203.9370078740158 96.85039370078741 42.51968503937008 de
836.2204724409448 2203.9370078740158 96.85039370078741 42.51968503937008 ce
884.6456692913385 2203.9370078740158 129.92125984251967 42.51968503937008 fait
964.9606299212599 2203.9370078740158 194.88188976377953 42.51968503937008 comique.
1111.4173228346456 2203.9370078740158 96.85039370078741 42.51968503937008 La
1159.8425196850394 2203.9370078740158 161.81102362204723 42.51968503937008 pièce,
1273.2283464566929 2203.9370078740158 145.2755905511811 42.51968503937008 qu’il
1370.0787401574803 2203.9370078740158 145.2755905511811 42.51968503937008 avait
1468.1102362204724 2203.9370078740158 161.81102362204723 42.51968503937008 promis
1581.4960629921259 2203.9370078740158 96.85039370078741 42.51968503937008 de
1629.9212598425197 2203.9370078740158 161.81102362204723 42.51968503937008 rendre
1726.7716535433071 2203.9370078740158 64.96062992125984 42.51968503937008 en

562.2047244094488 2239.3700787401576 109.84251968503936 43.7007874015748 cas
624.8031496062993 2239.3700787401576 94.48818897637796 43.7007874015748 de
672.0472440944882 2239.3700787401576 173.6220472440945 43.7007874015748 besoin,
798.4251968503937 2239.3700787401576 141.73228346456693 43.7007874015748 s'est
892.9133858267717 2239.3700787401576 205.51181102362204 43.7007874015748 retrouvée
1051.1811023622047 2239.3700787401576 126.37795275590551 43.7007874015748 dans
1129.1338582677165 2239.3700787401576 109.84251968503936 43.7007874015748 ses
1176.3779527559054 2239.3700787401576 158.26771653543307 43.7007874015748 papiers.

486.61417322834643 2296.0629921259842 155.90551181102362 51.968503937007874 127.
584.6456692913385 2296.0629921259842 292.9133858267717 51.968503937007874 MAGU
818.503937007874 2296.0629921259842 253.93700787401573 51.968503937007874 tisserant
1013.3858267716536 2296.0629921259842 116.92913385826772 51.968503937007874 de
1072.4409448818897 2296.0629921259842 175.98425196850394 51.968503937007874 Lizy.
1189.3700787401574 2296.0629921259842 175.98425196850394 51.968503937007874 poète
1287.4015748031495 2296.0629921259842 233.85826771653544 51.968503937007874 distingué.

575.1968503937007 2355.1181102362207 119.29133858267717 47.24409448818898 L.
635.4330708661417 2355.1181102362207 119.29133858267717 47.24409448818898 a.
694.488188976378 2355.1181102362207 139.37007874015748 47.24409448818898 s.;
774.8031496062993 2355.1181102362207 179.5275590551181 47.24409448818898 Lizv,
894.0944881889764 2355.1181102362207 119.29133858267717 47.24409448818898 11
953.1496062992126 2355.1181102362207 179.5275590551181 47.24409448818898 sept.
1072.4409448818897 2355.1181102362207 179.5275590551181 47.24409448818898 1851,
1191.732283464567 2355.1181102362207 99.21259842519684 47.24409448818898 3
1231.8897637795276 2355.1181102362207 119.29133858267717 47.24409448818898 p.
1292.1259842519685 2355.1181102362207 179.5275590551181 47.24409448818898 in-8,
1391.3385826771653 2355.1181102362207 238.58267716535434 47.24409448818898 enveloppe.

598.8188976377953 2407.0866141732286 187.79527559055117 46.06299212598425 Réponse
734.6456692913385 2407.0866141732286 85.03937007874016 46.06299212598425 à
768.8976377952756 2407.0866141732286 119.29133858267717 46.06299212598425 une
836.2204724409448 2407.0866141732286 187.79527559055117 46.06299212598425 demande
973.2283464566929 2407.0866141732286 102.75590551181102 46.06299212598425 de
1024.015748031496 2407.0866141732286 307.0866141732283 46.06299212598425 renseignements
1279.1338582677165 2407.0866141732286 307.0866141732283 46.06299212598425 biographiques.
1535.4330708661416 2407.0866141732286 102.75590551181102 46.06299212598425 Il
1586.2204724409448 2407.0866141732286 102.75590551181102 46.06299212598425 ne
1637.007874015748 2407.0866141732286 135.82677165354332 46.06299212598425 veut
1705.5118110236222 2407.0866141732286 85.03937007874016 46.06299212598425 pas

561.0236220472441 2444.8818897637793 105.11811023622047 46.06299212598425 que
621.2598425196851 2444.8818897637793 120.4724409448819 46.06299212598425 l'on
696.8503937007874 2444.8818897637793 134.64566929133858 46.06299212598425 dise,
786.6141732283464 2444.8818897637793 89.76377952755905 46.06299212598425 en
831.496062992126 2444.8818897637793 165.35433070866142 46.06299212598425 parlant
951.9685039370079 2444.8818897637793 89.76377952755905 46.06299212598425 de
996.8503937007874 2444.8818897637793 105.11811023622047 46.06299212598425 ses
1057.0866141732283 2444.8818897637793 194.88188976377953 46.06299212598425 recueils,
1207.0866141732283 2444.8818897637793 105.11811023622047 46.06299212598425 des
1266.1417322834645 2444.8818897637793 225.59055118110237 46.06299212598425 sublimes
1446.8503937007874 2444.8818897637793 239.76377952755905 46.06299212598425 poésies.
1641.732283464567 2444.8818897637793 105.11811023622047 46.06299212598425 «Je
1686.6141732283465 2444.8818897637793 105.11811023622047 46.06299212598425 n’ac-

559.8425196850394 2481.496062992126 144.09448818897638 48.425196850393704 cepte
656.6929133858267 2481.496062992126 127.55905511811024 48.425196850393704 pas,
735.8267716535433 2481.496062992126 223.22834645669292 48.425196850393704 ajoute-il,
911.8110236220473 2481.496062992126 95.66929133858268 48.425196850393704 un
959.0551181102362 2481.496062992126 144.09448818897638 48.425196850393704 éloge
1054.724409448819 2481.496062992126 112.20472440944881 48.425196850393704 qui
1118.5039370078741 2481.496062992126 255.11811023622047 48.425196850393704 n’appartient
1326.3779527559054 2481.496062992126 127.55905511811024 48.425196850393704 qu'à
1406.6929133858268 2481.496062992126 191.33858267716536 48.425196850393704 quelques
1549.6062992125985 2481.496062992126 159.4488188976378 48.425196850393704 grands
1645.275590551181 2481.496062992126 144.09448818897638 48.425196850393704 poètes,

561.0236220472441 2522.834645669291 124.01574803149606 43.7007874015748 tels
637.7952755905512 2522.834645669291 108.66141732283465 43.7007874015748 que
700.3937007874016 2522.834645669291 217.3228346456693 43.7007874015748 Corneille,
870.4724409448819 2522.834645669291 170.07874015748033 43.7007874015748 Racine,
994.488188976378 2522.834645669291 201.96850393700788 43.7007874015748 Voltaire,
1133.8582677165355 2522.834645669291 108.66141732283465 43.7007874015748 etc.»

479.5275590551181 2583.0708661417325 161.81102362204723 55.511811023622045 128.
579.9212598425197 2583.0708661417325 402.755905511811 55.511811023622045 MAIROBERT
922.4409448818898 2583.0708661417325 201.96850393700788 55.511811023622045 (M.-F.
1064.1732283464567 2583.0708661417325 382.6771653543307 55.511811023622045 Pidansat
1386.6141732283465 2583.0708661417325 161.81102362204723 55.511811023622045 de),
1487.007874015748 2583.0708661417325 222.04724409448818 55.511811023622045 célèbre
1628.740157480315 2583.0708661417325 161.81102362204723 55.511811023622045 publi-

525.5905511811023 2635.0393700787404 180.70866141732284 53.1496062992126 ciste
646.0629921259842 2635.0393700787404 120.4724409448819 53.1496062992126 du
706.2992125984252 2635.0393700787404 200.78740157480314 53.1496062992126 XVIIIe
846.8503937007874 2635.0393700787404 220.86614173228347 53.1496062992126 siècle,
1006.2992125984252 2635.0393700787404 120.4724409448819 53.1496062992126 né
1066.5354330708662 2635.0393700787404 120.4724409448819 53.1496062992126 en
1106.6929133858268 2635.0393700787404 240.9448818897638 53.1496062992126 Champagne.

565.7480314960629 2691.732283464567 211.41732283464566 50.78740157480315 Pièce
706.2992125984252 2691.732283464567 140.5511811023622 50.78740157480315 de
777.1653543307086 2691.732283464567 187.79527559055117 50.78740157480315 vers
894.0944881889764 2691.732283464567 211.41732283464566 50.78740157480315 aut,.
1035.8267716535433 2691.732283464567 211.41732283464566 50.78740157480315 sig.,
1176.3779527559054 2691.732283464567 282.2834645669291 50.78740157480315 adressée
1387.7952755905512 2691.732283464567 116.92913385826772 50.78740157480315 à
1435.0393700787401 2691.732283464567 140.5511811023622 50.78740157480315 M.
1504.724409448819 2691.732283464567 140.5511811023622 50.78740157480315 de
1551.9685039370079 2691.732283464567 235.03937007874015 50.78740157480315 Caumont,

533.8582677165355 2736.6141732283463 92.1259842519685 43.7007874015748 1
570.4724409448819 2736.6141732283463 109.84251968503936 43.7007874015748 p.
607.0866141732283 2736.6141732283463 128.74015748031496 43.7007874015748 in

475.98425196850394 2792.1259842519685 192.51968503937007 54.330708661417326 129.
596.4566929133858 2792.1259842519685 530.3149606299213 54.330708661417326 MALESHERBES
1053.5433070866143 2792.1259842519685 337.79527559055117 54.330708661417326 (Lamoignon
1295.6692913385828 2792.1259842519685 144.09448818897638 54.330708661417326 de),

565.7480314960629 2851.181102362205 375.59055118110234 49.60629921259842 Remontrances
871.6535433070866 2851.181102362205 140.5511811023622 49.60629921259842 au
941.3385826771654 2851.181102362205 187.79527559055117 49.60629921259842 roi,
1059.4488188976377 2851.181102362205 140.5511811023622 49.60629921259842 de
1129.1338582677165 2851.181102362205 187.79527559055117 49.60629921259842 1770
1247.244094488189 2851.181102362205 116.92913385826772 49.60629921259842 à
1293.3070866141732 2851.181102362205 211.41732283464566 49.60629921259842 1771,
1435.0393700787401 2851.181102362205 304.7244094488189 49.60629921259842 manuscrit
1646.4566929133857 2851.181102362205 140.5511811023622 49.60629921259842 (non
