2192.1259842519685 3367.3228346456694
931.8897637795276 457.0866141732283 155.90551181102362 37.79527559055118 —
993.3070866141733 457.0866141732283 186.61417322834646 37.79527559055118 19
1055.9055118110236 457.0866141732283 93.30708661417323 37.79527559055118 —

444.09448818897636 536.2204724409448 185.43307086614172 55.511811023622045 aut.)
566.9291338582677 536.2204724409448 185.43307086614172 55.511811023622045 remis
690.9448818897638 536.2204724409448 144.09448818897638 55.511811023622045 par
773.6220472440945 536.2204724409448 144.09448818897638 55.511811023622045 lui
856.2992125984252 536.2204724409448 102.75590551181102 55.511811023622045 à
896.4566929133858 536.2204724409448 144.09448818897638 55.511811023622045 Mme
979.1338582677165 536.2204724409448 124.01574803149606 55.511811023622045 de
1041.732283464567 536.2204724409448 246.8503937007874 55.511811023622045 Senozan,
1227.1653543307086 536.2204724409448 124.01574803149606 55.511811023622045 sa
1288.5826771653544 536.2204724409448 185.43307086614172 55.511811023622045 sœur,
1412.5984251968505 536.2204724409448 102.75590551181102 55.511811023622045 1
1453.9370078740158 536.2204724409448 165.35433070866142 55.511811023622045 vol.
1535.4330708661416 536.2204724409448 165.35433070866142 55.511811023622045 in

445.2755905511811 579.9212598425197 166.53543307086613 47.24409448818898 rel.
550.3937007874016 579.9212598425197 166.53543307086613 47.24409448818898 mar.
654.3307086614174 579.9212598425197 209.0551181102362 47.24409448818898 rouge,
799.6062992125984 579.9212598425197 270.4724409448819 47.24409448818898 dentelle.
1008.6614173228346 579.9212598425197 250.39370078740157 47.24409448818898 Portrait
1175.1968503937007 579.9212598425197 187.79527559055117 47.24409448818898 ajouté.

514.9606299212599 636.6141732283464 113.38582677165354 33.07086614173228 Une
579.9212598425197 636.6141732283464 96.85039370078741 33.07086614173228 de
628.3464566929134 636.6141732283464 113.38582677165354 33.07086614173228 ces
693.3070866141733 636.6141732283464 259.84251968503935 33.07086614173228 remontrances
904.7244094488188 636.6141732283464 113.38582677165354 33.07086614173228 est
969.6850393700787 636.6141732283464 194.88188976377953 33.07086614173228 relative
1114.9606299212599 636.6141732283464 81.49606299212599 33.07086614173228 à
1148.0314960629921 636.6141732283464 96.85039370078741 33.07086614173228 la
1179.9212598425197 636.6141732283464 194.88188976377953 33.07086614173228 Chalotais.

396.8503937007874 687.4015748031496 157.08661417322836 50.78740157480315 130.
494.88188976377955 687.4015748031496 333.07086614173227 50.78740157480315 MANUEL
768.8976377952756 687.4015748031496 274.01574803149606 50.78740157480315 (J.-Ant.),
983.8582677165355 687.4015748031496 214.96062992125985 50.78740157480315 député,
1140.9448818897638 687.4015748031496 214.96062992125985 50.78740157480315 célèbre
1296.8503937007874 687.4015748031496 214.96062992125985 50.78740157480315 orateur
1433.8582677165355 687.4015748031496 196.06299212598427 50.78740157480315 libéral.

491.33858267716533 745.2755905511812 120.4724409448819 49.60629921259842 L.
551.5748031496063 745.2755905511812 120.4724409448819 49.60629921259842 a.
611.8110236220473 745.2755905511812 120.4724409448819 49.60629921259842 s.
672.0472440944882 745.2755905511812 100.39370078740157 49.60629921259842 à
713.3858267716536 745.2755905511812 120.4724409448819 49.60629921259842 un
773.6220472440945 745.2755905511812 120.4724409448819 49.60629921259842 de
833.8582677165355 745.2755905511812 140.5511811023622 49.60629921259842 ses
914.1732283464567 745.2755905511812 282.2834645669291 49.60629921259842 collègues;
1136.2204724409448 745.2755905511812 201.96850393700788 49.60629921259842 Paris,
1276.7716535433071 745.2755905511812 120.4724409448819 49.60629921259842 18
1337.007874015748 745.2755905511812 160.62992125984252 49.60629921259842 mai,
1437.4015748031495 745.2755905511812 100.39370078740157 49.60629921259842 1
1478.740157480315 745.2755905511812 120.4724409448819 49.60629921259842 p.
1518.8976377952756 745.2755905511812 140.5511811023622 49.60629921259842 in

516.1417322834645 801.9685039370079 194.88188976377953 37.79527559055118 Relative
662.5984251968504 801.9685039370079 81.49606299212599 37.79527559055118 a
695.6692913385826 801.9685039370079 129.92125984251967 37.79527559055118 deux
775.9842519685039 801.9685039370079 194.88188976377953 37.79527559055118 réfugiés
922.4409448818898 801.9685039370079 227.95275590551182 37.79527559055118 piémontais
1101.9685039370079 801.9685039370079 113.38582677165354 37.79527559055118 que
1166.9291338582677 801.9685039370079 98.03149606299213 37.79527559055118 le
1215.3543307086613 801.9685039370079 259.84251968503935 37.79527559055118 gouvernement
1426.7716535433071 801.9685039370079 146.45669291338584 37.79527559055118 vient
1524.8031496062993 801.9685039370079 194.88188976377953 37.79527559055118 d'exiler
1654.724409448819 801.9685039370079 48.425196850393704 37.79527559055118 à

461.81102362204723 837.4015748031496 168.89763779527559 37.79527559055118 Bourges.

394.48818897637796 877.5590551181102 223.22834645669292 63.77952755905512 131.
533.8582677165355 877.5590551181102 584.6456692913385 63.77952755905512 MARIE-ADÉLAIDE
1035.8267716535433 877.5590551181102 167.71653543307087 63.77952755905512 RE
1119.6850393700788 877.5590551181102 418.1102362204724 63.77952755905512 FRANCE,
1453.9370078740158 877.5590551181102 250.39370078740157 63.77952755905512 tante
1593.3070866141732 877.5590551181102 111.02362204724409 63.77952755905512 de

446.45669291338584 942.5196850393701 197.24409448818898 38.976377952755904 Louis
555.1181102362204 942.5196850393701 131.10236220472441 38.976377952755904 XVI.

490.15748031496065 1000.3937007874016 116.92913385826772 47.24409448818898 L.
549.2125984251968 1000.3937007874016 116.92913385826772 47.24409448818898 a.
608.2677165354331 1000.3937007874016 116.92913385826772 47.24409448818898 s.
666.1417322834645 1000.3937007874016 98.03149606299213 47.24409448818898 à
705.1181102362204 1000.3937007874016 116.92913385826772 47.24409448818898 la
764.1732283464567 1000.3937007874016 233.85826771653544 47.24409448818898 comtesse
940.1574803149606 1000.3937007874016 116.92913385826772 47.24409448818898 de
999.2125984251968 1000.3937007874016 214.96062992125985 47.24409448818898 Sivrac;
1155.1181102362204 1000.3937007874016 116.92913385826772 47.24409448818898 16
1212.992125984252 1000.3937007874016 175.98425196850394 47.24409448818898 juil.
1331.1023622047244 1000.3937007874016 175.98425196850394 47.24409448818898 1754,
1448.0314960629921 1000.3937007874016 137.00787401574803 47.24409448818898 1/2
1525.984251968504 1000.3937007874016 116.92913385826772 47.24409448818898 p.
1564.9606299212599 1000.3937007874016 137.00787401574803 47.24409448818898 in

453.54330708661416 1046.4566929133857 168.89763779527559 43.7007874015748 cachet
571.6535433070866 1046.4566929133857 83.85826771653544 43.7007874015748 à
604.7244094488188 1046.4566929133857 118.11023622047244 43.7007874015748 ses
673.2283464566929 1046.4566929133857 168.89763779527559 43.7007874015748 armes.
791.3385826771654 1046.4566929133857 270.4724409448819 43.7007874015748 Charmante
993.3070866141733 1046.4566929133857 219.68503937007873 43.7007874015748 épître.

400.3937007874016 1106.6929133858268 171.25984251968504 41.338582677165356 132.
506.6929133858268 1106.6929133858268 385.03937007874015 41.338582677165356 MARINE.
827.9527559055118 1106.6929133858268 213.7795275590551 41.338582677165356 Charte
977.9527559055118 1106.6929133858268 256.2992125984252 41.338582677165356 relative
1170.4724409448818 1106.6929133858268 107.48031496062993 41.338582677165356 à
1212.992125984252 1106.6929133858268 150.0 41.338582677165356 une
1298.0314960629921 1106.6929133858268 298.81889763779526 41.338582677165356 fourniture
1511.8110236220473 1106.6929133858268 192.51968503937007 41.338582677165356 d’arba-

447.6377952755906 1155.1181102362204 198.4251968503937 43.7007874015748 lètes
579.9212598425197 1155.1181102362204 154.7244094488189 43.7007874015748 aux
668.503937007874 1155.1181102362204 264.56692913385825 43.7007874015748 villages
866.9291338582677 1155.1181102362204 132.28346456692913 43.7007874015748 de
933.0708661417323 1155.1181102362204 132.28346456692913 43.7007874015748 la
999.2125984251968 1155.1181102362204 242.1259842519685 43.7007874015748 vicomté
1175.1968503937007 1155.1181102362204 132.28346456692913 43.7007874015748 de
1241.3385826771653 1155.1181102362204 242.1259842519685 43.7007874015748 Bayeux,
1417.3228346456692 1155.1181102362204 175.98425196850394 43.7007874015748 pour
1528.3464566929133 1155.1181102362204 132.28346456692913 43.7007874015748 le
1572.0472440944882 1155.1181102362204 132.28346456692913 43.7007874015748 fait

447.6377952755906 1189.3700787401574 134.64566929133858 53.1496062992126 du
514.9606299212599 1189.3700787401574 246.8503937007874 53.1496062992126 passage
694.488188976378 1189.3700787401574 134.64566929133858 53.1496062992126 de
761.8110236220473 1189.3700787401574 134.64566929133858 53.1496062992126 la
829.1338582677165 1189.3700787401574 157.08661417322836 53.1496062992126 mer
918.8976377952756 1189.3700787401574 157.08661417322836 53.1496062992126 par
1008.6614173228346 1189.3700787401574 246.8503937007874 53.1496062992126 Charles
1187.007874015748 1189.3700787401574 134.64566929133858 53.1496062992126 VI
1254.3307086614172 1189.3700787401574 291.73228346456693 53.1496062992126 (descente
1478.740157480315 1189.3700787401574 134.64566929133858 53.1496062992126 on
1523.6220472440946 1189.3700787401574 179.5275590551181 53.1496062992126 Angle-

450.0 1235.4330708661416 214.96062992125985 48.425196850393704 terre),
607.0866141732283 1235.4330708661416 116.92913385826772 48.425196850393704 28
664.9606299212599 1235.4330708661416 155.90551181102362 48.425196850393704 août
762.992125984252 1235.4330708661416 175.98425196850394 48.425196850393704 1386,
881.1023622047244 1235.4330708661416 155.90551181102362 48.425196850393704 in-4
959.0551181102362 1235.4330708661416 116.92913385826772 48.425196850393704 obl.

398.0314960629921 1301.5748031496064 171.25984251968504 48.425196850393704 133.
505.51181102362204 1301.5748031496064 385.03937007874015 48.425196850393704 MARINE.
826.7716535433071 1301.5748031496064 235.03937007874015 48.425196850393704 Contrat
998.0314960629921 1301.5748031496064 128.74015748031496 48.425196850393704 de
1061.8110236220473 1301.5748031496064 192.51968503937007 48.425196850393704 vente
1190.5511811023623 1301.5748031496064 213.7795275590551 48.425196850393704 passée
1340.5511811023623 1301.5748031496064 128.74015748031496 48.425196850393704 au
1404.3307086614172 1301.5748031496064 150.0 48.425196850393704 roi
1490.5511811023623 1301.5748031496064 235.03937007874015 48.425196850393704 Charles
1640.5511811023623 1301.5748031496064 63.77952755905512 48.425196850393704 V

448.81889763779526 1346.4566929133857 114.56692913385827 50.78740157480315 de
505.51181102362204 1346.4566929133857 114.56692913385827 50.78740157480315 la
562.2047244094488 1346.4566929133857 190.15748031496062 50.78740157480315 nef
695.6692913385826 1346.4566929133857 114.56692913385827 50.78740157480315 de
752.3622047244095 1346.4566929133857 361.4173228346457 50.78740157480315 Christophe,
1057.0866141732283 1346.4566929133857 171.25984251968504 50.78740157480315 étant
1170.4724409448818 1346.4566929133857 94.48818897637796 50.78740157480315 à
1209.4488188976377 1346.4566929133857 246.8503937007874 50.78740157480315 Harfleur,
1399.6062992125985 1346.4566929133857 152.36220472440945 50.78740157480315 pour
1494.0944881889764 1346.4566929133857 133.46456692913387 50.78740157480315 600
1550.7874015748032 1346.4566929133857 152.36220472440945 50.78740157480315 francs

448.81889763779526 1392.5196850393702 178.3464566929134 46.06299212598425 d’or;
568.1102362204724 1392.5196850393702 178.3464566929134 46.06299212598425 pièce
686.2204724409448 1392.5196850393702 138.18897637795277 46.06299212598425 sur
765.3543307086615 1392.5196850393702 197.24409448818898 46.06299212598425 vélin,
903.5433070866142 1392.5196850393702 99.21259842519684 46.06299212598425 6
943.7007874015748 1392.5196850393702 158.26771653543307 46.06299212598425 fév.
1041.732283464567 1392.5196850393702 178.3464566929134 46.06299212598425 1369,
1140.9448818897638 1392.5196850393702 138.18897637795277 46.06299212598425 in

396.8503937007874 1457.4803149606298 150.0 50.78740157480315 134
481.8897637795276 1457.4803149606298 406.2992125984252 50.78740157480315 MAUCROIX
824.4094488188977 1457.4803149606298 277.5590551181102 50.78740157480315 (François
1038.1889763779527 1457.4803149606298 171.25984251968504 50.78740157480315 de),
1144.4881889763778 1457.4803149606298 256.2992125984252 50.78740157480315 chanoine
1337.007874015748 1457.4803149606298 128.74015748031496 50.78740157480315 de
1401.9685039370079 1457.4803149606298 213.7795275590551 50.78740157480315 Reims,
1529.5275590551182 1457.4803149606298 171.25984251968504 50.78740157480315 litté-

446.45669291338584 1507.0866141732283 226.77165354330708 51.968503937007874 rateur,
610.6299212598425 1507.0866141732283 226.77165354330708 51.968503937007874 célèbre
775.9842519685039 1507.0866141732283 144.09448818897638 51.968503937007874 par
857.4803149606299 1507.0866141732283 144.09448818897638 51.968503937007874 ses
940.1574803149606 1507.0866141732283 246.8503937007874 51.968503937007874 liaisons
1125.5905511811025 1507.0866141732283 226.77165354330708 51.968503937007874 intimes
1289.763779527559 1507.0866141732283 164.17322834645668 51.968503937007874 avec
1393.7007874015749 1507.0866141732283 124.01574803149606 51.968503937007874 La
1455.1181102362204 1507.0866141732283 246.8503937007874 51.968503937007874 Fontaine
1619.291338582677 1507.0866141732283 82.67716535433071 51.968503937007874 et

428.74015748031496 1555.5118110236222 194.88188976377953 40.15748031496063 Boileau.

498.4251968503937 1615.748031496063 120.4724409448819 47.24409448818898 L.
558.6614173228346 1615.748031496063 120.4724409448819 47.24409448818898 a.
618.8976377952756 1615.748031496063 120.4724409448819 47.24409448818898 s.
679.1338582677165 1615.748031496063 100.39370078740157 47.24409448818898 à
719.2913385826772 1615.748031496063 240.9448818897638 47.24409448818898 Boileau;
898.8188976377953 1615.748031496063 200.78740157480314 47.24409448818898 Reims,
1039.3700787401574 1615.748031496063 100.39370078740157 47.24409448818898 2
1079.5275590551182 1615.748031496063 160.62992125984252 47.24409448818898 nov.
1179.9212598425197 1615.748031496063 180.70866141732284 47.24409448818898 1683,
1300.3937007874015 1615.748031496063 100.39370078740157 47.24409448818898 2
1340.5511811023623 1615.748031496063 120.4724409448819 47.24409448818898 p.
1400.7874015748032 1615.748031496063 100.39370078740157 47.24409448818898 1
1439.763779527559 1615.748031496063 120.4724409448819 47.24409448818898 /2
1500.0 1615.748031496063 180.70866141732284 47.24409448818898 in-8,
1600.3937007874015 1615.748031496063 100.39370078740157 47.24409448818898 ca

429.9212598425197 1659.4488188976377 137.00787401574803 35.43307086614173 chet.

518.503937007874 1713.7795275590552 100.39370078740157 40.15748031496063 Il
568.1102362204724 1713.7795275590552 100.39370078740157 40.15748031496063 le
618.8976377952756 1713.7795275590552 133.46456692913387 40.15748031496063 prie
701.5748031496063 1713.7795275590552 100.39370078740157 40.15748031496063 de
751.1811023622047 1713.7795275590552 166.53543307086613 40.15748031496063 donner
868.1102362204724 1713.7795275590552 100.39370078740157 40.15748031496063 10
918.8976377952756 1713.7795275590552 150.0 40.15748031496063 louis
1018.1102362204724 1713.7795275590552 83.85826771653544 40.15748031496063 à
1052.3622047244094 1713.7795275590552 133.46456692913387 40.15748031496063 leur
1135.0393700787401 1713.7795275590552 116.92913385826772 40.15748031496063 ami
1202.3622047244094 1713.7795275590552 233.85826771653544 40.15748031496063 Cassendre,
1385.4330708661416 1713.7795275590552 100.39370078740157 40.15748031496063 et
1435.0393700787401 1713.7795275590552 116.92913385826772 40.15748031496063 lui
1502.3622047244094 1713.7795275590552 183.0708661417323 40.15748031496063 apprend
1618.1102362204724 1713.7795275590552 83.85826771653544 40.15748031496063 que

477.1653543307087 1752.755905511811 106.2992125984252 38.976377952755904 M.
530.3149606299213 1752.755905511811 230.31496062992127 38.976377952755904 Rainssant
707.4803149606299 1752.755905511811 124.01574803149606 38.976377952755904 est
778.3464566929134 1752.755905511811 177.16535433070865 38.976377952755904 enlevé
903.5433070866142 1752.755905511811 124.01574803149606 38.976377952755904 aux
974.4094488188977 1752.755905511811 194.88188976377953 38.976377952755904 malades
1116.1417322834645 1752.755905511811 106.2992125984252 38.976377952755904 de
1169.291338582677 1752.755905511811 159.4488188976378 38.976377952755904 Reims
1275.5905511811025 1752.755905511811 141.73228346456693 38.976377952755904 pour
1364.1732283464567 1752.755905511811 194.88188976377953 38.976377952755904 devenir
1507.0866141732283 1752.755905511811 194.88188976377953 38.976377952755904 médecin
1631.1023622047244 1752.755905511811 70.86614173228347 38.976377952755904 de

477.1653543307087 1790.5511811023623 108.66141732283465 38.976377952755904 M.
531.496062992126 1790.5511811023623 108.66141732283465 38.976377952755904 de
584.6456692913385 1790.5511811023623 198.4251968503937 38.976377952755904 Launoy.
728.7401574803149 1790.5511811023623 108.66141732283465 38.976377952755904 il
783.0708661417323 1790.5511811023623 108.66141732283465 38.976377952755904 le
837.4015748031496 1790.5511811023623 180.70866141732284 38.976377952755904 charge
963.7795275590552 1790.5511811023623 108.66141732283465 38.976377952755904 de
1018.1102362204724 1790.5511811023623 126.37795275590551 38.976377952755904 ses
1090.1574803149606 1790.5511811023623 270.4724409448819 38.976377952755904 baise-mains
1306.2992125984251 1790.5511811023623 144.09448818897638 38.976377952755904 pour
1396.0629921259842 1790.5511811023623 126.37795275590551 38.976377952755904 MM.
1469.291338582677 1790.5511811023623 233.85826771653544 38.976377952755904 Puymaurin
1631.1023622047244 1790.5511811023623 72.04724409448819 38.976377952755904 et

480.70866141732284 1828.3464566929133 172.44094488188978 37.79527559055118 Racine,
605.9055118110236 1828.3464566929133 94.48818897637796 37.79527559055118 et
653.1496062992126 1828.3464566929133 109.84251968503936 37.79527559055118 lui
715.7480314960629 1828.3464566929133 140.5511811023622 37.79527559055118 parle
809.0551181102362 1828.3464566929133 94.48818897637796 37.79527559055118 de
856.2992125984252 1828.3464566929133 94.48818897637796 37.79527559055118 La
887.007874015748 1828.3464566929133 172.44094488188978 37.79527559055118 Fontaine.

400.3937007874016 1886.2204724409448 175.98425196850394 53.1496062992126 135.
510.23622047244095 1886.2204724409448 484.251968503937 53.1496062992126 MEISSONNIER
928.3464566929134 1886.2204724409448 418.1102362204724 53.1496062992126 (J.-L.-Ernest),
1280.3149606299212 1886.2204724409448 242.1259842519685 53.1496062992126 célèbre
1456.2992125984251 1886.2204724409448 242.1259842519685 53.1496062992126 peintre
1611.023622047244 1886.2204724409448 87.4015748031496 53.1496062992126 de

445.2755905511811 1938.1889763779527 192.51968503937007 50.78740157480315 genre
572.8346456692914 1938.1889763779527 362.59842519685037 50.78740157480315 contemporain,
871.6535433070866 1938.1889763779527 127.55905511811024 50.78740157480315 né
935.4330708661417 1938.1889763779527 106.2992125984252 50.78740157480315 à
957.8740157480315 1938.1889763779527 148.8188976377953 50.78740157480315 Lyon.

498.4251968503937 1994.8818897637796 107.48031496062993 46.06299212598425 L.
551.5748031496063 1994.8818897637796 107.48031496062993 46.06299212598425 a.
605.9055118110236 1994.8818897637796 125.19685039370079 46.06299212598425 s.,
677.9527559055118 1994.8818897637796 89.76377952755905 46.06299212598425 1
713.3858267716536 1994.8818897637796 107.48031496062993 46.06299212598425 p.
750.0 1994.8818897637796 125.19685039370079 46.06299212598425 in

514.9606299212599 2048.031496062992 96.85039370078741 40.15748031496063 Il
563.3858267716536 2048.031496062992 178.3464566929134 40.15748031496063 demande
693.3070866141733 2048.031496062992 113.38582677165354 40.15748031496063 une
758.2677165354331 2048.031496062992 194.88188976377953 40.15748031496063 perruque
904.7244094488188 2048.031496062992 113.38582677165354 40.15748031496063 qui
969.6850393700787 2048.031496062992 113.38582677165354 40.15748031496063 lui
1034.6456692913387 2048.031496062992 113.38582677165354 40.15748031496063 est
1099.6062992125985 2048.031496062992 226.77165354330708 40.15748031496063 nécessaire
1277.9527559055118 2048.031496062992 129.92125984251967 40.15748031496063 pour
1359.4488188976377 2048.031496062992 194.88188976377953 40.15748031496063 terminer
1504.724409448819 2048.031496062992 96.85039370078741 40.15748031496063 un
1537.7952755905512 2048.031496062992 161.81102362204723 40.15748031496063 tableau.

395.6692913385827 2105.9055118110236 193.70078740157481 50.78740157480315 136.
516.1417322834645 2105.9055118110236 314.1732283464567 50.78740157480315 MERLIN
758.2677165354331 2105.9055118110236 145.2755905511811 50.78740157480315 DE
830.3149606299213 2105.9055118110236 338.9763779527559 50.78740157480315 DOUAI,
1097.244094488189 2105.9055118110236 265.748031496063 50.78740157480315 célèbre
1290.9448818897638 2105.9055118110236 411.0236220472441 50.78740157480315 jurisconsulte
1605.1181102362204 2105.9055118110236 96.85039370078741 50.78740157480315 et

425.1968503937008 2159.0551181102364 327.1653543307087 38.976377952755904 conventionnel.

494.88188976377955 2215.748031496063 113.38582677165354 47.24409448818898 L.
551.5748031496063 2215.748031496063 113.38582677165354 47.24409448818898 a.
608.2677165354331 2215.748031496063 132.28346456692913 47.24409448818898 s.;
683.8582677165355 2215.748031496063 188.9763779527559 47.24409448818898 Paris,
816.1417322834645 2215.748031496063 170.07874015748033 47.24409448818898 1822,
930.7086614173228 2215.748031496063 94.48818897637796 47.24409448818898 1
968.503937007874 2215.748031496063 113.38582677165354 47.24409448818898 p.
1025.1968503937007 2215.748031496063 132.28346456692913 47.24409448818898 1/2
1081.8897637795276 2215.748031496063 132.28346456692913 47.24409448818898 in

400.3937007874016 2277.165354330709 154.7244094488189 54.330708661417326 137.
497.244094488189 2277.165354330709 329.5275590551181 54.330708661417326 MONTIS
768.8976377952756 2277.165354330709 213.7795275590551 54.330708661417326 (l’abbé
923.6220472440945 2277.165354330709 154.7244094488189 54.330708661417326 de),
1020.4724409448819 2277.165354330709 290.5511811023622 54.330708661417326 prédicateur
1253.1496062992126 2277.165354330709 116.92913385826772 54.330708661417326 du
1312.2047244094488 2277.165354330709 193.70078740157481 54.330708661417326 XVIIIe
1446.8503937007874 2277.165354330709 213.7795275590551 54.330708661417326 siècle,
1582.6771653543308 2277.165354330709 116.92913385826772 54.330708661417326 doc-

448.81889763779526 2326.771653543307 160.62992125984252 54.330708661417326 teur
549.2125984251968 2326.771653543307 120.4724409448819 54.330708661417326 en
609.4488188976378 2326.771653543307 281.1023622047244 54.330708661417326 théologie,
830.3149606299213 2326.771653543307 120.4724409448819 54.330708661417326 de
890.5511811023622 2326.771653543307 281.1023622047244 54.330708661417326 l’Académie
1111.4173228346456 2326.771653543307 120.4724409448819 54.330708661417326 de
1171.6535433070867 2326.771653543307 120.4724409448819 54.330708661417326 La
1211.8110236220473 2326.771653543307 220.86614173228347 54.330708661417326 Rochelle.

498.4251968503937 2383.464566929134 331.8897637795276 50.78740157480315 Panégyriques
777.1653543307086 2383.464566929134 105.11811023622047 50.78740157480315 et
830.3149606299213 2383.464566929134 174.8031496062992 50.78740157480315 autres
951.9685039370079 2383.464566929134 209.0551181102362 50.78740157480315 discours
1109.0551181102362 2383.464566929134 105.11811023622047 50.78740157480315 de
1161.023622047244 2383.464566929134 244.48818897637796 50.78740157480315 piété,
1353.5433070866143 2383.464566929134 226.77165354330708 50.78740157480315 manuscrit
1510.6299212598426 2383.464566929134 191.33858267716536 50.78740157480315 original,

446.45669291338584 2430.7086614173227 165.35433070866142 47.24409448818898 avec
549.2125984251968 2430.7086614173227 309.4488188976378 47.24409448818898 corrections
797.2440944881889 2430.7086614173227 226.77165354330708 47.24409448818898 autog.,
962.5984251968504 2430.7086614173227 144.09448818897638 47.24409448818898 512
1045.275590551181 2430.7086614173227 124.01574803149606 47.24409448818898 p.
1086.6141732283465 2430.7086614173227 144.09448818897638 47.24409448818898 in

390.9448818897638 2475.5905511811025 201.96850393700788 70.86614173228347 138.
517.3228346456693 2475.5905511811025 454.7244094488189 70.86614173228347 MUSIQUE
895.2755905511812 2475.5905511811025 201.96850393700788 70.86614173228347 (la)
1021.6535433070866 2475.5905511811025 454.7244094488189 70.86614173228347 INSTITUTION
1375.984251968504 2475.5905511811025 328.34645669291336 70.86614173228347 RÉVOLU

424.01574803149606 2553.5433070866143 419.29133858267716 35.43307086614173 TIONNAIRE.

494.88188976377955 2601.968503937008 211.41732283464566 53.1496062992126 Lettre
643.7007874015748 2601.968503937008 127.55905511811024 53.1496062992126 du
707.4803149606299 2601.968503937008 338.9763779527559 53.1496062992126 représentant
982.6771653543307 2601.968503937008 106.2992125984252 53.1496062992126 à
1025.1968503937007 2601.968503937008 232.6771653543307 53.1496062992126 l’armée
1194.0944881889764 2601.968503937008 127.55905511811024 53.1496062992126 de
1257.8740157480315 2601.968503937008 232.6771653543307 53.1496062992126 l’Ouest
1427.9527559055118 2601.968503937008 148.8188976377953 53.1496062992126 aux
1491.732283464567 2601.968503937008 211.41732283464566 53.1496062992126 citoyens

450.0 2650.3937007874015 103.93700787401575 44.881889763779526 de
501.9685039370079 2650.3937007874015 103.93700787401575 44.881889763779526 la
555.1181102362204 2650.3937007874015 278.74015748031496 44.881889763779526 Compagnie
780.7086614173228 2650.3937007874015 121.65354330708661 44.881889763779526 des
850.3937007874016 2650.3937007874015 226.77165354330708 44.881889763779526 musiciens
1025.1968503937007 2650.3937007874015 191.33858267716536 44.881889763779526 envoyés
1164.5669291338584 2650.3937007874015 121.65354330708661 44.881889763779526 par
1234.251968503937 2650.3937007874015 103.93700787401575 44.881889763779526 le
1286.2204724409448 2650.3937007874015 173.6220472440945 44.881889763779526 Comité
1407.8740157480315 2650.3937007874015 103.93700787401575 44.881889763779526 de
1461.023622047244 2650.3937007874015 157.08661417322836 44.881889763779526 salut
1547.244094488189 2650.3937007874015 157.08661417322836 44.881889763779526 pu

451.18110236220474 2690.551181102362 199.60629921259843 50.78740157480315 blic
596.4566929133858 2690.551181102362 127.55905511811024 50.78740157480315 aux
668.503937007874 2690.551181102362 272.8346456692913 50.78740157480315 armées,
887.007874015748 2690.551181102362 162.99212598425197 50.78740157480315 copie
995.6692913385826 2690.551181102362 236.2204724409449 50.78740157480315 certifiée
1177.5590551181103 2690.551181102362 108.66141732283465 50.78740157480315 et
1231.8897637795276 2690.551181102362 145.2755905511811 50.78740157480315 sig.
1322.8346456692914 2690.551181102362 127.55905511811024 50.78740157480315 par
1396.0629921259842 2690.551181102362 108.66141732283465 50.78740157480315 le
1431.4960629921259 2690.551181102362 272.8346456692913 50.78740157480315 représentant,

450.0 2736.6141732283463 315.3543307086614 48.425196850393704 Garrau;
712.2047244094488 2736.6141732283463 210.23622047244095 48.425196850393704 Pontivi,
870.4724409448819 2736.6141732283463 105.11811023622047 48.425196850393704 19
922.4409448818898 2736.6141732283463 157.08661417322836 48.425196850393704 pluv.
1027.5590551181103 2736.6141732283463 105.11811023622047 48.425196850393704 an
1079.5275590551182 2736.6141732283463 105.11811023622047 48.425196850393704 2,
1132.6771653543308 2736.6141732283463 87.4015748031496 48.425196850393704 1
1166.9291338582677 2736.6141732283463 105.11811023622047 48.425196850393704 p.
1220.0787401574803 2736.6141732283463 174.8031496062992 48.425196850393704 in-f.,
1325.1968503937007 2736.6141732283463 157.08661417322836 48.425196850393704 cachet.

518.503937007874 2790.9448818897636 140.5511811023622 41.338582677165356 Pièce
611.8110236220473 2790.9448818897636 218.50393700787401 41.338582677165356 historique
783.0708661417323 2790.9448818897636 125.19685039370079 41.338582677165356 fort
861.0236220472441 2790.9448818897636 203.1496062992126 41.338582677165356 curieuse,
1016.9291338582677 2790.9448818897636 108.66141732283465 41.338582677165356 qui
1079.5275590551182 2790.9448818897636 171.25984251968504 41.338582677165356 établit
1204.724409448819 2790.9448818897636 93.30708661417323 41.338582677165356 ce
1250.7874015748032 2790.9448818897636 140.5511811023622 41.338582677165356 fait,
1344.0944881889764 2790.9448818897636 186.61417322834646 41.338582677165356 inconnu,
1484.6456692913387 2790.9448818897636 108.66141732283465 41.338582677165356 que
1547.244094488189 2790.9448818897636 93.30708661417323 41.338582677165356 le
1577.9527559055118 2790.9448818897636 125.19685039370079 41.338582677165356 Comité

478.34645669291336 2829.9212598425197 92.1259842519685 38.976377952755904 de
524.4094488188977 2829.9212598425197 139.37007874015748 38.976377952755904 salut
617.7165354330708 2829.9212598425197 154.7244094488189 38.976377952755904 public
725.1968503937007 2829.9212598425197 185.43307086614172 38.976377952755904 envoyait
864.5669291338583 2829.9212598425197 108.66141732283465 38.976377952755904 des
925.9842519685039 2829.9212598425197 200.78740157480314 38.976377952755904 musiciens
1080.708661417323 2829.9212598425197 108.66141732283465 38.976377952755904 aux
1142.1259842519685 2829.9212598425197 154.7244094488189 38.976377952755904 armées
1250.7874015748032 2829.9212598425197 124.01574803149606 38.976377952755904 pour
1327.5590551181103 2829.9212598425197 216.14173228346456 38.976377952755904 électriser
1497.6377952755906 2829.9212598425197 108.66141732283465 38.976377952755904 les
1543.7007874015749 2829.9212598425197 154.7244094488189 38.976377952755904 troupes.

481.8897637795276 2867.716535433071 119.29133858267717 41.338582677165356 «En
549.2125984251968 2867.716535433071 170.07874015748033 41.338582677165356 jouant
668.503937007874 2867.716535433071 101.5748031496063 41.338582677165356 la
719.2913385826772 2867.716535433071 220.86614173228347 41.338582677165356 carmagnol
888.1889763779527 2867.716535433071 85.03937007874016 41.338582677165356 à
922.4409448818898 2867.716535433071 119.29133858267717 41.338582677165356 nos
990.9448818897638 2867.716535433071 170.07874015748033 41.338582677165356 braves
1109.0551181102362 2867.716535433071 288.18897637795277 41.338582677165356 républicains,
1346.4566929133857 2867.716535433071 119.29133858267717 41.338582677165356 dit
1414.9606299212599 2867.716535433071 101.5748031496063 41.338582677165356 le
1449.2125984251968 2867.716535433071 253.93700787401573 41.338582677165356 représentant,
