2182.6771653543306 3351.968503937008
1000.3937007874016 450.0 183.0708661417323 62.59842519685039 —
1073.6220472440946 450.0 219.68503937007873 62.59842519685039 20
1146.8503937007874 450.0 109.84251968503936 62.59842519685039 —

561.0236220472441 542.1259842519685 127.55905511811024 41.338582677165356 vous
640.1574803149606 542.1259842519685 142.91338582677164 41.338582677165356 étiez
735.8267716535433 542.1259842519685 142.91338582677164 41.338582677165356 prêts
831.496062992126 542.1259842519685 79.13385826771653 41.338582677165356 à
863.3858267716536 542.1259842519685 95.66929133858268 41.338582677165356 la
910.6299212598425 542.1259842519685 142.91338582677164 41.338582677165356 faire
1006.2992125984252 542.1259842519685 159.4488188976378 41.338582677165356 danser
1118.5039370078741 542.1259842519685 111.02362204724409 41.338582677165356 aux
1182.283464566929 542.1259842519685 191.33858267716536 41.338582677165356 brigands
1325.1968503937007 542.1259842519685 127.55905511811024 41.338582677165356 (les
1404.3307086614172 542.1259842519685 255.11811023622047 41.338582677165356 Vendéens)...
1612.2047244094488 542.1259842519685 95.66929133858268 41.338582677165356 La
1644.0944881889764 542.1259842519685 142.91338582677164 41.338582677165356 musique

558.6614173228346 581.1023622047244 148.8188976377953 40.15748031496063 était
657.8740157480315 581.1023622047244 132.28346456692913 40.15748031496063 dans
740.5511811023622 581.1023622047244 115.74803149606299 40.15748031496063 les
807.8740157480315 581.1023622047244 249.21259842519686 40.15748031496063 républiques
1006.2992125984252 581.1023622047244 216.14173228346456 40.15748031496063 anciennes
1171.6535433070867 581.1023622047244 99.21259842519684 40.15748031496063 un
1222.4409448818897 581.1023622047244 115.74803149606299 40.15748031496063 des
1288.5826771653544 581.1023622047244 198.4251968503937 40.15748031496063 premiers
1437.4015748031495 581.1023622047244 198.4251968503937 40.15748031496063 éléments
1587.4015748031495 581.1023622047244 99.21259842519684 40.15748031496063 de
1620.4724409448818 581.1023622047244 165.35433070866142 40.15748031496063 l’éduca-

561.0236220472441 622.4409448818898 142.91338582677164 37.79527559055118 tion:
655.511811023622 622.4409448818898 94.48818897637796 37.79527559055118 la
702.7559055118111 622.4409448818898 222.04724409448818 37.79527559055118 république
877.5590551181102 622.4409448818898 205.51181102362204 37.79527559055118 française
1035.8267716535433 622.4409448818898 94.48818897637796 37.79527559055118 ne
1083.0708661417323 622.4409448818898 94.48818897637796 37.79527559055118 la
1131.4960629921259 622.4409448818898 205.51181102362204 37.79527559055118 négligera
1273.2283464566929 622.4409448818898 142.91338582677164 37.79527559055118 pas...»

475.98425196850394 679.1338582677165 171.25984251968504 51.968503937007874 139.
583.4645669291339 679.1338582677165 321.25984251968504 51.968503937007874 NAPOLÉON
839.7637795275591 679.1338582677165 257.4803149606299 51.968503937007874 Ier,
1033.4645669291338 679.1338582677165 257.4803149606299 51.968503937007874 empereur
1225.984251968504 679.1338582677165 150.0 51.968503937007874 des
1289.763779527559 679.1338582677165 236.2204724409449 51.968503937007874 Français.

577.5590551181102 735.8267716535433 114.56692913385827 49.60629921259842 L.
634.2519685039371 735.8267716535433 153.54330708661416 49.60629921259842 sig.
729.9212598425197 735.8267716535433 420.4724409448819 49.60629921259842 Buonaparte,
1093.7007874015749 735.8267716535433 172.44094488188978 49.60629921259842 comme
1208.267716535433 735.8267716535433 210.23622047244095 49.60629921259842 général
1361.8110236220473 735.8267716535433 324.8031496062992 49.60629921259842 d’artillerie,
1628.740157480315 735.8267716535433 114.56692913385827 49.60629921259842 au
1667.716535433071 735.8267716535433 114.56692913385827 49.60629921259842 cit.

527.9527559055118 778.3464566929134 250.39370078740157 50.78740157480315 Bellot,
709.8425196850394 778.3464566929134 205.51181102362204 50.78740157480315 garde
846.8503937007874 778.3464566929134 250.39370078740157 50.78740157480315 magasin
1029.9212598425197 778.3464566929134 137.00787401574803 50.78740157480315 au
1098.4251968503936 778.3464566929134 183.0708661417323 50.78740157480315 fort
1211.8110236220473 778.3464566929134 296.45669291338584 50.78740157480315 Lamalgue;
1439.763779527559 778.3464566929134 205.51181102362204 50.78740157480315 Nice,
1576.7716535433071 778.3464566929134 137.00787401574803 50.78740157480315 29
1622.8346456692914 778.3464566929134 159.4488188976378 50.78740157480315 vent.

526.7716535433071 822.0472440944882 129.92125984251967 49.60629921259842 an
591.7322834645669 822.0472440944882 129.92125984251967 49.60629921259842 2,
656.6929133858267 822.0472440944882 152.36220472440945 49.60629921259842 1/2
742.9133858267717 822.0472440944882 129.92125984251967 49.60629921259842 p.
807.8740157480315 822.0472440944882 194.88188976377953 49.60629921259842 in-4.
938.9763779527559 822.0472440944882 217.3228346456693 49.60629921259842 Légère
1090.1574803149606 822.0472440944882 282.2834645669291 49.60629921259842 déchirure
1307.4803149606298 822.0472440944882 152.36220472440945 49.60629921259842 par
1393.7007874015749 822.0472440944882 129.92125984251967 49.60629921259842 la
1458.6614173228347 822.0472440944882 238.58267716535434 49.60629921259842 rupture
1632.283464566929 822.0472440944882 129.92125984251967 49.60629921259842 du
1675.984251968504 822.0472440944882 108.66141732283465 49.60629921259842 ca

509.0551181102362 871.6535433070866 140.5511811023622 33.07086614173228 chet.

597.6377952755905 920.0787401574803 152.36220472440945 40.15748031496063 «Vous
699.2125984251968 920.0787401574803 152.36220472440945 40.15748031496063 devez
800.7874015748032 920.0787401574803 170.07874015748033 40.15748031496063 avoir,
920.0787401574803 920.0787401574803 119.29133858267717 40.15748031496063 lui
987.4015748031496 920.0787401574803 186.61417322834646 40.15748031496063 dil-il,
1123.2283464566929 920.0787401574803 119.29133858267717 40.15748031496063 les
1190.5511811023623 920.0787401574803 288.18897637795277 40.15748031496063 appointements
1427.9527559055118 920.0787401574803 101.5748031496063 40.15748031496063 de
1478.740157480315 920.0787401574803 152.36220472440945 40.15748031496063 mille
1581.4960629921259 920.0787401574803 203.1496062992126 40.15748031496063 francs.»
1717.3228346456692 920.0787401574803 67.32283464566929 40.15748031496063 Le

558.6614173228346 959.0551181102362 168.89763779527559 40.15748031496063 payeur,
681.496062992126 959.0551181102362 107.48031496062993 40.15748031496063 par
742.9133858267717 959.0551181102362 107.48031496062993 40.15748031496063 une
804.3307086614174 959.0551181102362 138.18897637795277 40.15748031496063 note,
895.2755905511812 959.0551181102362 168.89763779527559 40.15748031496063 refuse,
1018.1102362204724 959.0551181102362 92.1259842519685 40.15748031496063 ne
1064.1732283464567 959.0551181102362 230.31496062992127 40.15748031496063 connaissant
1248.4251968503936 959.0551181102362 107.48031496062993 40.15748031496063 pas
1309.8425196850394 959.0551181102362 92.1259842519685 40.15748031496063 de
1355.9055118110236 959.0551181102362 107.48031496062993 40.15748031496063 loi
1417.3228346456692 959.0551181102362 107.48031496062993 40.15748031496063 qui
1478.740157480315 959.0551181102362 184.251968503937 40.15748031496063 autorise
1615.748031496063 959.0551181102362 92.1259842519685 40.15748031496063 le
1646.4566929133857 959.0551181102362 138.18897637795277 40.15748031496063 général

558.6614173228346 1000.3937007874016 80.31496062992126 31.88976377952756 à
590.5511811023622 1000.3937007874016 175.98425196850394 31.88976377952756 assurer
718.1102362204724 1000.3937007874016 95.66929133858268 31.88976377952756 ce
750.0 1000.3937007874016 207.8740157480315 31.88976377952756 traitement.

474.8031496062992 1050.0 177.16535433070865 56.69291338582677 140.
585.8267716535433 1050.0 199.60629921259843 56.69291338582677 LE
719.2913385826772 1050.0 288.18897637795277 56.69291338582677 MÊME.
941.3385826771654 1050.0 133.46456692913387 56.69291338582677 L.
1007.4803149606299 1050.0 154.7244094488189 56.69291338582677 s.,
1096.0629921259842 1050.0 199.60629921259843 56.69291338582677 comme
1229.5275590551182 1050.0 244.48818897637796 56.69291338582677 général
1406.6929133858268 1050.0 133.46456692913387 56.69291338582677 en
1472.8346456692914 1050.0 177.16535433070865 56.69291338582677 chef
1583.8582677165355 1050.0 133.46456692913387 56.69291338582677 de
1628.740157480315 1050.0 154.7244094488189 56.69291338582677 l’ar-

524.4094488188977 1104.3307086614172 159.4488188976378 47.24409448818898 mée
615.3543307086615 1104.3307086614172 296.45669291338584 47.24409448818898 d’Egypte,
843.3070866141733 1104.3307086614172 251.5748031496063 47.24409448818898 (écrite
1026.3779527559054 1104.3307086614172 159.4488188976378 47.24409448818898 par
1117.3228346456692 1104.3307086614172 342.5196850393701 47.24409448818898 Bourienne),
1391.3385826771653 1104.3307086614172 137.00787401574803 47.24409448818898 au
1459.8425196850394 1104.3307086614172 251.5748031496063 47.24409448818898 général
1620.4724409448818 1104.3307086614172 159.4488188976378 47.24409448818898 Vial;

530.3149606299213 1149.2125984251968 101.5748031496063 44.881889763779526 le
581.1023622047244 1149.2125984251968 170.07874015748033 44.881889763779526 Caire,
700.3937007874016 1149.2125984251968 101.5748031496063 44.881889763779526 15
751.1811023622047 1149.2125984251968 153.54330708661416 44.881889763779526 vend.
852.7559055118111 1149.2125984251968 101.5748031496063 44.881889763779526 an
903.5433070866142 1149.2125984251968 101.5748031496063 44.881889763779526 7,
955.511811023622 1149.2125984251968 85.03937007874016 44.881889763779526 2
988.5826771653543 1149.2125984251968 101.5748031496063 44.881889763779526 p.
1040.5511811023623 1149.2125984251968 119.29133858267717 44.881889763779526 1/2
1107.8740157480315 1149.2125984251968 170.07874015748033 44.881889763779526 in-f.,
1227.1653543307086 1149.2125984251968 135.82677165354332 44.881889763779526 tête
1312.2047244094488 1149.2125984251968 135.82677165354332 44.881889763779526 imp.
1397.244094488189 1149.2125984251968 204.33070866141733 44.881889763779526 Belle
1533.0708661417323 1149.2125984251968 204.33070866141733 44.881889763779526 pièce.

592.9133858267717 1203.5433070866143 144.09448818897638 38.976377952755904 Ordre
689.7637795275591 1203.5433070866143 209.0551181102362 38.976377952755904 d'établir
850.3937007874016 1203.5433070866143 112.20472440944881 38.976377952755904 des
914.1732283464567 1203.5433070866143 175.98425196850394 38.976377952755904 signaux
1042.9133858267717 1203.5433070866143 128.74015748031496 38.976377952755904 pour
1123.2283464566929 1203.5433070866143 160.62992125984252 38.976377952755904 savoir
1235.4330708661416 1203.5433070866143 128.74015748031496 38.976377952755904 s’il
1315.748031496063 1203.5433070866143 80.31496062992126 38.976377952755904 y
1347.6377952755906 1203.5433070866143 80.31496062992126 38.976377952755904 a
1379.5275590551182 1203.5433070866143 112.20472440944881 38.976377952755904 des
1444.4881889763778 1203.5433070866143 209.0551181102362 38.976377952755904 bâtiments
1605.1181102362204 1203.5433070866143 175.98425196850394 38.976377952755904 anglais
1717.3228346456692 1203.5433070866143 63.77952755905512 38.976377952755904 au

556.2992125984252 1241.3385826771653 145.2755905511811 40.15748031496063 large
653.1496062992126 1241.3385826771653 96.85039370078741 40.15748031496063 de
701.5748031496063 1241.3385826771653 193.70078740157481 40.15748031496063 Damiette
846.8503937007874 1241.3385826771653 113.38582677165354 40.15748031496063 «Je
911.8110236220473 1241.3385826771653 161.81102362204723 40.15748031496063 désire
1024.015748031496 1241.3385826771653 113.38582677165354 40.15748031496063 que
1088.976377952756 1241.3385826771653 128.74015748031496 40.15748031496063 vous
1169.291338582677 1241.3385826771653 177.16535433070865 40.15748031496063 fassiez
1298.0314960629921 1241.3385826771653 225.59055118110237 40.15748031496063 interroger
1476.3779527559054 1241.3385826771653 128.74015748031496 40.15748031496063 tous
1556.6929133858268 1241.3385826771653 113.38582677165354 40.15748031496063 les
1605.1181102362204 1241.3385826771653 177.16535433070865 40.15748031496063 bâtiments

557.4803149606299 1279.1338582677165 98.03149606299213 40.15748031496063 de
607.0866141732283 1279.1338582677165 98.03149606299213 40.15748031496063 la
655.511811023622 1279.1338582677165 227.95275590551182 40.15748031496063 Caramanie,
835.0393700787401 1279.1338582677165 98.03149606299213 40.15748031496063 de
883.4645669291339 1279.1338582677165 162.99212598425197 40.15748031496063 Chipre
998.0314960629921 1279.1338582677165 98.03149606299213 40.15748031496063 et
1047.6377952755906 1279.1338582677165 98.03149606299213 40.15748031496063 du
1096.0629921259842 1279.1338582677165 179.5275590551181 40.15748031496063 pachali
1225.984251968504 1279.1338582677165 98.03149606299213 40.15748031496063 de
1275.5905511811025 1279.1338582677165 196.06299212598427 40.15748031496063 Tripoli,
1422.0472440944882 1279.1338582677165 129.92125984251967 40.15748031496063 pour
1503.5433070866143 1279.1338582677165 162.99212598425197 40.15748031496063 savoir
1618.1102362204724 1279.1338582677165 98.03149606299213 40.15748031496063 de
1651.1811023622047 1279.1338582677165 129.92125984251967 40.15748031496063 quelle

557.4803149606299 1316.9291338582677 181.88976377952756 38.976377952755904 manière
689.7637795275591 1316.9291338582677 82.67716535433071 38.976377952755904 y
722.8346456692914 1316.9291338582677 132.28346456692913 38.976377952755904 sont
805.511811023622 1316.9291338582677 181.88976377952756 38.976377952755904 traités
937.7952755905512 1316.9291338582677 115.74803149606299 38.976377952755904 les
1003.9370078740158 1316.9291338582677 214.96062992125985 38.976377952755904 Français,
1169.291338582677 1316.9291338582677 115.74803149606299 38.976377952755904 les
1236.6141732283465 1316.9291338582677 198.4251968503937 38.976377952755904 consuls,
1385.4330708661416 1316.9291338582677 99.21259842519684 38.976377952755904 et
1435.0393700787401 1316.9291338582677 148.8188976377953 38.976377952755904 enfin
1534.251968503937 1316.9291338582677 132.28346456692913 38.976377952755904 pour
1616.9291338582677 1316.9291338582677 148.8188976377953 38.976377952755904 avoir
1699.6062992125985 1316.9291338582677 82.67716535433071 38.976377952755904 des

556.2992125984252 1355.9055118110236 212.5984251968504 37.79527559055118 nouvelles
720.4724409448819 1355.9055118110236 98.03149606299213 37.79527559055118 de
752.3622047244095 1355.9055118110236 327.1653543307087 37.79527559055118 Constantinople...»

474.8031496062992 1403.1496062992126 167.71653543307087 60.23622047244095 141.
579.9212598425197 1403.1496062992126 188.9763779527559 60.23622047244095 LE
706.2992125984252 1403.1496062992126 272.8346456692913 60.23622047244095 MÊME.
916.5354330708661 1403.1496062992126 126.37795275590551 60.23622047244095 L.
979.1338582677165 1403.1496062992126 126.37795275590551 60.23622047244095 s.
1041.732283464567 1403.1496062992126 126.37795275590551 60.23622047244095 au
1105.5118110236222 1403.1496062992126 272.8346456692913 60.23622047244095 capitaine
1315.748031496063 1403.1496062992126 315.3543307086614 60.23622047244095 Sébastiani;
1567.3228346456692 1403.1496062992126 126.37795275590551 60.23622047244095 le
1609.8425196850394 1403.1496062992126 167.71653543307087 60.23622047244095 Caire,

526.7716535433071 1462.2047244094488 101.5748031496063 46.06299212598425 20
577.5590551181102 1462.2047244094488 152.36220472440945 46.06299212598425 mess,
677.9527559055118 1462.2047244094488 101.5748031496063 46.06299212598425 an
728.7401574803149 1462.2047244094488 101.5748031496063 46.06299212598425 7,
779.5275590551181 1462.2047244094488 118.11023622047244 46.06299212598425 1/2
848.0314960629921 1462.2047244094488 101.5748031496063 46.06299212598425 p.
898.8188976377953 1462.2047244094488 168.89763779527559 46.06299212598425 in-f.,
1016.9291338582677 1462.2047244094488 134.64566929133858 46.06299212598425 tête
1100.7874015748032 1462.2047244094488 134.64566929133858 46.06299212598425 imp.
1185.8267716535433 1462.2047244094488 203.1496062992126 46.06299212598425 Belle
1320.4724409448818 1462.2047244094488 203.1496062992126 46.06299212598425 pièce.

596.4566929133858 1516.5354330708662 95.66929133858268 40.15748031496063 Il
644.8818897637796 1516.5354330708662 112.20472440944881 40.15748031496063 lui
708.6614173228346 1516.5354330708662 159.4488188976378 40.15748031496063 promet
820.8661417322835 1516.5354330708662 256.2992125984252 40.15748031496063 l’avancement
1028.740157480315 1516.5354330708662 112.20472440944881 40.15748031496063 que
1092.5196850393702 1516.5354330708662 112.20472440944881 40.15748031496063 lui
1157.4803149606298 1516.5354330708662 159.4488188976378 40.15748031496063 mérite
1268.5039370078741 1516.5354330708662 95.66929133858268 40.15748031496063 sa
1316.9291338582677 1516.5354330708662 144.09448818897638 40.15748031496063 belle
1412.5984251968505 1516.5354330708662 192.51968503937007 40.15748031496063 conduite
1556.6929133858268 1516.5354330708662 159.4488188976378 40.15748031496063 devant
1653.5433070866143 1516.5354330708662 127.55905511811024 40.15748031496063 Saint

539.7637795275591 1557.8740157480315 229.13385826771653 29.52755905511811 Jean

477.1653543307087 1593.3070866141732 165.35433070866142 61.41732283464567 142.
579.9212598425197 1593.3070866141732 186.61417322834646 61.41732283464567 LE
703.9370078740158 1593.3070866141732 269.29133858267716 61.41732283464567 MÊME.
910.6299212598425 1593.3070866141732 124.01574803149606 61.41732283464567 L.
973.2283464566929 1593.3070866141732 124.01574803149606 61.41732283464567 s.
1034.6456692913387 1593.3070866141732 227.95275590551182 61.41732283464567 (écrite
1200.0 1593.3070866141732 145.2755905511811 61.41732283464567 par
1282.6771653543308 1593.3070866141732 289.37007874015745 61.41732283464567 Bourienne)
1510.6299212598426 1593.3070866141732 124.01574803149606 61.41732283464567 au
1572.0472440944882 1593.3070866141732 206.69291338582678 61.41732283464567 préfet
1696.0629921259842 1593.3070866141732 82.67716535433071 61.41732283464567 du

524.4094488188977 1653.5433070866143 212.5984251968504 47.24409448818898 Rhône;
673.2283464566929 1653.5433070866143 212.5984251968504 47.24409448818898 Milan,
822.0472440944882 1653.5433070866143 127.55905511811024 47.24409448818898 15
885.8267716535433 1653.5433070866143 212.5984251968504 47.24409448818898 prair.
1034.6456692913387 1653.5433070866143 127.55905511811024 47.24409448818898 an
1098.4251968503936 1653.5433070866143 127.55905511811024 47.24409448818898 8,
1162.2047244094488 1653.5433070866143 148.8188976377953 47.24409448818898 3/4
1247.244094488189 1653.5433070866143 127.55905511811024 47.24409448818898 de
1311.023622047244 1653.5433070866143 127.55905511811024 47.24409448818898 p.
1374.8031496062993 1653.5433070866143 191.33858267716536 47.24409448818898 in-4,
1502.3622047244094 1653.5433070866143 276.37795275590554 47.24409448818898 vignette.
1693.7007874015749 1653.5433070866143 85.03937007874016 47.24409448818898 Un

525.5905511811023 1699.6062992125985 146.45669291338584 46.06299212598425 peu
589.3700787401575 1699.6062992125985 210.23622047244095 46.06299212598425 frippée.

594.0944881889764 1751.5748031496064 180.70866141732284 35.43307086614173 Annonce
726.3779527559055 1751.5748031496064 99.21259842519684 35.43307086614173 de
774.8031496062993 1751.5748031496064 115.74803149606299 35.43307086614173 son
840.9448818897638 1751.5748031496064 180.70866141732284 35.43307086614173 arrivée
972.0472440944882 1751.5748031496064 82.67716535433071 35.43307086614173 à
1005.1181102362204 1751.5748031496064 164.17322834645668 35.43307086614173 Milan,
1120.8661417322835 1751.5748031496064 99.21259842519684 35.43307086614173 et
1170.4724409448818 1751.5748031496064 99.21259842519684 35.43307086614173 de
1218.8976377952756 1751.5748031496064 115.74803149606299 35.43307086614173 ses
1285.0393700787401 1751.5748031496064 197.24409448818898 35.43307086614173 derniers
1432.6771653543308 1751.5748031496064 164.17322834645668 35.43307086614173 succès
1548.4251968503936 1751.5748031496064 115.74803149606299 35.43307086614173 sur
1598.0314960629921 1751.5748031496064 180.70866141732284 35.43307086614173 l’ennemi.

475.98425196850394 1794.0944881889764 151.1811023622047 63.77952755905512 143.
570.4724409448819 1794.0944881889764 170.07874015748033 63.77952755905512 LE
683.8582677165355 1794.0944881889764 245.66929133858267 63.77952755905512 MÊME.
871.6535433070866 1794.0944881889764 245.66929133858267 63.77952755905512 Apostille
1060.6299212598426 1794.0944881889764 151.1811023622047 63.77952755905512 sig,
1155.1181102362204 1794.0944881889764 245.66929133858267 63.77952755905512 N.
1344.0944881889764 1794.0944881889764 132.28346456692913 63.77952755905512 sur
1419.6850393700788 1794.0944881889764 113.38582677165354 63.77952755905512 un
1475.1968503937007 1794.0944881889764 207.8740157480315 63.77952755905512 rapport
1626.3779527559054 1794.0944881889764 151.1811023622047 63.77952755905512 sig.
1701.9685039370079 1794.0944881889764 75.59055118110236 63.77952755905512 de

522.0472440944882 1854.3307086614172 285.8267716535433 46.06299212598425 Berthier,
742.9133858267717 1854.3307086614172 242.1259842519685 46.06299212598425 relatif
918.8976377952756 1854.3307086614172 132.28346456692913 46.06299212598425 au
985.0393700787401 1854.3307086614172 242.1259842519685 46.06299212598425 général
1161.023622047244 1854.3307086614172 219.68503937007873 46.06299212598425 Férey;
1314.5669291338584 1854.3307086614172 219.68503937007873 46.06299212598425 Paris,
1468.1102362204724 1854.3307086614172 132.28346456692913 46.06299212598425 13
1534.251968503937 1854.3307086614172 175.98425196850394 46.06299212598425 août
1622.8346456692914 1854.3307086614172 153.54330708661416 46.06299212598425 1810,

529.1338582677165 1900.3937007874015 87.4015748031496 43.7007874015748 1
564.5669291338583 1900.3937007874015 105.11811023622047 43.7007874015748 p.
598.8188976377953 1900.3937007874015 122.83464566929133 43.7007874015748 in

474.8031496062992 1958.267716535433 167.71653543307087 51.968503937007874 144.
579.9212598425197 1958.267716535433 356.6929133858268 51.968503937007874 ORNANO
874.0157480314961 1958.267716535433 272.8346456692913 51.968503937007874 (Alphonse
1084.251968503937 1958.267716535433 167.71653543307087 51.968503937007874 d’),
1188.1889763779527 1958.267716535433 399.21259842519686 51.968503937007874 colonel-général
1524.8031496062993 1958.267716535433 146.45669291338584 51.968503937007874 des
1587.4015748031495 1958.267716535433 188.9763779527559 51.968503937007874 Corses,

523.2283464566929 2006.6929133858268 287.00787401574803 53.1496062992126 gouverneur
748.8188976377953 2006.6929133858268 122.83464566929133 53.1496062992126 du
810.2362204724409 2006.6929133858268 245.66929133858267 53.1496062992126 Dauphiné
994.488188976378 2006.6929133858268 225.59055118110237 53.1496062992126 pendant
1158.6614173228347 2006.6929133858268 122.83464566929133 53.1496062992126 la
1220.0787401574803 2006.6929133858268 205.51181102362204 53.1496062992126 Ligue,
1364.1732283464567 2006.6929133858268 245.66929133858267 53.1496062992126 maréchal
1548.4251968503936 2006.6929133858268 122.83464566929133 53.1496062992126 de
1589.763779527559 2006.6929133858268 184.251968503937 53.1496062992126 France.

569.2913385826772 2065.748031496063 106.2992125984252 48.425196850393704 3
611.8110236220473 2065.748031496063 170.07874015748033 48.425196850393704 let.
718.1102362204724 2065.748031496063 170.07874015748033 48.425196850393704 sig.
823.2283464566929 2065.748031496063 106.2992125984252 48.425196850393704 à
865.7480314960629 2065.748031496063 127.55905511811024 48.425196850393704 M.
929.5275590551181 2065.748031496063 232.6771653543307 48.425196850393704 Girard,
1099.6062992125985 2065.748031496063 317.7165354330709 48.425196850393704 commissaire
1353.5433070866143 2065.748031496063 148.8188976377953 48.425196850393704 des
1438.5826771653544 2065.748031496063 232.6771653543307 48.425196850393704 guerres
1607.4803149606298 2065.748031496063 127.55905511811024 48.425196850393704 en
1650.0 2065.748031496063 127.55905511811024 48.425196850393704 Lan-

520.8661417322835 2109.448818897638 246.8503937007874 49.60629921259842 guedoc;
700.3937007874016 2109.448818897638 201.96850393700788 49.60629921259842 Lyon,
835.0393700787401 2109.448818897638 471.25984251968504 49.60629921259842 Pont-Saint-Esprit
1237.7952755905512 2109.448818897638 134.64566929133858 49.60629921259842 et
1305.1181102362204 2109.448818897638 291.73228346456693 49.60629921259842 Bordeaux,
1507.0866141732283 2109.448818897638 269.29133858267716 49.60629921259842 1595

523.2283464566929 2157.8740157480315 90.94488188976378 44.881889763779526 3
558.6614173228346 2157.8740157480315 108.66141732283465 44.881889763779526 p.
595.2755905511812 2157.8740157480315 127.55905511811024 44.881889763779526 in

472.4409448818898 2216.9291338582675 171.25984251968504 53.1496062992126 145.
578.7401574803149 2216.9291338582675 363.7795275590551 53.1496062992126 ORNANO
878.7401574803149 2216.9291338582675 192.51968503937007 53.1496062992126 (Anne
1007.4803149606299 2216.9291338582675 171.25984251968504 53.1496062992126 d'),
1113.7795275590552 2216.9291338582675 192.51968503937007 53.1496062992126 fille
1242.5196850393702 2216.9291338582675 128.74015748031496 53.1496062992126 du
1306.2992125984251 2216.9291338582675 278.74015748031496 53.1496062992126 maréchal,
1521.259842519685 2216.9291338582675 192.51968503937007 53.1496062992126 femme
1627.5590551181103 2216.9291338582675 150.0 53.1496062992126 d'An-

522.0472440944882 2267.716535433071 188.9763779527559 42.51968503937008 toine
648.4251968503937 2267.716535433071 125.19685039370079 42.51968503937008 du
711.0236220472441 2267.716535433071 209.0551181102362 42.51968503937008 Roure,
857.4803149606299 2267.716535433071 188.9763779527559 42.51968503937008 comte
982.6771653543307 2267.716535433071 125.19685039370079 42.51968503937008 de
1025.1968503937007 2267.716535433071 314.1732283464567 42.51968503937008 Saint

568.1102362204724 2324.4094488188975 103.93700787401575 46.06299212598425 2
610.6299212598425 2324.4094488188975 125.19685039370079 46.06299212598425 l.
673.2283464566929 2324.4094488188975 125.19685039370079 46.06299212598425 a.
735.8267716535433 2324.4094488188975 125.19685039370079 46.06299212598425 s.
797.2440944881889 2324.4094488188975 103.93700787401575 46.06299212598425 à
839.7637795275591 2324.4094488188975 125.19685039370079 46.06299212598425 M.
902.3622047244095 2324.4094488188975 250.39370078740157 46.06299212598425 Guiloit;
1090.1574803149606 2324.4094488188975 125.19685039370079 46.06299212598425 le
1152.755905511811 2324.4094488188975 270.4724409448819 46.06299212598425 Bousquet,
1360.6299212598426 2324.4094488188975 187.79527559055117 46.06299212598425 1628,
1485.8267716535433 2324.4094488188975 103.93700787401575 46.06299212598425 1
1527.1653543307086 2324.4094488188975 125.19685039370079 46.06299212598425 p.
1589.763779527559 2324.4094488188975 187.79527559055117 46.06299212598425 in-f.
1693.7007874015749 2324.4094488188975 83.85826771653544 46.06299212598425 et

526.7716535433071 2371.6535433070867 92.1259842519685 44.881889763779526 1
563.3858267716536 2371.6535433070867 109.84251968503936 44.881889763779526 p.
600.0 2371.6535433070867 128.74015748031496 44.881889763779526 in

472.4409448818898 2431.8897637795276 162.99212598425197 48.425196850393704 146.
574.0157480314961 2431.8897637795276 367.3228346456693 48.425196850393704 PALLOY,
879.9212598425197 2431.8897637795276 204.33070866141733 48.425196850393704 fameux
1022.8346456692914 2431.8897637795276 407.4803149606299 48.425196850393704 révolutionnaire,
1370.0787401574803 2431.8897637795276 142.91338582677164 48.425196850393704 qui
1451.5748031496064 2431.8897637795276 224.40944881889763 48.425196850393704 démolit
1614.5669291338584 2431.8897637795276 122.83464566929133 48.425196850393704 la
1654.724409448819 2431.8897637795276 122.83464566929133 48.425196850393704 Bas-

524.4094488188977 2481.496062992126 175.98425196850394 47.24409448818898 tille,
647.2440944881889 2481.496062992126 158.26771653543307 47.24409448818898 connu
753.5433070866142 2481.496062992126 140.5511811023622 47.24409448818898 sous
840.9448818897638 2481.496062992126 105.11811023622047 47.24409448818898 le
894.0944881889764 2481.496062992126 122.83464566929133 47.24409448818898 nom
963.7795275590552 2481.496062992126 105.11811023622047 47.24409448818898 de
1016.9291338582677 2481.496062992126 263.38582677165357 47.24409448818898 patriote
1210.6299212598426 2481.496062992126 227.95275590551182 47.24409448818898 Palloy.

569.2913385826772 2537.0078740157483 204.33070866141733 47.24409448818898 Minute
712.2047244094488 2537.0078740157483 122.83464566929133 47.24409448818898 de
773.6220472440945 2537.0078740157483 225.59055118110237 47.24409448818898 lettre,
937.7952755905512 2537.0078740157483 122.83464566929133 47.24409448818898 en
999.2125984251968 2537.0078740157483 204.33070866141733 47.24409448818898 partie
1142.1259842519685 2537.0078740157483 184.251968503937 47.24409448818898 aut.,
1264.9606299212599 2537.0078740157483 122.83464566929133 47.24409448818898 et
1326.3779527559054 2537.0078740157483 184.251968503937 47.24409448818898 sig.,
1449.2125984251968 2537.0078740157483 102.75590551181102 47.24409448818898 à
1469.291338582677 2537.0078740157483 307.0866141732283 47.24409448818898 Collot-

520.8661417322835 2583.0708661417325 175.98425196850394 47.24409448818898 bois;
638.9763779527559 2583.0708661417325 118.11023622047244 47.24409448818898 24
698.0314960629921 2583.0708661417325 157.08661417322836 47.24409448818898 déc.
796.0629921259842 2583.0708661417325 175.98425196850394 47.24409448818898 1792,
912.992125984252 2583.0708661417325 98.03149606299213 47.24409448818898 3
953.1496062992126 2583.0708661417325 118.11023622047244 47.24409448818898 p.
992.1259842519685 2583.0708661417325 137.00787401574803 47.24409448818898 in

589.3700787401575 2638.582677165354 122.83464566929133 38.976377952755904 Très
666.1417322834645 2638.582677165354 185.43307086614172 38.976377952755904 curieuse
805.511811023622 2638.582677165354 170.07874015748033 38.976377952755904 épître:
928.3464566929134 2638.582677165354 138.18897637795277 38.976377952755904 envoi
1020.4724409448819 2638.582677165354 138.18897637795277 38.976377952755904 d’une
1113.7795275590552 2638.582677165354 185.43307086614172 38.976377952755904 médaille
1251.9685039370079 2638.582677165354 200.78740157480314 38.976377952755904 provenant
1406.6929133858268 2638.582677165354 122.83464566929133 38.976377952755904 d'un
1483.4645669291338 2638.582677165354 107.48031496062993 38.976377952755904 des
1529.5275590551182 2638.582677165354 246.8503937007874 38.976377952755904 carcans

552.7559055118111 2675.196850393701 135.82677165354332 40.15748031496063 de
643.7007874015748 2675.196850393701 90.94488188976378 40.15748031496063 la
688.5826771653543 2675.196850393701 256.2992125984252 40.15748031496063 Bastille;
900.0 2675.196850393701 135.82677165354332 40.15748031496063 éloge
990.9448818897638 2675.196850393701 211.41732283464566 40.15748031496063 amphatique
1156.2992125984251 2675.196850393701 90.94488188976378 40.15748031496063 de
1202.3622047244094 2675.196850393701 256.2992125984252 40.15748031496063 l'Almanach
1412.5984251968505 2675.196850393701 90.94488188976378 40.15748031496063 du
1458.6614173228347 2675.196850393701 120.4724409448819 40.15748031496063 père
1534.251968503937 2675.196850393701 226.77165354330708 40.15748031496063 Gerard;
1699.6062992125985 2675.196850393701 75.59055118110236 40.15748031496063 ré-

551.5748031496063 2710.6299212598424 210.23622047244095 43.7007874015748 flexions
708.6614173228346 2710.6299212598424 122.83464566929133 43.7007874015748 peu
779.5275590551181 2710.6299212598424 244.48818897637796 43.7007874015748 orthodoxes
970.8661417322835 2710.6299212598424 122.83464566929133 43.7007874015748 sur
1041.732283464567 2710.6299212598424 105.11811023622047 43.7007874015748 le
1093.7007874015749 2710.6299212598424 279.9212598425197 43.7007874015748 remplacement
1320.4724409448818 2710.6299212598424 122.83464566929133 43.7007874015748 des
1390.1574803149606 2710.6299212598424 174.8031496062992 43.7007874015748 saints
1512.992125984252 2710.6299212598424 122.83464566929133 43.7007874015748 par
1582.6771653543308 2710.6299212598424 122.83464566929133 43.7007874015748 les
1635.8267716535433 2710.6299212598424 139.37007874015748 43.7007874015748 grands

550.3937007874016 2753.149606299213 162.99212598425197 38.976377952755904 hommes
664.9606299212599 2753.149606299213 98.03149606299213 38.976377952755904 et
713.3858267716536 2753.149606299213 114.56692913385827 38.976377952755904 les
778.3464566929134 2753.149606299213 261.0236220472441 38.976377952755904 philosophes:
990.9448818897638 2753.149606299213 146.45669291338584 38.976377952755904 quant
1088.976377952756 2753.149606299213 81.49606299212599 38.976377952755904 à
1120.8661417322835 2753.149606299213 129.92125984251967 38.976377952755904 lui,
1202.3622047244094 2753.149606299213 98.03149606299213 38.976377952755904 il
1250.7874015748032 2753.149606299213 162.99212598425197 38.976377952755904 adopte
1365.3543307086613 2753.149606299213 179.5275590551181 38.976377952755904 Diogène
1495.275590551181 2753.149606299213 129.92125984251967 38.976377952755904 pour
1576.7716535433071 2753.149606299213 114.56692913385827 38.976377952755904 son
1626.3779527559054 2753.149606299213 146.45669291338584 38.976377952755904 patron.

471.25984251968504 2811.0236220472443 157.08661417322836 49.60629921259842 147.
570.4724409448819 2811.0236220472443 354.3307086614173 49.60629921259842 PARISET
865.7480314960629 2811.0236220472443 197.24409448818898 49.60629921259842 (Et.),
1003.9370078740158 2811.0236220472443 236.2204724409449 49.60629921259842 médecin,
1181.1023622047244 2811.0236220472443 216.14173228346456 49.60629921259842 élégant
1338.1889763779527 2811.0236220472443 236.2204724409449 49.60629921259842 écrivain
1515.3543307086613 2811.0236220472443 138.18897637795277 49.60629921259842 sur
1594.4881889763778 2811.0236220472443 138.18897637795277 49.60629921259842 son
1653.5433070866143 2811.0236220472443 118.11023622047244 49.60629921259842 art,

518.503937007874 2859.448818897638 124.01574803149606 48.425196850393704 né
579.9212598425197 2859.448818897638 165.35433070866142 48.425196850393704 dans
682.6771653543307 2859.448818897638 144.09448818897638 48.425196850393704 les
745.2755905511812 2859.448818897638 185.43307086614172 48.425196850393704 Vosges.
