2192.1259842519685 3356.6929133858266
955.511811023622 416.92913385826773 159.4488188976378 37.79527559055118 —
1019.2913385826772 416.92913385826773 191.33858267716536 37.79527559055118 21
1083.0708661417323 416.92913385826773 95.66929133858268 37.79527559055118 —

512.5984251968504 493.7007874015748 101.5748031496063 54.330708661417326 2
552.7559055118111 493.7007874015748 161.81102362204723 54.330708661417326 let.
654.3307086614174 493.7007874015748 161.81102362204723 54.330708661417326 aut.
754.7244094488188 493.7007874015748 161.81102362204723 54.330708661417326 sig.
856.2992125984252 493.7007874015748 101.5748031496063 54.330708661417326 à
896.4566929133858 493.7007874015748 201.96850393700788 54.330708661417326 Albert
1038.1889763779527 493.7007874015748 283.46456692913387 54.330708661417326 Montémont,
1261.4173228346456 493.7007874015748 243.30708661417322 54.330708661417326 1844-46,
1443.3070866141732 493.7007874015748 101.5748031496063 54.330708661417326 3
1483.4645669291338 493.7007874015748 121.65354330708661 54.330708661417326 p.
1523.6220472440946 493.7007874015748 141.73228346456693 54.330708661417326 in

531.496062992126 550.3937007874016 161.81102362204723 47.24409448818898 Toutes
644.8818897637796 550.3937007874016 129.92125984251967 47.24409448818898 deux
726.3779527559055 550.3937007874016 210.23622047244095 47.24409448818898 relatives
888.1889763779527 550.3937007874016 81.49606299212599 47.24409448818898 à
920.0787401574803 550.3937007874016 113.38582677165354 47.24409448818898 des
985.0393700787401 550.3937007874016 161.81102362204723 47.24409448818898 toasts
1098.4251968503936 550.3937007874016 161.81102362204723 47.24409448818898 portés
1211.8110236220473 550.3937007874016 113.38582677165354 47.24409448818898 par
1276.7716535433071 550.3937007874016 113.38582677165354 47.24409448818898 lui
1341.732283464567 550.3937007874016 96.85039370078741 47.24409448818898 en
1390.1574803149606 550.3937007874016 210.23622047244095 47.24409448818898 l'honneur
1551.9685039370079 550.3937007874016 96.85039370078741 47.24409448818898 du
1583.8582677165355 550.3937007874016 129.92125984251967 47.24409448818898 dépar-

492.5196850393701 591.7322834645669 168.89763779527559 40.15748031496063 tement
610.6299212598425 591.7322834645669 118.11023622047244 40.15748031496063 des
661.4173228346457 591.7322834645669 152.36220472440945 40.15748031496063 Vosges.

412.20472440944883 641.3385826771654 188.9763779527559 55.511811023622045 148.
530.3149606299213 641.3385826771654 450.0 55.511811023622045 PASQUIER
909.4488188976378 641.3385826771654 165.35433070866142 55.511811023622045 (le
1003.9370078740158 641.3385826771654 213.7795275590551 55.511811023622045 duc),
1146.8503937007874 641.3385826771654 213.7795275590551 55.511811023622045 homme
1288.5826771653544 641.3385826771654 261.0236220472441 55.511811023622045 d’Etat,
1477.5590551181103 641.3385826771654 237.4015748031496 55.511811023622045 membre
1620.4724409448818 641.3385826771654 94.48818897637796 55.511811023622045 de

466.53543307086613 693.3070866141733 210.23622047244095 40.15748031496063 l’Acad.
600.0 693.3070866141733 152.36220472440945 40.15748031496063 franc.

511.4173228346457 746.4566929133858 93.30708661417323 47.24409448818898 2
549.2125984251968 746.4566929133858 148.8188976377953 47.24409448818898 let.
642.5196850393701 746.4566929133858 148.8188976377953 47.24409448818898 aut.
734.6456692913385 746.4566929133858 167.71653543307087 47.24409448818898 sig.,
846.8503937007874 746.4566929133858 167.71653543307087 47.24409448818898 1831,
959.0551181102362 746.4566929133858 93.30708661417323 47.24409448818898 2
995.6692913385826 746.4566929133858 112.20472440944881 47.24409448818898 p.
1033.4645669291338 746.4566929133858 129.92125984251967 47.24409448818898 in

414.56692913385825 803.1496062992126 158.26771653543307 55.511811023622045 149.
513.7795275590552 803.1496062992126 354.3307086614173 55.511811023622045 PEIGNOT
809.0551181102362 803.1496062992126 276.37795275590554 55.511811023622045 (Gabriel),
1026.3779527559054 803.1496062992126 217.3228346456693 55.511811023622045 célèbre
1183.4645669291338 803.1496062992126 315.3543307086614 55.511811023622045 bibliographe
1439.763779527559 803.1496062992126 118.11023622047244 55.511811023622045 et
1498.8188976377953 803.1496062992126 197.24409448818898 55.511811023622045 érudit
1618.1102362204724 803.1496062992126 98.03149606299213 55.511811023622045 di

442.9133858267717 855.1181102362204 190.15748031496062 49.60629921259842 jonnais.

510.23622047244095 904.7244094488188 121.65354330708661 49.60629921259842 L.
570.4724409448819 904.7244094488188 121.65354330708661 49.60629921259842 a.
631.8897637795276 904.7244094488188 121.65354330708661 49.60629921259842 s.
692.1259842519685 904.7244094488188 101.5748031496063 49.60629921259842 à
733.4645669291339 904.7244094488188 243.30708661417322 49.60629921259842 Amanton;
915.3543307086615 904.7244094488188 203.1496062992126 49.60629921259842 Dijon,
1058.267716535433 904.7244094488188 121.65354330708661 49.60629921259842 27
1118.5039370078741 904.7244094488188 161.81102362204723 49.60629921259842 déc.
1220.0787401574803 904.7244094488188 183.0708661417323 49.60629921259842 1832,
1341.732283464567 904.7244094488188 101.5748031496063 49.60629921259842 3
1381.8897637795276 904.7244094488188 121.65354330708661 49.60629921259842 p.
1423.2283464566929 904.7244094488188 141.73228346456693 49.60629921259842 in

531.496062992126 959.0551181102362 196.06299212598427 44.881889763779526 Relative
679.1338582677165 959.0551181102362 81.49606299212599 44.881889763779526 à
712.2047244094488 959.0551181102362 98.03149606299213 44.881889763779526 la
760.6299212598425 959.0551181102362 147.63779527559055 44.881889763779526 vente
859.8425196850394 959.0551181102362 98.03149606299213 44.881889763779526 de
908.2677165354331 959.0551181102362 98.03149606299213 44.881889763779526 la
957.8740157480315 959.0551181102362 262.20472440944883 44.881889763779526 bibliothèque
1170.4724409448818 959.0551181102362 229.13385826771653 44.881889763779526 d'Amanton,
1351.1811023622047 959.0551181102362 98.03149606299213 44.881889763779526 et
1399.6062992125985 959.0551181102362 81.49606299212599 44.881889763779526 à
1432.6771653543308 959.0551181102362 98.03149606299213 44.881889763779526 un
1482.283464566929 959.0551181102362 180.70866141732284 44.881889763779526 vacarme
1613.3858267716535 959.0551181102362 114.56692913385827 44.881889763779526 qui
1661.8110236220473 959.0551181102362 49.60629921259842 44.881889763779526 a

491.33858267716533 998.0314960629921 105.11811023622047 42.51968503937008 eu
544.488188976378 998.0314960629921 139.37007874015748 42.51968503937008 lieu
630.7086614173228 998.0314960629921 139.37007874015748 42.51968503937008 dans
718.1102362204724 998.0314960629921 209.0551181102362 42.51968503937008 l’église
875.1968503937007 998.0314960629921 105.11811023622047 42.51968503937008 de
927.1653543307086 998.0314960629921 314.1732283464567 42.51968503937008 Saint-Bénigne,
1189.3700787401574 998.0314960629921 105.11811023622047 42.51968503937008 de
1241.3385826771653 998.0314960629921 174.8031496062992 42.51968503937008 Dijon,
1364.1732283464567 998.0314960629921 191.33858267716536 42.51968503937008 pendant
1503.5433070866143 998.0314960629921 105.11811023622047 42.51968503937008 la
1555.5118110236222 998.0314960629921 157.08661417322836 42.51968503937008 messe
1642.9133858267717 998.0314960629921 69.68503937007874 42.51968503937008 de

475.98425196850394 1040.5511811023623 141.73228346456693 31.88976377952756 minuit.

413.38582677165357 1080.708661417323 161.81102362204723 66.14173228346456 150.
514.9606299212599 1080.708661417323 181.88976377952756 66.14173228346456 LE
636.6141732283464 1080.708661417323 263.38582677165357 66.14173228346456 MÊME.
838.5826771653543 1080.708661417323 101.5748031496063 66.14173228346456 3
878.7401574803149 1080.708661417323 121.65354330708661 66.14173228346456 l.
940.1574803149606 1080.708661417323 121.65354330708661 66.14173228346456 a.
1000.3937007874016 1080.708661417323 121.65354330708661 66.14173228346456 s.
1061.8110236220473 1080.708661417323 121.65354330708661 66.14173228346456 au
1122.0472440944882 1080.708661417323 181.88976377952756 66.14173228346456 même;
1243.7007874015749 1080.708661417323 203.1496062992126 66.14173228346456 Dijon,
1385.4330708661416 1080.708661417323 181.88976377952756 66.14173228346456 1834,
1507.0866141732283 1080.708661417323 101.5748031496063 66.14173228346456 3
1548.4251968503936 1080.708661417323 121.65354330708661 66.14173228346456 p.
1588.5826771653544 1080.708661417323 121.65354330708661 66.14173228346456 1/2,

461.81102362204723 1144.4881889763778 151.1811023622047 46.06299212598425 in-4
556.2992125984252 1144.4881889763778 113.38582677165354 46.06299212598425 et
612.992125984252 1144.4881889763778 94.48818897637796 46.06299212598425 6
650.7874015748032 1144.4881889763778 113.38582677165354 46.06299212598425 p.
688.5826771653543 1144.4881889763778 132.28346456692913 46.06299212598425 in

530.3149606299213 1194.0944881889764 210.23622047244095 43.7007874015748 Relatives
692.1259842519685 1194.0944881889764 80.31496062992126 43.7007874015748 à
725.1968503937007 1194.0944881889764 226.77165354330708 43.7007874015748 l'Eloge
902.3622047244095 1194.0944881889764 96.85039370078741 43.7007874015748 du
950.7874015748032 1194.0944881889764 178.3464566929134 43.7007874015748 marquis
1080.708661417323 1194.0944881889764 96.85039370078741 43.7007874015748 de
1129.1338582677165 1194.0944881889764 307.0866141732283 43.7007874015748 Courtivron,
1387.7952755905512 1194.0944881889764 161.81102362204723 43.7007874015748 rédigé
1501.1811023622047 1194.0944881889764 113.38582677165354 43.7007874015748 par
1549.6062992125985 1194.0944881889764 161.81102362204723 43.7007874015748 Amanton.

411.0236220472441 1246.0629921259842 148.8188976377953 55.511811023622045 151.
504.3307086614173 1246.0629921259842 296.45669291338584 55.511811023622045 PIRON
745.2755905511812 1246.0629921259842 240.9448818897638 55.511811023622045 (Alexis),
930.7086614173228 1246.0629921259842 204.33070866141733 55.511811023622045 célèbre
1079.5275590551182 1246.0629921259842 166.53543307086613 55.511811023622045 poète
1190.5511811023623 1246.0629921259842 111.02362204724409 55.511811023622045 du
1246.0629921259842 1246.0629921259842 185.43307086614172 55.511811023622045 XVIIIe
1358.267716535433 1246.0629921259842 166.53543307086613 55.511811023622045 siècle.

509.0551181102362 1303.9370078740158 98.03149606299213 51.968503937007874 2
549.2125984251968 1303.9370078740158 194.88188976377953 51.968503937007874 pièces
685.0393700787401 1303.9370078740158 116.92913385826772 51.968503937007874 de
744.0944881889764 1303.9370078740158 155.90551181102362 51.968503937007874 vers
840.9448818897638 1303.9370078740158 175.98425196850394 51.968503937007874 aut.,
957.8740157480315 1303.9370078740158 175.98425196850394 51.968503937007874 1762,
1074.8031496062993 1303.9370078740158 98.03149606299213 51.968503937007874 2
1113.7795275590552 1303.9370078740158 116.92913385826772 51.968503937007874 p.
1152.755905511811 1303.9370078740158 137.00787401574803 51.968503937007874 in

531.496062992126 1355.9055118110236 96.85039370078741 48.425196850393704 La
579.9212598425197 1355.9055118110236 193.70078740157481 48.425196850393704 première
726.3779527559055 1355.9055118110236 96.85039370078741 48.425196850393704 de
774.8031496062993 1355.9055118110236 113.38582677165354 48.425196850393704 ces
839.7637795275591 1355.9055118110236 129.92125984251967 48.425196850393704 deux
920.0787401574803 1355.9055118110236 161.81102362204723 48.425196850393704 pièces
1033.4645669291338 1355.9055118110236 113.38582677165354 48.425196850393704 est
1098.4251968503936 1355.9055118110236 113.38582677165354 48.425196850393704 une
1162.2047244094488 1355.9055118110236 275.1968503937008 48.425196850393704 Enigme
1388.976377952756 1355.9055118110236 113.38582677165354 48.425196850393704 sur
1453.9370078740158 1355.9055118110236 96.85039370078741 48.425196850393704 la
1502.3622047244094 1355.9055118110236 210.23622047244095 48.425196850393704 colonnade
1647.6377952755906 1355.9055118110236 64.96062992125984 48.425196850393704 du

493.7007874015748 1394.8818897637796 172.44094488188978 44.881889763779526 Louvre;
618.8976377952756 1394.8818897637796 172.44094488188978 44.881889763779526 l’autre
744.0944881889764 1394.8818897637796 77.95275590551181 44.881889763779526 a
774.8031496062993 1394.8818897637796 125.19685039370079 44.881889763779526 pour
853.9370078740158 1394.8818897637796 157.08661417322836 44.881889763779526 titre:
963.7795275590552 1394.8818897637796 140.5511811023622 44.881889763779526 La
1057.0866141732283 1394.8818897637796 157.08661417322836 44.881889763779526 Chaîne
1166.9291338582677 1394.8818897637796 109.84251968503936 44.881889763779526 des
1229.5275590551182 1394.8818897637796 235.03937007874015 44.881889763779526 événements,
1417.3228346456692 1394.8818897637796 219.68503937007873 44.881889763779526 conte,
1589.763779527559 1394.8818897637796 94.48818897637796 44.881889763779526 et
1620.4724409448818 1394.8818897637796 94.48818897637796 44.881889763779526 com-

491.33858267716533 1439.763779527559 147.63779527559055 40.15748031496063 mence
589.3700787401575 1439.763779527559 114.56692913385827 40.15748031496063 par
655.511811023622 1439.763779527559 114.56692913385827 40.15748031496063 ces
720.4724409448819 1439.763779527559 147.63779527559055 40.15748031496063 trois
801.9685039370079 1439.763779527559 114.56692913385827 40.15748031496063 vers:

738.1889763779527 1482.283464566929 124.01574803149606 29.52755905511811 Comme
820.8661417322835 1482.283464566929 151.1811023622047 29.52755905511811 souvent
930.7086614173228 1482.283464566929 109.84251968503936 29.52755905511811 tout
999.2125984251968 1482.283464566929 164.17322834645668 29.52755905511811 s’enfile
1109.0551181102362 1482.283464566929 137.00787401574803 29.52755905511811 ici

740.5511811023622 1516.5354330708662 96.85039370078741 33.07086614173228 Des
796.0629921259842 1516.5354330708662 193.70078740157481 33.07086614173228 Bernardins
948.4251968503937 1516.5354330708662 193.70078740157481 33.07086614173228 pâturaient
1099.6062992125985 1516.5354330708662 82.67716535433071 33.07086614173228 en
1140.9448818897638 1516.5354330708662 111.02362204724409 33.07086614173228 lieu
1196.4566929133857 1516.5354330708662 96.85039370078741 33.07086614173228 gras.

738.1889763779527 1550.7874015748032 109.84251968503936 27.165354330708663 Près
806.6929133858267 1550.7874015748032 81.49606299212599 27.165354330708663 de
848.0314960629921 1550.7874015748032 109.84251968503936 27.165354330708663 leur
916.5354330708661 1550.7874015748032 109.84251968503936 27.165354330708663 clos
985.0393700787401 1550.7874015748032 164.17322834645668 27.165354330708663 vivaient
1107.8740157480315 1550.7874015748032 95.66929133858268 27.165354330708663 des
1149.2125984251968 1550.7874015748032 191.33858267716536 27.165354330708663 Bernardines.

412.20472440944883 1588.5826771653544 157.08661417322836 66.14173228346456 152.
511.4173228346457 1588.5826771653544 177.16535433070865 66.14173228346456 LE
629.5275590551181 1588.5826771653544 256.2992125984252 66.14173228346456 MÊME.
825.5905511811023 1588.5826771653544 216.14173228346456 66.14173228346456 Noël
983.8582677165355 1588.5826771653544 236.2204724409449 66.14173228346456 pour
1159.8425196850394 1588.5826771653544 177.16535433070865 66.14173228346456 1763,
1277.9527559055118 1588.5826771653544 256.2992125984252 66.14173228346456 manuscrit
1475.1968503937007 1588.5826771653544 177.16535433070865 66.14173228346456 aut.,
1593.3070866141732 1588.5826771653544 118.11023622047244 66.14173228346456 17
1632.283464566929 1588.5826771653544 79.13385826771653 66.14173228346456 p.

439.37007874015745 1653.5433070866143 131.10236220472441 34.25196850393701 in

530.3149606299213 1697.244094488189 146.45669291338584 43.7007874015748 Revue
628.3464566929134 1697.244094488189 211.41732283464566 43.7007874015748 satirique
790.1574803149606 1697.244094488189 96.85039370078741 43.7007874015748 de
838.5826771653543 1697.244094488189 226.77165354330708 43.7007874015748 l’Académie
1016.9291338582677 1697.244094488189 226.77165354330708 43.7007874015748 française,
1195.275590551181 1697.244094488189 113.38582677165354 43.7007874015748 qui
1260.236220472441 1697.244094488189 96.85039370078741 43.7007874015748 se
1309.8425196850394 1697.244094488189 194.88188976377953 43.7007874015748 présente
1455.1181102362204 1697.244094488189 96.85039370078741 43.7007874015748 en
1503.5433070866143 1697.244094488189 146.45669291338584 43.7007874015748 corps
1585.0393700787401 1697.244094488189 129.92125984251967 43.7007874015748 devant

491.33858267716533 1736.2204724409448 102.75590551181102 41.338582677165356 le
543.3070866141733 1736.2204724409448 188.9763779527559 41.338582677165356 berceau
681.496062992126 1736.2204724409448 102.75590551181102 41.338582677165356 de
732.2834645669292 1736.2204724409448 172.44094488188978 41.338582677165356 Jésus,
852.7559055118111 1736.2204724409448 138.18897637795277 41.338582677165356 pour
938.9763779527559 1736.2204724409448 120.4724409448819 41.338582677165356 lui
1008.6614173228346 1736.2204724409448 172.44094488188978 41.338582677165356 rendre
1129.1338582677165 1736.2204724409448 206.69291338582678 41.338582677165356 hommage.
1283.8582677165355 1736.2204724409448 206.69291338582678 41.338582677165356 L’auteur
1438.5826771653544 1736.2204724409448 120.4724409448819 41.338582677165356 met
1490.5511811023623 1736.2204724409448 223.22834645669292 41.338582677165356 successive-

493.7007874015748 1774.015748031496 126.37795275590551 42.51968503937008 ment
572.8346456692914 1774.015748031496 95.66929133858268 42.51968503937008 en
620.0787401574803 1774.015748031496 142.91338582677164 42.51968503937008 scène
714.5669291338583 1774.015748031496 95.66929133858268 42.51968503937008 le
762.992125984252 1774.015748031496 190.15748031496062 42.51968503937008 maréchal
905.9055118110236 1774.015748031496 95.66929133858268 42.51968503937008 de
953.1496062992126 1774.015748031496 222.04724409448818 42.51968503937008 Richelieu,
1126.7716535433071 1774.015748031496 158.26771653543307 42.51968503937008 l'abbé
1237.7952755905512 1774.015748031496 205.51181102362204 42.51968503937008 d'Olivet,
1397.244094488189 1774.015748031496 158.26771653543307 42.51968503937008 l'abbé
1508.267716535433 1774.015748031496 95.66929133858268 42.51968503937008 de
1555.5118110236222 1774.015748031496 95.66929133858268 42.51968503937008 La
1587.4015748031495 1774.015748031496 126.37795275590551 42.51968503937008 Ville,

492.5196850393701 1811.8110236220473 213.7795275590551 41.338582677165356 Nivernois,
660.2362204724409 1811.8110236220473 167.71653543307087 41.338582677165356 Villars
781.8897637795276 1811.8110236220473 137.00787401574803 41.338582677165356 fils,
874.0157480314961 1811.8110236220473 167.71653543307087 41.338582677165356 Bernis,
995.6692913385826 1811.8110236220473 183.0708661417323 41.338582677165356 Séguier,
1132.6771653543308 1811.8110236220473 198.4251968503937 41.338582677165356 Voltaire,
1285.0393700787401 1811.8110236220473 213.7795275590551 41.338582677165356 Marmontel,
1453.9370078740158 1811.8110236220473 167.71653543307087 41.338582677165356 Buffon,
1560.236220472441 1811.8110236220473 152.36220472440945 41.338582677165356 Gresset,

493.7007874015748 1849.6062992125985 162.99212598425197 42.51968503937008 Moncrif
612.992125984252 1849.6062992125985 88.58267716535433 42.51968503937008 et
657.8740157480315 1849.6062992125985 88.58267716535433 42.51968503937008 Le
701.5748031496063 1849.6062992125985 133.46456692913387 42.51968503937008 Franc
791.3385826771654 1849.6062992125985 88.58267716535433 42.51968503937008 de
835.0393700787401 1849.6062992125985 207.8740157480315 42.51968503937008 Pompignan.
999.2125984251968 1849.6062992125985 148.8188976377953 42.51968503937008 Chacun
1103.1496062992126 1849.6062992125985 74.40944881889764 42.51968503937008 a
1132.6771653543308 1849.6062992125985 103.93700787401575 42.51968503937008 son
1191.732283464567 1849.6062992125985 178.3464566929134 42.51968503937008 couplet,
1325.1968503937007 1849.6062992125985 103.93700787401575 42.51968503937008 sur
1385.4330708661416 1849.6062992125985 148.8188976377953 42.51968503937008 l'air:
1474.015748031496 1849.6062992125985 237.4015748031496 42.51968503937008 Laissez

494.88188976377955 1889.763779527559 178.3464566929134 42.51968503937008 paître
631.8897637795276 1889.763779527559 95.66929133858268 42.51968503937008 vos
687.4015748031496 1889.763779527559 191.33858267716536 42.51968503937008 bêtes.
837.4015748031496 1889.763779527559 122.83464566929133 42.51968503937008 Voici
920.0787401574803 1889.763779527559 122.83464566929133 42.51968503937008 celui
1001.5748031496063 1889.763779527559 82.67716535433071 42.51968503937008 de
1028.740157480315 1889.763779527559 151.1811023622047 42.51968503937008 Voltaire:

786.6141732283464 1938.1889763779527 125.19685039370079 31.88976377952756 Vient
870.4724409448819 1938.1889763779527 83.85826771653544 31.88976377952756 le
911.8110236220473 1938.1889763779527 152.36220472440945 31.88976377952756 Phénix,
1022.8346456692914 1938.1889763779527 83.85826771653544 31.88976377952756 un
1064.1732283464567 1938.1889763779527 111.02362204724409 31.88976377952756 qui,
1119.6850393700788 1938.1889763779527 125.19685039370079 31.88976377952756 dit

788.9763779527559 1971.259842519685 107.48031496062993 29.52755905511811 Est,
856.2992125984252 1971.259842519685 94.48818897637796 29.52755905511811 lui
909.4488188976378 1971.259842519685 121.65354330708661 29.52755905511811 seul,
990.9448818897638 1971.259842519685 148.8188976377953 29.52755905511811 Homère,
1085.4330708661416 1971.259842519685 121.65354330708661 29.52755905511811 Platon,

786.6141732283464 2003.1496062992126 181.88976377952756 33.07086614173228 Sophocle,
927.1653543307086 2003.1496062992126 140.5511811023622 33.07086614173228 Tacite
1025.1968503937007 2003.1496062992126 83.85826771653544 33.07086614173228 et
1052.3622047244094 2003.1496062992126 126.37795275590551 33.07086614173228 Newton.

790.1574803149606 2036.2204724409448 74.40944881889764 30.708661417322833 Il
826.7716535433071 2036.2204724409448 74.40944881889764 30.708661417322833 se
863.3858267716536 2036.2204724409448 99.21259842519684 30.708661417322833 fait
925.9842519685039 2036.2204724409448 111.02362204724409 30.708661417322833 faire
987.4015748031496 2036.2204724409448 99.21259842519684 30.708661417322833 place.

786.6141732283464 2065.748031496063 122.83464566929133 34.25196850393701 Salue
868.1102362204724 2065.748031496063 68.50393700787401 34.25196850393701 à
895.2755905511812 2065.748031496063 122.83464566929133 34.25196850393701 peine
962.5984251968504 2065.748031496063 162.99212598425197 34.25196850393701 l'Eternel,

787.7952755905512 2100.0 94.48818897637796 34.25196850393701 Et,
840.9448818897638 2100.0 107.48031496062993 34.25196850393701 pour
908.2677165354331 2100.0 121.65354330708661 34.25196850393701 toute
976.7716535433071 2100.0 134.64566929133858 34.25196850393701 préface,

790.1574803149606 2131.8897637795276 95.66929133858268 28.346456692913385 Dit:
849.2125984251968 2131.8897637795276 107.48031496062993 28.346456692913385 Je
921.2598425196851 2131.8897637795276 72.04724409448819 28.346456692913385 me
956.6929133858267 2131.8897637795276 107.48031496062993 28.346456692913385 nomme
1028.740157480315 2131.8897637795276 72.04724409448819 28.346456692913385 un
1052.3622047244094 2131.8897637795276 119.29133858267717 28.346456692913385 Tel.

413.38582677165357 2169.685039370079 135.82677165354332 64.96062992125984 153
490.15748031496065 2169.685039370079 174.8031496062992 64.96062992125984 LE
607.0866141732283 2169.685039370079 251.5748031496063 64.96062992125984 MÊME.
800.7874015748032 2169.685039370079 290.5511811023622 64.96062992125984 Epitaphe
1033.4645669291338 2169.685039370079 154.7244094488189 64.96062992125984 d’un
1130.3149606299212 2169.685039370079 290.5511811023622 64.96062992125984 grammairien
1362.992125984252 2169.685039370079 115.74803149606299 64.96062992125984 de
1400.7874015748032 2169.685039370079 310.62992125984255 64.96062992125984 l’Académie

460.62992125984255 2227.5590551181103 343.7007874015748 53.1496062992126 françoise,
754.7244094488188 2227.5590551181103 147.63779527559055 53.1496062992126 pièce
852.7559055118111 2227.5590551181103 98.03149606299213 53.1496062992126 de
902.3622047244095 2227.5590551181103 131.10236220472441 53.1496062992126 vers
983.8582677165355 2227.5590551181103 147.63779527559055 53.1496062992126 aut.,
1081.8897637795276 2227.5590551181103 81.49606299212599 53.1496062992126 2
1114.9606299212599 2227.5590551181103 98.03149606299213 53.1496062992126 p.
1146.8503937007874 2227.5590551181103 114.56692913385827 53.1496062992126 in

527.9527559055118 2281.8897637795276 212.5984251968504 41.338582677165356 Epigramme
692.1259842519685 2281.8897637795276 164.17322834645668 41.338582677165356 contre
806.6929133858267 2281.8897637795276 164.17322834645668 41.338582677165356 l'abbé
904.7244094488188 2281.8897637795276 180.70866141732284 41.338582677165356 d'Olivet.

412.20472440944883 2324.4094488188975 154.7244094488189 59.05511811023622 154.
509.0551181102362 2324.4094488188975 174.8031496062992 59.05511811023622 LE
624.8031496062993 2324.4094488188975 252.75590551181102 59.05511811023622 MÊME.
818.503937007874 2324.4094488188975 271.65354330708664 59.05511811023622 Gustave
1032.283464566929 2324.4094488188975 252.75590551181102 59.05511811023622 Wasa,
1225.984251968504 2324.4094488188975 232.6771653543307 59.05511811023622 tragédie
1400.7874015748032 2324.4094488188975 116.92913385826772 59.05511811023622 en
1458.6614173228347 2324.4094488188975 96.85039370078741 59.05511811023622 5
1497.6377952755906 2324.4094488188975 193.70078740157481 59.05511811023622 actes,
1614.5669291338584 2324.4094488188975 96.85039370078741 59.05511811023622 ma-

457.0866141732283 2376.3779527559054 233.85826771653544 54.330708661417326 nuscrit
627.1653543307086 2376.3779527559054 191.33858267716536 54.330708661417326 aut.,
754.7244094488188 2376.3779527559054 170.07874015748033 54.330708661417326 avec
859.8425196850394 2376.3779527559054 127.55905511811024 54.330708661417326 de
923.6220472440945 2376.3779527559054 297.6377952755906 54.330708661417326 nombreuses
1157.4803149606298 2376.3779527559054 338.9763779527559 54.330708661417326 corrections,
1432.6771653543308 2376.3779527559054 148.8188976377953 54.330708661417326 109
1517.716535433071 2376.3779527559054 127.55905511811024 54.330708661417326 p.
1560.236220472441 2376.3779527559054 148.8188976377953 54.330708661417326 in

462.99212598425197 2430.7086614173227 139.37007874015748 43.7007874015748 1/2
543.3070866141733 2430.7086614173227 159.4488188976378 43.7007874015748 rel.
642.5196850393701 2430.7086614173227 159.4488188976378 43.7007874015748 mar.
722.8346456692914 2430.7086614173227 139.37007874015748 43.7007874015748 vert.

407.4803149606299 2477.952755905512 204.33070866141733 55.511811023622045 155.
536.2204724409448 2477.952755905512 689.7637795275591 55.511811023622045 PRÉVOST-PARADOL,
1149.2125984251968 2477.952755905512 383.8582677165354 55.511811023622045 publiciste,
1456.2992125984251 2477.952755905512 255.11811023622047 55.511811023622045 membre
1608.6614173228347 2477.952755905512 102.75590551181102 55.511811023622045 de

460.62992125984255 2539.3700787401576 204.33070866141733 48.425196850393704 l’Acad.
590.5511811023622 2539.3700787401576 148.8188976377953 48.425196850393704 franç.

504.3307086614173 2585.433070866142 259.84251968503935 49.60629921259842 Manuscrit
703.9370078740158 2585.433070866142 160.62992125984252 49.60629921259842 aut.
804.3307086614174 2585.433070866142 179.5275590551181 49.60629921259842 sig.,
924.8031496062993 2585.433070866142 120.4724409448819 49.60629921259842 18
985.0393700787401 2585.433070866142 120.4724409448819 49.60629921259842 p.
1024.015748031496 2585.433070866142 140.5511811023622 49.60629921259842 in

526.7716535433071 2632.6771653543306 137.00787401574803 47.24409448818898 Elude
617.7165354330708 2632.6771653543306 106.2992125984252 47.24409448818898 sur
679.1338582677165 2632.6771653543306 90.94488188976378 47.24409448818898 M.
724.0157480314961 2632.6771653543306 272.8346456692913 47.24409448818898 Bright,
951.9685039370079 2632.6771653543306 166.53543307086613 47.24409448818898 orateur
1073.6220472440946 2632.6771653543306 90.94488188976378 47.24409448818898 et
1119.6850393700788 2632.6771653543306 227.95275590551182 47.24409448818898 économiste,
1301.5748031496064 2632.6771653543306 121.65354330708661 47.24409448818898 chef
1377.1653543307086 2632.6771653543306 90.94488188976378 47.24409448818898 du
1423.2283464566929 2632.6771653543306 137.00787401574803 47.24409448818898 parti
1498.8188976377953 2632.6771653543306 212.5984251968504 47.24409448818898 démocratique

490.15748031496065 2679.9212598425197 93.30708661417323 38.976377952755904 en
520.8661417322835 2679.9212598425197 203.1496062992126 38.976377952755904 Angleterre.

407.4803149606299 2715.3543307086616 171.25984251968504 66.14173228346456 156.
513.7795275590552 2715.3543307086616 406.2992125984252 66.14173228346456 QUÉRARD,
856.2992125984252 2715.3543307086616 213.7795275590551 66.14173228346456 savant
985.0393700787401 2715.3543307086616 320.0787401574803 66.14173228346456 bibliographe.

504.3307086614173 2779.1338582677167 99.21259842519684 49.60629921259842 2
544.488188976378 2779.1338582677167 118.11023622047244 49.60629921259842 l.
603.5433070866142 2779.1338582677167 118.11023622047244 49.60629921259842 a.
662.5984251968504 2779.1338582677167 118.11023622047244 49.60629921259842 s.
721.6535433070866 2779.1338582677167 99.21259842519684 49.60629921259842 à
761.8110236220473 2779.1338582677167 237.4015748031496 49.60629921259842 Amanton,
938.9763779527559 2779.1338582677167 177.16535433070865 49.60629921259842 1829,
1057.0866141732283 2779.1338582677167 99.21259842519684 49.60629921259842 3
1097.244094488189 2779.1338582677167 118.11023622047244 49.60629921259842 p.
1136.2204724409448 2779.1338582677167 138.18897637795277 49.60629921259842 in

529.1338582677165 2833.464566929134 175.98425196850394 34.25196850393701 Relatives
663.7795275590552 2833.464566929134 67.32283464566929 34.25196850393701 à
690.9448818897638 2833.464566929134 81.49606299212599 34.25196850393701 sa
731.1023622047244 2833.464566929134 175.98425196850394 34.25196850393701 France
852.7559055118111 2833.464566929134 230.31496062992127 34.25196850393701 littéraire.
