2211.0236220472443 3351.968503937008
1051.1811023622047 422.8346456692913 159.4488188976378 37.79527559055118 —
1114.9606299212599 422.8346456692913 191.33858267716536 37.79527559055118 22
1178.740157480315 422.8346456692913 95.66929133858268 37.79527559055118 —

516.1417322834645 497.244094488189 160.62992125984252 61.41732283464567 157.
616.5354330708661 497.244094488189 340.15748031496065 61.41732283464567 RACLE,
896.4566929133858 497.244094488189 261.0236220472441 61.41732283464567 (Léonard)
1097.244094488189 497.244094488189 281.1023622047244 61.41732283464567 architecte
1318.1102362204724 497.244094488189 120.4724409448819 61.41732283464567 de
1378.3464566929133 497.244094488189 261.0236220472441 61.41732283464567 Voltaire,
1577.9527559055118 497.244094488189 160.62992125984252 61.41732283464567 pour
1678.3464566929133 497.244094488189 140.5511811023622 61.41732283464567 qui
1738.5826771653544 497.244094488189 80.31496062992126 61.41732283464567 il

563.3858267716536 545.6692913385826 303.54330708661416 47.24409448818898 construisit
806.6929133858267 545.6692913385826 121.65354330708661 47.24409448818898 le
866.9291338582677 545.6692913385826 223.22834645669292 47.24409448818898 château
1028.740157480315 545.6692913385826 121.65354330708661 47.24409448818898 de
1070.0787401574803 545.6692913385826 181.88976377952756 47.24409448818898 Ferney.

608.2677165354331 605.9055118110236 106.2992125984252 53.1496062992126 2
650.7874015748032 605.9055118110236 170.07874015748033 53.1496062992126 let.
757.0866141732283 605.9055118110236 106.2992125984252 53.1496062992126 à
799.6062992125984 605.9055118110236 255.11811023622047 53.1496062992126 Amanton,
990.9448818897638 605.9055118110236 170.07874015748033 53.1496062992126 dont
1097.244094488189 605.9055118110236 148.8188976377953 53.1496062992126 une
1182.283464566929 605.9055118110236 212.5984251968504 53.1496062992126 autog.
1332.283464566929 605.9055118110236 170.07874015748033 53.1496062992126 sig.
1438.5826771653544 605.9055118110236 127.55905511811024 53.1496062992126 et
1502.3622047244094 605.9055118110236 233.85826771653544 53.1496062992126 l’autre
1651.1811023622047 605.9055118110236 170.07874015748033 53.1496062992126 seule-

563.3858267716536 649.6062992125984 167.71653543307087 51.968503937007874 ment
668.503937007874 649.6062992125984 188.9763779527559 51.968503937007874 sig.;
793.7007874015748 649.6062992125984 355.51181102362204 51.968503937007874 Pont-de-Vaux,
1087.7952755905512 649.6062992125984 251.5748031496063 51.968503937007874 1788-89,
1275.5905511811025 649.6062992125984 105.11811023622047 51.968503937007874 3
1318.1102362204724 649.6062992125984 125.19685039370079 51.968503937007874 p.
1380.708661417323 649.6062992125984 146.45669291338584 51.968503937007874 1/2
1443.3070866141732 649.6062992125984 146.45669291338584 51.968503937007874 in

636.6141732283464 706.2992125984252 223.22834645669292 44.881889763779526 Relatives
809.0551181102362 706.2992125984252 86.22047244094489 44.881889763779526 à
843.3070866141733 706.2992125984252 102.75590551181102 44.881889763779526 un
895.2755905511812 706.2992125984252 188.9763779527559 44.881889763779526 mémoire
1032.283464566929 706.2992125984252 120.4724409448819 44.881889763779526 sur
1100.7874015748032 706.2992125984252 102.75590551181102 44.881889763779526 la
1152.755905511811 706.2992125984252 240.9448818897638 44.881889763779526 mécanique,
1341.732283464567 706.2992125984252 171.25984251968504 44.881889763779526 soumis
1462.2047244094488 706.2992125984252 120.4724409448819 44.881889763779526 par
1530.708661417323 706.2992125984252 120.4724409448819 44.881889763779526 lui
1599.2125984251968 706.2992125984252 86.22047244094489 44.881889763779526 à
1615.748031496063 706.2992125984252 206.69291338582678 44.881889763779526 l’Académie

594.0944881889764 744.0944881889764 94.48818897637796 37.79527559055118 de
624.8031496062993 744.0944881889764 126.37795275590551 37.79527559055118 Dijon.

512.5984251968504 796.0629921259842 159.4488188976378 56.69291338582677 158.
612.992125984252 796.0629921259842 359.0551181102362 56.69291338582677 RAFFET,
911.8110236220473 796.0629921259842 219.68503937007873 56.69291338582677 peintre
1071.259842519685 796.0629921259842 119.29133858267717 56.69291338582677 et
1131.4960629921259 796.0629921259842 219.68503937007873 56.69291338582677 célèbre
1270.8661417322835 796.0629921259842 279.9212598425197 56.69291338582677 dessinateur.

607.0866141732283 855.1181102362204 127.55905511811024 54.330708661417326 L.
670.8661417322835 855.1181102362204 127.55905511811024 54.330708661417326 a.
734.6456692913385 855.1181102362204 127.55905511811024 54.330708661417326 s.
798.4251968503937 855.1181102362204 106.2992125984252 54.330708661417326 à
840.9448818897638 855.1181102362204 127.55905511811024 54.330708661417326 M.
904.7244094488188 855.1181102362204 233.85826771653544 54.330708661417326 Gihaut,
1074.8031496062993 855.1181102362204 106.2992125984252 54.330708661417326 9
1117.3228346456692 855.1181102362204 148.8188976377953 54.330708661417326 mai
1202.3622047244094 855.1181102362204 191.33858267716536 54.330708661417326 1835,
1331.1023622047244 855.1181102362204 106.2992125984252 54.330708661417326 1
1373.6220472440946 855.1181102362204 127.55905511811024 54.330708661417326 p.
1437.4015748031495 855.1181102362204 148.8188976377953 54.330708661417326 pl.
1522.4409448818897 855.1181102362204 191.33858267716536 54.330708661417326 in-8.
1650.0 855.1181102362204 170.07874015748033 54.330708661417326 Avec
1735.0393700787401 855.1181102362204 85.03937007874016 54.330708661417326 un

562.2047244094488 898.8188976377953 166.53543307086613 51.968503937007874 petit
673.2283464566929 898.8188976377953 184.251968503937 51.968503937007874 dessin
801.9685039370079 898.8188976377953 92.1259842519685 51.968503937007874 à
839.7637795275591 898.8188976377953 111.02362204724409 51.968503937007874 la
895.2755905511812 898.8188976377953 166.53543307086613 51.968503937007874 plume
1005.1181102362204 898.8188976377953 295.2755905511811 51.968503937007874 représentant
1244.8818897637796 898.8188976377953 111.02362204724409 51.968503937007874 un
1281.4960629921259 898.8188976377953 314.1732283464567 51.968503937007874 hussard.

633.0708661417323 954.3307086614174 99.21259842519684 46.06299212598425 Il
682.6771653543307 954.3307086614174 181.88976377952756 46.06299212598425 demande
814.9606299212599 954.3307086614174 115.74803149606299 46.06299212598425 une
881.1023622047244 954.3307086614174 165.35433070866142 46.06299212598425 avance
996.8503937007874 954.3307086614174 99.21259842519684 46.06299212598425 de
1046.4566929133857 954.3307086614174 115.74803149606299 46.06299212598425 400
1112.5984251968505 954.3307086614174 165.35433070866142 46.06299212598425 francs
1228.3464566929133 954.3307086614174 132.28346456692913 46.06299212598425 pour
1311.023622047244 954.3307086614174 198.4251968503937 46.06299212598425 terminer
1459.8425196850394 954.3307086614174 115.74803149606299 46.06299212598425 une
1525.984251968504 954.3307086614174 165.35433070866142 46.06299212598425 étude,
1641.732283464567 954.3307086614174 99.21259842519684 46.06299212598425 et
1674.8031496062993 954.3307086614174 148.8188976377953 46.06299212598425 avertit

591.7322834645669 990.9448818897638 103.93700787401575 47.24409448818898 son
651.9685039370079 990.9448818897638 162.99212598425197 47.24409448818898 éditeur
770.0787401574803 990.9448818897638 88.58267716535433 47.24409448818898 de
814.9606299212599 990.9448818897638 178.3464566929134 47.24409448818898 préparer
948.4251968503937 990.9448818897638 103.93700787401575 47.24409448818898 des
1007.4803149606299 990.9448818897638 178.3464566929134 47.24409448818898 pierres,
1140.9448818897638 990.9448818897638 133.46456692913387 47.24409448818898 qu’il
1229.5275590551182 990.9448818897638 118.11023622047244 47.24409448818898 veut
1303.9370078740158 990.9448818897638 133.46456692913387 47.24409448818898 faire
1392.5196850393702 990.9448818897638 103.93700787401575 47.24409448818898 son
1451.5748031496064 990.9448818897638 237.4015748031496 47.24409448818898 Album
1644.0944881889764 990.9448818897638 103.93700787401575 47.24409448818898 cet
1688.976377952756 990.9448818897638 88.58267716535433 47.24409448818898 été.

510.23622047244095 1045.275590551181 174.8031496062992 59.05511811023622 159.
618.8976377952756 1045.275590551181 457.0866141732283 59.05511811023622 RAMPONEAUX
1011.0236220472441 1045.275590551181 196.06299212598427 59.05511811023622 (J.),
1140.9448818897638 1045.275590551181 217.3228346456693 59.05511811023622 fameux
1293.3070866141732 1045.275590551181 327.1653543307087 59.05511811023622 cabaretier,
1555.5118110236222 1045.275590551181 239.76377952755905 59.05511811023622 célébré
1707.8740157480315 1045.275590551181 108.66141732283465 59.05511811023622 par

561.0236220472441 1093.7007874015749 129.92125984251967 46.06299212598425 les
635.4330708661417 1093.7007874015749 297.6377952755906 46.06299212598425 chansonniers
877.5590551181102 1093.7007874015749 112.20472440944881 46.06299212598425 de
933.0708661417323 1093.7007874015749 112.20472440944881 46.06299212598425 la
989.7637795275591 1093.7007874015749 129.92125984251967 46.06299212598425 fin
1064.1732283464567 1093.7007874015749 112.20472440944881 46.06299212598425 du
1119.6850393700788 1093.7007874015749 186.61417322834646 46.06299212598425 XVIIIe
1230.708661417323 1093.7007874015749 167.71653543307087 46.06299212598425 siècle.

608.2677165354331 1153.9370078740158 158.26771653543307 51.968503937007874 Acte
707.4803149606299 1153.9370078740158 178.3464566929134 51.968503937007874 sig.,
825.5905511811023 1153.9370078740158 118.11023622047244 51.968503937007874 17
884.6456692913385 1153.9370078740158 178.3464566929134 51.968503937007874 pluv.
1003.9370078740158 1153.9370078740158 118.11023622047244 51.968503937007874 an
1062.992125984252 1153.9370078740158 118.11023622047244 51.968503937007874 6,
1122.0472440944882 1153.9370078740158 99.21259842519684 51.968503937007874 1
1162.2047244094488 1153.9370078740158 118.11023622047244 51.968503937007874 p.
1221.259842519685 1153.9370078740158 138.18897637795277 51.968503937007874 1/2
1280.3149606299212 1153.9370078740158 138.18897637795277 51.968503937007874 in

509.0551181102362 1204.724409448819 160.62992125984252 68.50393700787401 160.
609.4488188976378 1204.724409448819 361.4173228346457 68.50393700787401 REDOUTÉ
910.6299212598425 1204.724409448819 180.70866141732284 68.50393700787401 (P.-J
1031.1023622047244 1204.724409448819 120.4724409448819 68.50393700787401 ),
1092.5196850393702 1204.724409448819 240.9448818897638 68.50393700787401 l’habile
1273.2283464566929 1204.724409448819 220.86614173228347 68.50393700787401 peintre
1433.8582677165355 1204.724409448819 120.4724409448819 68.50393700787401 de
1474.015748031496 1204.724409448819 180.70866141732284 68.50393700787401 fleurs.

608.2677165354331 1274.4094488188975 120.4724409448819 57.874015748031496 L.
668.503937007874 1274.4094488188975 120.4724409448819 57.874015748031496 a.
728.7401574803149 1274.4094488188975 120.4724409448819 57.874015748031496 s.
788.9763779527559 1274.4094488188975 100.39370078740157 57.874015748031496 à
830.3149606299213 1274.4094488188975 120.4724409448819 57.874015748031496 la
890.5511811023622 1274.4094488188975 180.70866141732284 57.874015748031496 reine
1011.0236220472441 1274.4094488188975 140.5511811023622 57.874015748031496 des
1091.3385826771653 1274.4094488188975 262.20472440944883 57.874015748031496 Français,
1293.3070866141732 1274.4094488188975 120.4724409448819 57.874015748031496 29
1353.5433070866143 1274.4094488188975 180.70866141732284 57.874015748031496 janv.
1474.015748031496 1274.4094488188975 180.70866141732284 57.874015748031496 1836,
1594.4881889763778 1274.4094488188975 100.39370078740157 57.874015748031496 1
1635.8267716535433 1274.4094488188975 120.4724409448819 57.874015748031496 p.
1675.984251968504 1274.4094488188975 140.5511811023622 57.874015748031496 in

568.1102362204724 1320.4724409448818 124.01574803149606 42.51968503937008 Belle
651.9685039370079 1320.4724409448818 124.01574803149606 42.51968503937008 pièce.

627.1653543307086 1372.4409448818897 103.93700787401575 44.881889763779526 Il
679.1338582677165 1372.4409448818897 155.90551181102362 44.881889763779526 vient
783.0708661417323 1372.4409448818897 103.93700787401575 44.881889763779526 de
835.0393700787401 1372.4409448818897 206.69291338582678 44.881889763779526 recevoir
989.7637795275591 1372.4409448818897 103.93700787401575 44.881889763779526 un
1041.732283464567 1372.4409448818897 276.37795275590554 44.881889763779526 commandement
1266.1417322834645 1372.4409448818897 103.93700787401575 44.881889763779526 du
1318.1102362204724 1372.4409448818897 224.40944881889763 44.881889763779526 tribunal,
1490.5511811023623 1372.4409448818897 120.4724409448819 44.881889763779526 qui
1560.236220472441 1372.4409448818897 103.93700787401575 44.881889763779526 le
1612.2047244094488 1372.4409448818897 120.4724409448819 44.881889763779526 met
1680.708661417323 1372.4409448818897 138.18897637795277 44.881889763779526 dans
1750.3937007874015 1372.4409448818897 68.50393700787401 44.881889763779526 le

589.3700787401575 1409.0551181102362 128.74015748031496 46.06299212598425 plus
670.8661417322835 1409.0551181102362 145.2755905511811 46.06299212598425 grand
767.7165354330708 1409.0551181102362 210.23622047244095 46.06299212598425 embarras.
929.5275590551181 1409.0551181102362 96.85039370078741 46.06299212598425 Si
977.9527559055118 1409.0551181102362 96.85039370078741 46.06299212598425 le
1026.3779527559054 1409.0551181102362 113.38582677165354 46.06299212598425 roi
1090.1574803149606 1409.0551181102362 226.77165354330708 46.06299212598425 consentait
1268.5039370078741 1409.0551181102362 80.31496062992126 46.06299212598425 à
1300.3937007874015 1409.0551181102362 145.2755905511811 46.06299212598425 faire
1397.244094488189 1409.0551181102362 275.1968503937008 46.06299212598425 l'acquisition
1624.015748031496 1409.0551181102362 113.38582677165354 46.06299212598425 des
1672.4409448818897 1409.0551181102362 145.2755905511811 46.06299212598425 dessins

591.7322834645669 1446.8503937007874 181.88976377952756 46.06299212598425 originaux
732.2834645669292 1446.8503937007874 83.85826771653544 46.06299212598425 de
773.6220472440945 1446.8503937007874 98.03149606299213 46.06299212598425 ses
830.3149606299213 1446.8503937007874 238.58267716535434 46.06299212598425 Roses,
1026.3779527559054 1446.8503937007874 83.85826771653544 46.06299212598425 il
1067.716535433071 1446.8503937007874 167.71653543307087 46.06299212598425 pourrait
1194.0944881889764 1446.8503937007874 83.85826771653544 46.06299212598425 se
1236.6141732283465 1446.8503937007874 126.37795275590551 46.06299212598425 tirer
1320.4724409448818 1446.8503937007874 83.85826771653544 46.06299212598425 de
1362.992125984252 1446.8503937007874 126.37795275590551 46.06299212598425 cette
1446.8503937007874 1446.8503937007874 167.71653543307087 46.06299212598425 terrible
1559.0551181102362 1446.8503937007874 167.71653543307087 46.06299212598425 situation.

507.87401574803147 1503.5433070866143 193.70078740157481 54.330708661417326 161.
628.3464566929134 1503.5433070866143 435.8267716535433 54.330708661417326 ROBESPIERRE
990.9448818897638 1503.5433070866143 338.9763779527559 54.330708661417326 JEUNE,
1257.8740157480315 1503.5433070866143 411.0236220472441 54.330708661417326 conventionnel
1572.0472440944882 1503.5433070866143 242.1259842519685 54.330708661417326 célèbre,

556.2992125984252 1550.7874015748032 239.76377952755905 55.511811023622045 décapité
735.8267716535433 1550.7874015748032 159.4488188976378 55.511811023622045 avec
836.2204724409448 1550.7874015748032 139.37007874015748 55.511811023622045 son
896.4566929133858 1550.7874015748032 159.4488188976378 55.511811023622045 frère.

603.5433070866142 1608.6614173228347 127.55905511811024 54.330708661417326 L.
667.3228346456693 1608.6614173228347 127.55905511811024 54.330708661417326 s.
731.1023622047244 1608.6614173228347 127.55905511811024 54.330708661417326 au
794.8818897637796 1608.6614173228347 255.11811023622047 54.330708661417326 ministre
986.2204724409448 1608.6614173228347 127.55905511811024 54.330708661417326 de
1050.0 1608.6614173228347 127.55905511811024 54.330708661417326 la
1113.7795275590552 1608.6614173228347 233.85826771653544 54.330708661417326 guerre;
1285.0393700787401 1608.6614173228347 191.33858267716536 54.330708661417326 Nice,
1412.5984251968505 1608.6614173228347 127.55905511811024 54.330708661417326 7e
1476.3779527559054 1608.6614173228347 170.07874015748033 54.330708661417326 jour
1582.6771653543308 1608.6614173228347 127.55905511811024 54.330708661417326 du
1646.4566929133857 1608.6614173228347 127.55905511811024 54.330708661417326 2e
1688.976377952756 1608.6614173228347 127.55905511811024 54.330708661417326 mois

558.6614173228346 1653.5433070866143 113.38582677165354 48.425196850393704 de
615.3543307086615 1653.5433070866143 151.1811023622047 48.425196850393704 l’an
709.8425196850394 1653.5433070866143 113.38582677165354 48.425196850393704 2,
766.5354330708661 1653.5433070866143 94.48818897637796 48.425196850393704 1
805.511811023622 1653.5433070866143 113.38582677165354 48.425196850393704 p.
843.3070866141733 1653.5433070866143 132.28346456692913 48.425196850393704 in

627.1653543307086 1710.236220472441 173.6220472440945 48.425196850393704 Curieuse
757.0866141732283 1710.236220472441 145.2755905511811 48.425196850393704 lettre
858.6614173228346 1710.236220472441 101.5748031496063 48.425196850393704 sur
916.5354330708661 1710.236220472441 101.5748031496063 48.425196850393704 des
975.5905511811023 1710.236220472441 246.8503937007874 48.425196850393704 contestations
1178.740157480315 1710.236220472441 131.10236220472441 48.425196850393704 entre
1264.9606299212599 1710.236220472441 101.5748031496063 48.425196850393704 les
1322.8346456692914 1710.236220472441 188.9763779527559 48.425196850393704 officiers
1468.1102362204724 1710.236220472441 203.1496062992126 48.425196850393704 enfanls
1627.5590551181103 1710.236220472441 87.4015748031496 48.425196850393704 du
1657.0866141732283 1710.236220472441 159.4488188976378 48.425196850393704 corps

588.1889763779527 1748.0314960629921 83.85826771653544 44.881889763779526 et
630.7086614173228 1748.0314960629921 98.03149606299213 44.881889763779526 les
686.2204724409448 1748.0314960629921 183.0708661417323 44.881889763779526 officiers
826.7716535433071 1748.0314960629921 196.06299212598427 44.881889763779526 enfants
981.496062992126 1748.0314960629921 83.85826771653544 44.881889763779526 du
1024.015748031496 1748.0314960629921 154.7244094488189 44.881889763779526 pouvoir
1122.0472440944882 1748.0314960629921 210.23622047244095 44.881889763779526 exécutif.

503.1496062992126 1808.267716535433 186.61417322834646 55.511811023622045 162.
620.0787401574803 1808.267716535433 257.4803149606299 55.511811023622045 ROIS
807.8740157480315 1808.267716535433 140.5511811023622 55.511811023622045 DE
877.5590551181102 1808.267716535433 350.78740157480314 55.511811023622045 FRANCE.
1158.6614173228347 1808.267716535433 116.92913385826772 55.511811023622045 3
1204.724409448819 1808.267716535433 233.85826771653544 55.511811023622045 pièces
1345.275590551181 1808.267716535433 140.5511811023622 55.511811023622045 sig.

605.9055118110236 1864.9606299212599 226.77165354330708 55.511811023622045 FRANÇOIS
775.9842519685039 1864.9606299212599 151.1811023622047 55.511811023622045 Ier.
870.4724409448819 1864.9606299212599 170.07874015748033 55.511811023622045 Pièce
983.8582677165355 1864.9606299212599 151.1811023622047 55.511811023622045 sig.
1078.3464566929133 1864.9606299212599 132.28346456692913 55.511811023622045 sur
1153.9370078740158 1864.9606299212599 188.9763779527559 55.511811023622045 vélin,
1285.0393700787401 1864.9606299212599 264.56692913385825 55.511811023622045 contresig.
1474.015748031496 1864.9606299212599 340.15748031496065 55.511811023622045 Bochetel,

551.5748031496063 1908.6614173228347 252.75590551181102 40.15748031496063 (1535),
734.6456692913385 1908.6614173228347 206.69291338582678 40.15748031496063 in-4.
872.8346456692914 1908.6614173228347 138.18897637795277 40.15748031496063 Un
942.5196850393701 1908.6614173228347 160.62992125984252 40.15748031496063 peu
1034.6456692913387 1908.6614173228347 276.37795275590554 40.15748031496063 effacée,
1241.3385826771653 1908.6614173228347 230.31496062992127 40.15748031496063 coupée
1401.9685039370079 1908.6614173228347 184.251968503937 40.15748031496063 dans
1517.716535433071 1908.6614173228347 160.62992125984252 40.15748031496063 une
1609.8425196850394 1908.6614173228347 230.31496062992127 40.15748031496063 marge.
1748.0314960629921 1908.6614173228347 68.50393700787401 40.15748031496063 —

553.9370078740158 1952.3622047244094 187.79527559055117 49.60629921259842 HENRI
679.1338582677165 1952.3622047244094 146.45669291338584 49.60629921259842 IV.
762.992125984252 1952.3622047244094 187.79527559055117 49.60629921259842 Pièce
888.1889763779527 1952.3622047244094 166.53543307086613 49.60629921259842 sig.
993.3070866141733 1952.3622047244094 146.45669291338584 49.60629921259842 sur
1075.984251968504 1952.3622047244094 209.0551181102362 49.60629921259842 vélin,
1201.1811023622047 1952.3622047244094 146.45669291338584 49.60629921259842 in

530.3149606299213 2017.3228346456692 159.4488188976378 56.69291338582677 163.
629.5275590551181 2017.3228346456692 377.9527559055118 56.69291338582677 ROUSSEAU
948.4251968503937 2017.3228346456692 238.58267716535434 56.69291338582677 (J.-J.),
1127.9527559055118 2017.3228346456692 278.74015748031496 56.69291338582677 l’illustre
1327.5590551181103 2017.3228346456692 218.50393700787401 56.69291338582677 écrivain.

598.8188976377953 2077.5590551181103 248.03149606299212 56.69291338582677 Recueil
779.5275590551181 2077.5590551181103 225.59055118110237 56.69291338582677 d’airs
936.6141732283464 2077.5590551181103 135.82677165354332 56.69291338582677 et
1005.1181102362204 2077.5590551181103 135.82677165354332 56.69291338582677 de
1072.4409448818897 2077.5590551181103 270.4724409448819 56.69291338582677 romances
1275.5905511811025 2077.5590551181103 158.26771653543307 56.69291338582677 lui
1365.3543307086613 2077.5590551181103 203.1496062992126 56.69291338582677 ayant
1501.1811023622047 2077.5590551181103 315.3543307086614 56.69291338582677 appartenu,
1726.7716535433071 2077.5590551181103 89.76377952755905 56.69291338582677 et

551.5748031496063 2122.4409448818897 278.74015748031496 55.511811023622045 contenant
765.3543307086615 2122.4409448818897 128.74015748031496 55.511811023622045 26
829.1338582677165 2122.4409448818897 192.51968503937007 55.511811023622045 pages
957.8740157480315 2122.4409448818897 235.03937007874015 55.511811023622045 écrites
1129.1338582677165 2122.4409448818897 128.74015748031496 55.511811023622045 de
1194.0944881889764 2122.4409448818897 128.74015748031496 55.511811023622045 sa
1257.8740157480315 2122.4409448818897 192.51968503937007 55.511811023622045 main,
1386.6141732283465 2122.4409448818897 235.03937007874015 55.511811023622045 paroles
1557.8740157480315 2122.4409448818897 128.74015748031496 55.511811023622045 et
1600.3937007874015 2122.4409448818897 213.7795275590551 55.511811023622045 musique;

551.5748031496063 2163.779527559055 103.93700787401575 56.69291338582677 2
594.0944881889764 2163.779527559055 165.35433070866142 56.69291338582677 vol.
696.8503937007874 2163.779527559055 186.61417322834646 56.69291338582677 in-4,
820.8661417322835 2163.779527559055 165.35433070866142 56.69291338582677 rel.
924.8031496062993 2163.779527559055 206.69291338582678 56.69291338582677 maroq.
1068.8976377952756 2163.779527559055 206.69291338582678 56.69291338582677 rouge,
1214.1732283464567 2163.779527559055 145.2755905511811 56.69291338582677 tr.
1296.8503937007874 2163.779527559055 186.61417322834646 56.69291338582677 dor.,
1420.8661417322835 2163.779527559055 227.95275590551182 56.69291338582677 filets,
1586.2204724409448 2163.779527559055 227.95275590551182 56.69291338582677 doublés
1731.4960629921259 2163.779527559055 82.67716535433071 56.69291338582677 de

536.2204724409448 2205.1181102362207 151.1811023622047 36.61417322834646 tabis.

623.6220472440945 2262.9921259842517 124.01574803149606 48.425196850393704 Les
694.488188976378 2262.9921259842517 106.2992125984252 48.425196850393704 26
747.6377952755905 2262.9921259842517 159.4488188976378 48.425196850393704 pages
855.1181102362204 2262.9921259842517 266.92913385826773 48.425196850393704 autographes
1067.716535433071 2262.9921259842517 106.2992125984252 48.425196850393704 de
1120.8661417322835 2262.9921259842517 284.6456692913386 48.425196850393704 Jean-Jacques
1352.3622047244094 2262.9921259842517 141.73228346456693 48.425196850393704 sont
1440.9448818897638 2262.9921259842517 106.2992125984252 48.425196850393704 au
1494.0944881889764 2262.9921259842517 284.6456692913386 48.425196850393704 commencement
1707.8740157480315 2262.9921259842517 106.2992125984252 48.425196850393704 d'un

582.2834645669292 2296.0629921259842 120.4724409448819 53.1496062992126 des
651.9685039370079 2296.0629921259842 137.00787401574803 53.1496062992126 deux
737.007874015748 2296.0629921259842 205.51181102362204 53.1496062992126 volumes,
891.7322834645669 2296.0629921259842 137.00787401574803 53.1496062992126 dont
976.7716535433071 2296.0629921259842 102.75590551181102 53.1496062992126 le
1028.740157480315 2296.0629921259842 154.7244094488189 53.1496062992126 reste
1131.4960629921259 2296.0629921259842 120.4724409448819 53.1496062992126 est
1200.0 2296.0629921259842 171.25984251968504 53.1496062992126 rempli
1319.291338582677 2296.0629921259842 120.4724409448819 53.1496062992126 par
1387.7952755905512 2296.0629921259842 120.4724409448819 53.1496062992126 des
1456.2992125984251 2296.0629921259842 205.51181102362204 53.1496062992126 romances
1611.023622047244 2296.0629921259842 188.9763779527559 53.1496062992126 écrites
1730.3149606299212 2296.0629921259842 86.22047244094489 53.1496062992126 par

583.4645669291339 2337.4015748031497 191.33858267716536 47.24409448818898 diverses
727.5590551181102 2337.4015748031497 175.98425196850394 47.24409448818898 femmes,
855.1181102362204 2337.4015748031497 127.55905511811024 47.24409448818898 sans
935.4330708661417 2337.4015748031497 144.09448818897638 47.24409448818898 doute
1031.1023622047244 2337.4015748031497 95.66929133858268 47.24409448818898 de
1078.3464566929133 2337.4015748031497 112.20472440944881 47.24409448818898 son
1142.1259842519685 2337.4015748031497 207.8740157480315 47.24409448818898 intimité.
1302.755905511811 2337.4015748031497 159.4488188976378 47.24409448818898 Ainsi,
1413.7795275590552 2337.4015748031497 95.66929133858268 47.24409448818898 on
1462.2047244094488 2337.4015748031497 80.31496062992126 47.24409448818898 y
1494.0944881889764 2337.4015748031497 159.4488188976378 47.24409448818898 trouve
1605.1181102362204 2337.4015748031497 112.20472440944881 47.24409448818898 une
1653.5433070866143 2337.4015748031497 159.4488188976378 47.24409448818898 chanson,

585.8267716535433 2375.196850393701 138.18897637795277 48.425196850393704 assez
677.9527559055118 2375.196850393701 153.54330708661416 48.425196850393704 leste,
785.4330708661417 2375.196850393701 92.1259842519685 48.425196850393704 en
831.496062992126 2375.196850393701 138.18897637795277 48.425196850393704 trois
923.6220472440945 2375.196850393701 199.60629921259843 48.425196850393704 couplets,
1077.1653543307086 2375.196850393701 153.54330708661416 48.425196850393704 écrite
1184.6456692913387 2375.196850393701 92.1259842519685 48.425196850393704 de
1230.708661417323 2375.196850393701 92.1259842519685 48.425196850393704 la
1276.7716535433071 2375.196850393701 122.83464566929133 48.425196850393704 main
1353.5433070866143 2375.196850393701 92.1259842519685 48.425196850393704 de
1399.6062992125985 2375.196850393701 153.54330708661416 48.425196850393704 Mme
1507.0866141732283 2375.196850393701 214.96062992125985 48.425196850393704 Dupin,
1675.984251968504 2375.196850393701 138.18897637795277 48.425196850393704 femme
1752.755905511811 2375.196850393701 61.41732283464567 48.425196850393704 du

587.007874015748 2412.9921259842517 173.6220472440945 50.78740157480315 fermier
712.2047244094488 2412.9921259842517 188.9763779527559 50.78740157480315 général,
853.9370078740158 2412.9921259842517 109.84251968503936 50.78740157480315 une
916.5354330708661 2412.9921259842517 109.84251968503936 50.78740157480315 des
980.3149606299213 2412.9921259842517 204.33070866141733 50.78740157480315 personnes
1137.4015748031495 2412.9921259842517 109.84251968503936 50.78740157480315 les
1200.0 2412.9921259842517 126.37795275590551 50.78740157480315 plus
1279.1338582677165 2412.9921259842517 188.9763779527559 50.78740157480315 aimables
1420.8661417322835 2412.9921259842517 94.48818897637796 50.78740157480315 du
1468.1102362204724 2412.9921259842517 157.08661417322836 50.78740157480315 XVIIIe
1577.9527559055118 2412.9921259842517 173.6220472440945 50.78740157480315 siècle.
1704.3307086614172 2412.9921259842517 109.84251968503936 50.78740157480315 (V.
1751.5748031496064 2412.9921259842517 62.59842519685039 50.78740157480315 le

582.2834645669292 2450.787401574803 98.03149606299213 40.15748031496063 n°
631.8897637795276 2450.787401574803 98.03149606299213 40.15748031496063 71
680.3149606299213 2450.787401574803 98.03149606299213 40.15748031496063 de
729.9212598425197 2450.787401574803 98.03149606299213 40.15748031496063 ce
762.992125984252 2450.787401574803 212.5984251968504 40.15748031496063 catalogue.)

503.1496062992126 2507.48031496063 153.54330708661416 59.05511811023622 164.
598.8188976377953 2507.48031496063 424.01574803149606 59.05511811023622 SAINT-SIMON
964.9606299212599 2507.48031496063 134.64566929133858 59.05511811023622 (le
1041.732283464567 2507.48031496063 134.64566929133858 59.05511811023622 duc
1118.5039370078741 2507.48031496063 153.54330708661416 59.05511811023622 de),
1215.3543307086613 2507.48031496063 192.51968503937007 59.05511811023622 auteur
1350.0 2507.48031496063 134.64566929133858 59.05511811023622 des
1407.8740157480315 2507.48031496063 346.06299212598424 59.05511811023622 Mémoires.

598.8188976377953 2568.8976377952754 194.88188976377953 57.874015748031496 Pièce
728.7401574803149 2568.8976377952754 194.88188976377953 57.874015748031496 sig.,
858.6614173228346 2568.8976377952754 173.6220472440945 57.874015748031496 avec
966.1417322834645 2568.8976377952754 151.1811023622047 57.874015748031496 une
1053.5433070866143 2568.8976377952754 194.88188976377953 57.874015748031496 ligne
1183.4645669291338 2568.8976377952754 194.88188976377953 57.874015748031496 aut.,
1312.2047244094488 2568.8976377952754 108.66141732283465 57.874015748031496 8
1355.9055118110236 2568.8976377952754 173.6220472440945 57.874015748031496 mars
1464.5669291338584 2568.8976377952754 194.88188976377953 57.874015748031496 1731,
1594.4881889763778 2568.8976377952754 151.1811023622047 57.874015748031496 3/4
1680.708661417323 2568.8976377952754 129.92125984251967 57.874015748031496 de
1724.4094488188975 2568.8976377952754 86.22047244094489 57.874015748031496 p.

527.9527559055118 2612.5984251968503 132.28346456692913 37.79527559055118 in

620.0787401574803 2669.2913385826773 217.3228346456693 49.60629921259842 Quittance
786.6141732283464 2669.2913385826773 150.0 49.60629921259842 d’une
887.007874015748 2669.2913385826773 150.0 49.60629921259842 somme
987.4015748031496 2669.2913385826773 116.92913385826772 49.60629921259842 que
1054.724409448819 2669.2913385826773 116.92913385826772 49.60629921259842 lui
1120.8661417322835 2669.2913385826773 150.0 49.60629921259842 remet
1221.259842519685 2669.2913385826773 100.39370078740157 49.60629921259842 le
1272.0472440944882 2669.2913385826773 200.78740157480314 49.60629921259842 receveur
1422.0472440944882 2669.2913385826773 100.39370078740157 49.60629921259842 de
1471.6535433070867 2669.2913385826773 116.92913385826772 49.60629921259842 son
1522.4409448818897 2669.2913385826773 250.39370078740157 49.60629921259842 duché

500.78740157480314 2724.803149606299 170.07874015748033 56.69291338582677 165.
607.0866141732283 2724.803149606299 381.496062992126 56.69291338582677 SALETTE
924.8031496062993 2724.803149606299 317.7165354330709 56.69291338582677 (Notre-Dame
1178.740157480315 2724.803149606299 127.55905511811024 56.69291338582677 de
1221.259842519685 2724.803149606299 127.55905511811024 56.69291338582677 la).

601.1811023622047 2782.6771653543306 106.2992125984252 57.874015748031496 L.
654.3307086614174 2782.6771653543306 106.2992125984252 57.874015748031496 a.
707.4803149606299 2782.6771653543306 106.2992125984252 57.874015748031496 s.
760.6299212598425 2782.6771653543306 106.2992125984252 57.874015748031496 de
814.9606299212599 2782.6771653543306 106.2992125984252 57.874015748031496 M.
868.1102362204724 2782.6771653543306 320.0787401574803 57.874015748031496 Perrin,
1135.0393700787401 2782.6771653543306 141.73228346456693 57.874015748031496 curé
1223.6220472440946 2782.6771653543306 106.2992125984252 57.874015748031496 de
1276.7716535433071 2782.6771653543306 106.2992125984252 57.874015748031496 la
1329.9212598425197 2782.6771653543306 213.7795275590551 57.874015748031496 Salette;
1490.5511811023623 2782.6771653543306 106.2992125984252 57.874015748031496 la
1543.7007874015749 2782.6771653543306 213.7795275590551 57.874015748031496 Salette,
1686.6141732283465 2782.6771653543306 124.01574803149606 57.874015748031496 1849,

550.3937007874016 2825.196850393701 98.03149606299213 44.881889763779526 2
589.3700787401575 2825.196850393701 116.92913385826772 44.881889763779526 p.
628.3464566929134 2825.196850393701 137.00787401574803 44.881889763779526 in
