2192.1259842519685 3363.779527559055
950.7874015748032 435.8267716535433 157.08661417322836 37.79527559055118 —
1013.3858267716536 435.8267716535433 187.79527559055117 37.79527559055118 23
1075.984251968504 435.8267716535433 94.48818897637796 37.79527559055118 —

532.6771653543307 514.9606299212599 161.81102362204723 44.881889763779526 Epître
646.0629921259842 514.9606299212599 129.92125984251967 44.881889763779526 fort
727.5590551181102 514.9606299212599 193.70078740157481 44.881889763779526 curieuse
872.8346456692914 514.9606299212599 113.38582677165354 44.881889763779526 sur
937.7952755905512 514.9606299212599 145.2755905511811 44.881889763779526 l’eau
1034.6456692913387 514.9606299212599 242.1259842519685 44.881889763779526 miraculeuse
1228.3464566929133 514.9606299212599 96.85039370078741 44.881889763779526 de
1276.7716535433071 514.9606299212599 145.2755905511811 44.881889763779526 N.-D.
1373.6220472440946 514.9606299212599 96.85039370078741 44.881889763779526 de
1423.2283464566929 514.9606299212599 96.85039370078741 44.881889763779526 la
1471.6535433070867 514.9606299212599 193.70078740157481 44.881889763779526 Salette,
1616.9291338582677 514.9606299212599 113.38582677165354 44.881889763779526 qui
1665.3543307086613 514.9606299212599 48.425196850393704 44.881889763779526 a

493.7007874015748 551.5748031496063 142.91338582677164 42.51968503937008 opéré
588.1889763779527 551.5748031496063 95.66929133858268 42.51968503937008 80
635.4330708661417 551.5748031496063 206.69291338582678 42.51968503937008 guérisons
794.8818897637796 551.5748031496063 269.29133858267716 42.51968503937008 éclatantes
1016.9291338582677 551.5748031496063 95.66929133858268 42.51968503937008 et
1064.1732283464567 551.5748031496063 349.6062992125984 42.51968503937008 surnaturelles.
1365.3543307086613 551.5748031496063 142.91338582677164 42.51968503937008 Aussi
1461.023622047244 551.5748031496063 111.02362204724409 42.51968503937008 les
1524.8031496062993 551.5748031496063 190.15748031496062 42.51968503937008 demandes
1651.1811023622047 551.5748031496063 63.77952755905512 42.51968503937008 de

493.7007874015748 590.5511811023622 140.5511811023622 44.881889763779526 cette
587.007874015748 590.5511811023622 109.84251968503936 44.881889763779526 eau
649.6062992125984 590.5511811023622 281.1023622047244 44.881889763779526 arrivent-elles
884.6456692913385 590.5511811023622 93.30708661417323 44.881889763779526 de
931.8897637795276 590.5511811023622 125.19685039370079 44.881889763779526 tous
1009.8425196850394 590.5511811023622 155.90551181102362 44.881889763779526 côtés.
1119.6850393700788 590.5511811023622 93.30708661417323 44.881889763779526 La
1165.748031496063 590.5511811023622 203.1496062992126 44.881889763779526 confrérie
1322.8346456692914 590.5511811023622 155.90551181102362 44.881889763779526 érigée
1432.6771653543308 590.5511811023622 77.95275590551181 44.881889763779526 à
1463.3858267716535 590.5511811023622 140.5511811023622 44.881889763779526 cette
1541.3385826771653 590.5511811023622 172.44094488188978 44.881889763779526 occasion,

496.06299212598424 628.3464566929134 93.30708661417323 43.7007874015748 il
542.1259842519685 628.3464566929134 77.95275590551181 43.7007874015748 y
574.0157480314961 628.3464566929134 77.95275590551181 43.7007874015748 a
604.7244094488188 628.3464566929134 109.84251968503936 43.7007874015748 six
667.3228346456693 628.3464566929134 140.5511811023622 43.7007874015748 mois,
760.6299212598425 628.3464566929134 155.90551181102362 43.7007874015748 compte
870.4724409448819 628.3464566929134 233.85826771653544 43.7007874015748 aujourd'hui
1058.267716535433 628.3464566929134 109.84251968503936 43.7007874015748 six
1119.6850393700788 628.3464566929134 140.5511811023622 43.7007874015748 mille
1198.8188976377953 628.3464566929134 249.21259842519686 43.7007874015748 souscripteurs.

411.0236220472441 675.5905511811023 173.6220472440945 55.511811023622045 166.
519.6850393700787 675.5905511811023 369.68503937007875 55.511811023622045 SANSON
824.4094488188977 675.5905511811023 348.4251968503937 55.511811023622045 (Ch.-Henri),
1106.6929133858268 675.5905511811023 283.46456692913387 55.511811023622045 exécuteur
1324.015748031496 675.5905511811023 152.36220472440945 55.511811023622045 des
1411.4173228346456 675.5905511811023 217.3228346456693 55.511811023622045 hautes
1542.5196850393702 675.5905511811023 173.6220472440945 55.511811023622045 œuvres

461.81102362204723 727.5590551181102 220.86614173228347 50.78740157480315 pendant
622.4409448818898 727.5590551181102 120.4724409448819 50.78740157480315 la
662.5984251968504 727.5590551181102 261.0236220472441 50.78740157480315 Révolution.

506.6929133858268 779.5275590551181 134.64566929133858 47.24409448818898 L.
574.0157480314961 779.5275590551181 134.64566929133858 47.24409448818898 a.
641.3385826771654 779.5275590551181 134.64566929133858 47.24409448818898 s.
707.4803149606299 779.5275590551181 155.90551181102362 47.24409448818898 aux
797.2440944881889 779.5275590551181 425.1968503937008 47.24409448818898 administrateurs
1155.1181102362204 779.5275590551181 134.64566929133858 47.24409448818898 du
1222.4409448818897 779.5275590551181 335.43307086614175 47.24409448818898 département
1490.5511811023623 779.5275590551181 134.64566929133858 47.24409448818898 de
1535.4330708661416 779.5275590551181 178.3464566929134 47.24409448818898 Seine-

458.26771653543307 822.0472440944882 233.85826771653544 47.24409448818898 et-Oise;
634.2519685039371 822.0472440944882 292.9133858267717 47.24409448818898 Versailles,
868.1102362204724 822.0472440944882 98.03149606299213 47.24409448818898 7
907.0866141732283 822.0472440944882 175.98425196850394 47.24409448818898 sept.
1024.015748031496 822.0472440944882 175.98425196850394 47.24409448818898 1793,
1140.9448818897638 822.0472440944882 98.03149606299213 47.24409448818898 1
1179.9212598425197 822.0472440944882 116.92913385826772 47.24409448818898 p.
1218.8976377952756 822.0472440944882 137.00787401574803 47.24409448818898 in

526.7716535433071 869.2913385826772 162.99212598425197 42.51968503937008 Obligé
641.3385826771654 869.2913385826772 98.03149606299213 42.51968503937008 de
689.7637795275591 869.2913385826772 146.45669291338584 42.51968503937008 tenir
786.6141732283464 869.2913385826772 162.99212598425197 42.51968503937008 maison
901.1811023622047 869.2913385826772 81.49606299212599 42.51968503937008 à
933.0708661417323 869.2913385826772 146.45669291338584 42.51968503937008 Paris
1031.1023622047244 869.2913385826772 98.03149606299213 42.51968503937008 et
1079.5275590551182 869.2913385826772 98.03149606299213 42.51968503937008 de
1129.1338582677165 869.2913385826772 178.3464566929134 42.51968503937008 résider
1259.0551181102362 869.2913385826772 81.49606299212599 42.51968503937008 à
1290.9448818897638 869.2913385826772 243.30708661417322 42.51968503937008 Versailles,
1485.8267716535433 869.2913385826772 98.03149606299213 42.51968503937008 il
1535.4330708661416 869.2913385826772 178.3464566929134 42.51968503937008 demande
1648.8188976377953 869.2913385826772 64.96062992125984 42.51968503937008 un

491.33858267716533 905.9055118110236 198.4251968503937 44.881889763779526 logement
640.1574803149606 905.9055118110236 165.35433070866142 44.881889763779526 gratis
755.9055118110236 905.9055118110236 132.28346456692913 44.881889763779526 dans
838.5826771653543 905.9055118110236 99.21259842519684 44.881889763779526 un
888.1889763779527 905.9055118110236 198.4251968503937 44.881889763779526 bâtiment
1037.007874015748 905.9055118110236 198.4251968503937 44.881889763779526 national
1185.8267716535433 905.9055118110236 99.21259842519684 44.881889763779526 de
1235.4330708661416 905.9055118110236 148.8188976377953 44.881889763779526 cette
1334.6456692913387 905.9055118110236 198.4251968503937 44.881889763779526 dernière
1483.4645669291338 905.9055118110236 165.35433070866142 44.881889763779526 ville.
1599.2125984251968 905.9055118110236 82.67716535433071 44.881889763779526 —
1615.748031496063 905.9055118110236 99.21259842519684 44.881889763779526 Suit

488.9763779527559 946.0629921259842 94.48818897637796 43.7007874015748 un
536.2204724409448 946.0629921259842 157.08661417322836 43.7007874015748 arrêté
646.0629921259842 946.0629921259842 109.84251968503936 43.7007874015748 par
708.6614173228346 946.0629921259842 157.08661417322836 43.7007874015748 lequel
818.503937007874 946.0629921259842 94.48818897637796 43.7007874015748 on
865.7480314960629 946.0629921259842 109.84251968503936 43.7007874015748 lui
928.3464566929134 946.0629921259842 172.44094488188978 43.7007874015748 accorde
1053.5433070866143 946.0629921259842 94.48818897637796 43.7007874015748 un
1100.7874015748032 946.0629921259842 188.9763779527559 43.7007874015748 logement
1242.5196850393702 946.0629921259842 125.19685039370079 43.7007874015748 dans
1321.6535433070867 946.0629921259842 109.84251968503936 43.7007874015748 les
1384.251968503937 946.0629921259842 219.68503937007873 43.7007874015748 écuries
1556.6929133858268 946.0629921259842 94.48818897637796 43.7007874015748 de
1588.5826771653544 946.0629921259842 125.19685039370079 43.7007874015748 la

491.33858267716533 986.2204724409448 158.26771653543307 40.15748031496063 femme
610.6299212598425 986.2204724409448 79.13385826771653 40.15748031496063 de
649.6062992125984 986.2204724409448 92.1259842519685 40.15748031496063 feu
689.7637795275591 986.2204724409448 158.26771653543307 40.15748031496063 Capet.

412.20472440944883 1032.283464566929 170.07874015748033 55.511811023622045 167.
518.503937007874 1032.283464566929 362.59842519685037 55.511811023622045 SAMSON
817.3228346456693 1032.283464566929 426.37795275590554 55.511811023622045 (Henri-Clément),
1179.9212598425197 1032.283464566929 277.5590551181102 55.511811023622045 exécuteur
1392.5196850393702 1032.283464566929 148.8188976377953 55.511811023622045 des
1477.5590551181103 1032.283464566929 213.7795275590551 55.511811023622045 hautes
1606.2992125984251 1032.283464566929 106.2992125984252 55.511811023622045 œu-

460.62992125984255 1081.8897637795276 142.91338582677164 54.330708661417326 vres
550.3937007874016 1081.8897637795276 142.91338582677164 54.330708661417326 sous
638.9763779527559 1081.8897637795276 340.15748031496065 54.330708661417326 Louis-Philippe,
925.9842519685039 1081.8897637795276 179.5275590551181 54.330708661417326 auteur
1051.1811023622047 1081.8897637795276 107.48031496062993 54.330708661417326 de
1086.6141732283465 1081.8897637795276 322.4409448818898 54.330708661417326 Mémoires.

505.51181102362204 1136.2204724409448 116.92913385826772 49.60629921259842 L.
563.3858267716536 1136.2204724409448 116.92913385826772 49.60629921259842 a.
621.2598425196851 1136.2204724409448 135.82677165354332 49.60629921259842 s.,
699.2125984251968 1136.2204724409448 116.92913385826772 49.60629921259842 23
758.2677165354331 1136.2204724409448 155.90551181102362 49.60629921259842 mars
855.1181102362204 1136.2204724409448 174.8031496062992 49.60629921259842 1842,
972.0472440944882 1136.2204724409448 96.85039370078741 49.60629921259842 1
1011.0236220472441 1136.2204724409448 116.92913385826772 49.60629921259842 p.
1070.0787401574803 1136.2204724409448 174.8031496062992 49.60629921259842 in-8,
1187.007874015748 1136.2204724409448 194.88188976377953 49.60629921259842 cachet
1322.8346456692914 1136.2204724409448 96.85039370078741 49.60629921259842 à
1361.8110236220473 1136.2204724409448 135.82677165354332 49.60629921259842 son
1439.763779527559 1136.2204724409448 233.85826771653544 49.60629921259842 chiffre,
1595.6692913385828 1136.2204724409448 116.92913385826772 49.60629921259842 sur-

454.7244094488189 1181.1023622047244 209.0551181102362 37.79527559055118 monté
595.2755905511812 1181.1023622047244 209.0551181102362 37.79527559055118 d’une
734.6456692913385 1181.1023622047244 278.74015748031496 37.79527559055118 couronne
943.7007874015748 1181.1023622047244 139.37007874015748 37.79527559055118 de
989.7637795275591 1181.1023622047244 186.61417322834646 37.79527559055118 comte.

525.5905511811023 1230.708661417323 191.33858267716536 33.07086614173228 Relative
669.6850393700787 1230.708661417323 80.31496062992126 33.07086614173228 à
701.5748031496063 1230.708661417323 112.20472440944881 33.07086614173228 une
750.0 1230.708661417323 191.33858267716536 33.07086614173228 exécution.

504.3307086614173 1285.0393700787401 211.41732283464566 55.511811023622045 SANSON
653.1496062992126 1285.0393700787401 253.93700787401573 55.511811023622045 (Henri),
843.3070866141733 1285.0393700787401 275.1968503937008 55.511811023622045 exécuteur
1054.724409448819 1285.0393700787401 148.8188976377953 55.511811023622045 des
1139.763779527559 1285.0393700787401 211.41732283464566 55.511811023622045 hautes
1287.4015748031495 1285.0393700787401 211.41732283464566 55.511811023622045 œuvres
1436.2204724409448 1285.0393700787401 168.89763779527559 55.511811023622045 sous
1542.5196850393702 1285.0393700787401 127.55905511811024 55.511811023622045 la
1583.8582677165355 1285.0393700787401 127.55905511811024 55.511811023622045 Res

441.73228346456693 1337.007874015748 227.95275590551182 35.43307086614173 tauration.

505.51181102362204 1388.976377952756 111.02362204724409 43.7007874015748 L.
561.0236220472441 1388.976377952756 111.02362204724409 43.7007874015748 a.
617.7165354330708 1388.976377952756 129.92125984251967 43.7007874015748 s.,
692.1259842519685 1388.976377952756 167.71653543307087 43.7007874015748 1819,
803.1496062992126 1388.976377952756 93.30708661417323 43.7007874015748 1
839.7637795275591 1388.976377952756 111.02362204724409 43.7007874015748 p.
877.5590551181102 1388.976377952756 129.92125984251967 43.7007874015748 in

406.2992125984252 1442.1259842519685 168.89763779527559 59.05511811023622 168.
511.4173228346457 1442.1259842519685 316.53543307086613 59.05511811023622 SALM
764.1732283464567 1442.1259842519685 147.63779527559055 59.05511811023622 (la
849.2125984251968 1442.1259842519685 274.01574803149606 59.05511811023622 princesse
1059.4488188976377 1442.1259842519685 168.89763779527559 59.05511811023622 de),
1164.5669291338584 1442.1259842519685 231.49606299212599 59.05511811023622 célèbre
1333.4645669291338 1442.1259842519685 190.15748031496062 59.05511811023622 femme
1459.8425196850394 1442.1259842519685 210.23622047244095 59.05511811023622 poète,
1607.4803149606298 1442.1259842519685 126.37795275590551 59.05511811023622 né
1648.8188976377953 1442.1259842519685 63.77952755905512 59.05511811023622 à

434.6456692913386 1495.275590551181 187.79527559055117 37.79527559055118 Nantes.

505.51181102362204 1544.8818897637796 125.19685039370079 54.330708661417326 1°
568.1102362204724 1544.8818897637796 125.19685039370079 54.330708661417326 L.
630.7086614173228 1544.8818897637796 125.19685039370079 54.330708661417326 a.
693.3070866141733 1544.8818897637796 125.19685039370079 54.330708661417326 s.
755.9055118110236 1544.8818897637796 103.93700787401575 54.330708661417326 à
797.2440944881889 1544.8818897637796 207.8740157480315 54.330708661417326 Albert
942.5196850393701 1544.8818897637796 125.19685039370079 54.330708661417326 de
1005.1181102362204 1544.8818897637796 290.5511811023622 54.330708661417326 Montémont;
1233.0708661417323 1544.8818897637796 186.61417322834646 54.330708661417326 Dyck,
1358.267716535433 1544.8818897637796 186.61417322834646 54.330708661417326 1831,
1482.283464566929 1544.8818897637796 103.93700787401575 54.330708661417326 6
1524.8031496062993 1544.8818897637796 125.19685039370079 54.330708661417326 p.
1566.1417322834645 1544.8818897637796 145.2755905511811 54.330708661417326 in

451.18110236220474 1586.2204724409448 309.4488188976378 54.330708661417326 enveloppe.
694.488188976378 1586.2204724409448 220.86614173228347 54.330708661417326 Passée
849.2125984251968 1586.2204724409448 132.28346456692913 54.330708661417326 au
915.3543307086615 1586.2204724409448 287.00787401574803 54.330708661417326 vinaigre.
1136.2204724409448 1586.2204724409448 111.02362204724409 54.330708661417326 —
1181.1023622047244 1586.2204724409448 132.28346456692913 54.330708661417326 2°
1247.244094488189 1586.2204724409448 132.28346456692913 54.330708661417326 L.
1313.3858267716535 1586.2204724409448 132.28346456692913 54.330708661417326 s.
1379.5275590551182 1586.2204724409448 132.28346456692913 54.330708661417326 au
1445.6692913385828 1586.2204724409448 198.4251968503937 54.330708661417326 même,
1556.6929133858268 1586.2204724409448 154.7244094488189 54.330708661417326 1837,

454.7244094488189 1634.6456692913387 94.48818897637796 46.06299212598425 3
492.5196850393701 1634.6456692913387 113.38582677165354 46.06299212598425 p.
530.3149606299213 1634.6456692913387 132.28346456692913 46.06299212598425 in

403.93700787401576 1693.7007874015749 166.53543307086613 55.511811023622045 169.
507.87401574803147 1693.7007874015749 394.48818897637796 55.511811023622045 SCHEFFER
840.9448818897638 1693.7007874015749 207.8740157480315 55.511811023622045 (Ary),
986.2204724409448 1693.7007874015749 229.13385826771653 55.511811023622045 peintre
1131.4960629921259 1693.7007874015749 207.8740157480315 55.511811023622045 célèbre.

501.9685039370079 1749.2125984251968 120.4724409448819 49.60629921259842 L.
562.2047244094488 1749.2125984251968 120.4724409448819 49.60629921259842 a.
622.4409448818898 1749.2125984251968 120.4724409448819 49.60629921259842 s.
682.6771653543307 1749.2125984251968 100.39370078740157 49.60629921259842 à
722.8346456692914 1749.2125984251968 120.4724409448819 49.60629921259842 un
783.0708661417323 1749.2125984251968 240.9448818897638 49.60629921259842 général,
962.5984251968504 1749.2125984251968 100.39370078740157 49.60629921259842 1
1002.7559055118111 1749.2125984251968 120.4724409448819 49.60629921259842 p.
1062.992125984252 1749.2125984251968 180.70866141732284 49.60629921259842 in-8.
1163.3858267716535 1749.2125984251968 220.86614173228347 49.60629921259842 Portrait.

402.755905511811 1807.0866141732283 171.25984251968504 54.330708661417326 170.
510.23622047244095 1807.0866141732283 364.96062992125985 54.330708661417326 SICARD
810.2362204724409 1807.0866141732283 278.74015748031496 54.330708661417326 (l’abbé),
1025.1968503937007 1807.0866141732283 236.2204724409449 54.330708661417326 célèbre
1197.6377952755906 1807.0866141732283 322.4409448818898 54.330708661417326 instituteur
1455.1181102362204 1807.0866141732283 150.0 54.330708661417326 des
1518.8976377952756 1807.0866141732283 193.70078740157481 54.330708661417326 Sourds-

453.54330708661416 1856.6929133858268 188.9763779527559 47.24409448818898 Muets,
585.8267716535433 1856.6929133858268 113.38582677165354 47.24409448818898 de
623.6220472440945 1856.6929133858268 246.8503937007874 47.24409448818898 l’Institut.

497.244094488189 1911.023622047244 132.28346456692913 49.60629921259842 L.
563.3858267716536 1911.023622047244 132.28346456692913 49.60629921259842 a.
629.5275590551181 1911.023622047244 132.28346456692913 49.60629921259842 s.
695.6692913385826 1911.023622047244 109.84251968503936 49.60629921259842 à
739.3700787401575 1911.023622047244 219.68503937007873 49.60629921259842 Ponce,
894.0944881889764 1911.023622047244 285.8267716535433 49.60629921259842 président
1113.7795275590552 1911.023622047244 132.28346456692913 49.60629921259842 du
1179.9212598425197 1911.023622047244 198.4251968503937 49.60629921259842 Musée
1312.2047244094488 1911.023622047244 132.28346456692913 49.60629921259842 de
1378.3464566929133 1911.023622047244 219.68503937007873 49.60629921259842 Paris;
1531.8897637795276 1911.023622047244 132.28346456692913 49.60629921259842 10
1575.5905511811025 1911.023622047244 132.28346456692913 49.60629921259842 nov.

455.90551181102364 1954.724409448819 168.89763779527559 44.881889763779526 1790,
568.1102362204724 1954.724409448819 93.30708661417323 44.881889763779526 1
605.9055118110236 1954.724409448819 112.20472440944881 44.881889763779526 p.
643.7007874015748 1954.724409448819 131.10236220472441 44.881889763779526 in

398.0314960629921 2012.5984251968505 190.15748031496062 56.69291338582677 171.
517.3228346456693 2012.5984251968505 309.4488188976378 56.69291338582677 SOPHIE
754.7244094488188 2012.5984251968505 142.91338582677164 56.69291338582677 DE
826.7716535433071 2012.5984251968505 333.07086614173227 56.69291338582677 FRANCE
1087.7952755905512 2012.5984251968505 237.4015748031496 56.69291338582677 (Mme).
1254.3307086614172 2012.5984251968505 213.7795275590551 56.69291338582677 fille
1397.244094488189 2012.5984251968505 142.91338582677164 56.69291338582677 de
1469.291338582677 2012.5984251968505 213.7795275590551 56.69291338582677 Louis
1587.4015748031495 2012.5984251968505 119.29133858267717 56.69291338582677 XV.

493.7007874015748 2068.1102362204724 115.74803149606299 49.60629921259842 L.
551.5748031496063 2068.1102362204724 115.74803149606299 49.60629921259842 a.
609.4488188976378 2068.1102362204724 115.74803149606299 49.60629921259842 s.
667.3228346456693 2068.1102362204724 115.74803149606299 49.60629921259842 (à
725.1968503937007 2068.1102362204724 115.74803149606299 49.60629921259842 la
783.0708661417323 2068.1102362204724 231.49606299212599 49.60629921259842 comtesse
956.6929133858267 2068.1102362204724 115.74803149606299 49.60629921259842 de
1014.5669291338583 2068.1102362204724 231.49606299212599 49.60629921259842 Sivrac),
1188.1889763779527 2068.1102362204724 96.85039370078741 49.60629921259842 5
1227.1653543307086 2068.1102362204724 173.6220472440945 49.60629921259842 juil.
1342.9133858267717 2068.1102362204724 173.6220472440945 49.60629921259842 1763,
1458.6614173228347 2068.1102362204724 134.64566929133858 49.60629921259842 1/2
1535.4330708661416 2068.1102362204724 115.74803149606299 49.60629921259842 p.
1574.4094488188975 2068.1102362204724 134.64566929133858 49.60629921259842 in

401.5748031496063 2124.803149606299 165.35433070866142 59.05511811023622 172.
504.3307086614173 2124.803149606299 370.86614173228344 59.05511811023622 SURCOUF
813.7795275590552 2124.803149606299 268.1102362204724 59.05511811023622 (Robert),
1019.2913385826772 2124.803149606299 268.1102362204724 59.05511811023622 intrépide
1225.984251968504 2124.803149606299 206.69291338582678 59.05511811023622 marin,
1370.0787401574803 2124.803149606299 124.01574803149606 59.05511811023622 né
1431.4960629921259 2124.803149606299 102.75590551181102 59.05511811023622 à
1452.755905511811 2124.803149606299 206.69291338582678 59.05511811023622 St

488.9763779527559 2181.496062992126 120.4724409448819 48.425196850393704 L.
549.2125984251968 2181.496062992126 140.5511811023622 48.425196850393704 s.;
629.5275590551181 2181.496062992126 240.9448818897638 48.425196850393704 St-Malo,
810.2362204724409 2181.496062992126 180.70866141732284 48.425196850393704 1817,
929.5275590551181 2181.496062992126 140.5511811023622 48.425196850393704 1/2
1009.8425196850394 2181.496062992126 120.4724409448819 48.425196850393704 p.
1050.0 2181.496062992126 140.5511811023622 48.425196850393704 in

394.48818897637796 2238.1889763779527 206.69291338582678 54.330708661417326 173.
523.2283464566929 2238.1889763779527 309.4488188976378 54.330708661417326 TABLE
755.9055118110236 2238.1889763779527 154.7244094488189 54.330708661417326 DE
832.6771653543307 2238.1889763779527 231.49606299212599 54.330708661417326 HENRI
987.4015748031496 2238.1889763779527 257.4803149606299 54.330708661417326 IV
1168.1102362204724 2238.1889763779527 128.74015748031496 54.330708661417326 —
1218.8976377952756 2238.1889763779527 257.4803149606299 54.330708661417326 Compte
1399.6062992125985 2238.1889763779527 180.70866141732284 54.330708661417326 des
1477.5590551181103 2238.1889763779527 231.49606299212599 54.330708661417326 fourni-

454.7244094488189 2288.9763779527557 164.17322834645668 54.330708661417326 tures
563.3858267716536 2288.9763779527557 181.88976377952756 54.330708661417326 faites
690.9448818897638 2288.9763779527557 145.2755905511811 54.330708661417326 pour
781.8897637795276 2288.9763779527557 127.55905511811024 54.330708661417326 les
855.1181102362204 2288.9763779527557 346.06299212598424 54.330708661417326 panneteries,
1145.6692913385828 2288.9763779527557 327.1653543307087 54.330708661417326 échansonneries
1418.5039370078741 2288.9763779527557 108.66141732283465 54.330708661417326 et
1455.1181102362204 2288.9763779527557 255.11811023622047 54.330708661417326 cuisines

450.0 2336.220472440945 112.20472440944881 55.511811023622045 du
506.6929133858268 2336.220472440945 131.10236220472441 55.511811023622045 roi
581.1023622047244 2336.220472440945 112.20472440944881 55.511811023622045 le
637.7952755905512 2336.220472440945 94.48818897637796 55.511811023622045 6
675.5905511811023 2336.220472440945 206.69291338582678 55.511811023622045 juillet
825.5905511811023 2336.220472440945 168.89763779527559 55.511811023622045 1607.
938.9763779527559 2336.220472440945 168.89763779527559 55.511811023622045 pièce
1051.1811023622047 2336.220472440945 131.10236220472441 55.511811023622045 sur
1126.7716535433071 2336.220472440945 187.79527559055117 55.511811023622045 vélin,
1257.8740157480315 2336.220472440945 150.0 55.511811023622045 sig.
1352.3622047244094 2336.220472440945 131.10236220472441 55.511811023622045 par
1426.7716535433071 2336.220472440945 94.48818897637796 55.511811023622045 3
1464.5669291338584 2336.220472440945 244.48818897637796 55.511811023622045 officiers
1633.4645669291338 2336.220472440945 75.59055118110236 55.511811023622045 de

450.0 2385.8267716535433 212.5984251968504 53.1496062992126 bouche,
603.5433070866142 2385.8267716535433 96.85039370078741 53.1496062992126 1
642.5196850393701 2385.8267716535433 115.74803149606299 53.1496062992126 p.
700.3937007874016 2385.8267716535433 192.51968503937007 53.1496062992126 double
816.1417322834645 2385.8267716535433 134.64566929133858 53.1496062992126 in

400.3937007874016 2446.0629921259842 147.63779527559055 59.05511811023622 171.
492.5196850393701 2446.0629921259842 295.2755905511811 59.05511811023622 TALMA
732.2834645669292 2446.0629921259842 239.76377952755905 59.05511811023622 (Caroline
917.7165354330708 2446.0629921259842 350.78740157480314 59.05511811023622 Vanhove,
1211.8110236220473 2446.0629921259842 203.1496062992126 59.05511811023622 seconde
1359.4488188976377 2446.0629921259842 166.53543307086613 59.05511811023622 femme
1470.4724409448818 2446.0629921259842 147.63779527559055 59.05511811023622 de),
1543.7007874015749 2446.0629921259842 166.53543307086613 59.05511811023622 actrice

448.81889763779526 2499.212598425197 124.01574803149606 50.78740157480315 du
488.9763779527559 2499.212598425197 392.12598425196853 50.78740157480315 Théâtre

491.33858267716533 2554.7244094488187 111.02362204724409 46.06299212598425 L.
546.8503937007874 2554.7244094488187 111.02362204724409 46.06299212598425 a.
602.3622047244095 2554.7244094488187 129.92125984251967 46.06299212598425 s.,
676.7716535433071 2554.7244094488187 92.1259842519685 46.06299212598425 1
713.3858267716536 2554.7244094488187 111.02362204724409 46.06299212598425 p.
750.0 2554.7244094488187 129.92125984251967 46.06299212598425 in

398.0314960629921 2607.8740157480315 166.53543307086613 59.05511811023622 175.
501.9685039370079 2607.8740157480315 353.1496062992126 59.05511811023622 TERRAY
793.7007874015748 2607.8740157480315 270.4724409448819 59.05511811023622 (l’abbé),
1001.5748031496063 2607.8740157480315 207.8740157480315 59.05511811023622 fameux
1146.8503937007874 2607.8740157480315 457.0866141732283 59.05511811023622 contrôleur-général
1541.3385826771653 2607.8740157480315 145.2755905511811 59.05511811023622 des
1603.9370078740158 2607.8740157480315 103.93700787401575 59.05511811023622 fi

428.74015748031496 2672.834645669291 184.251968503937 27.165354330708663 nances.

490.15748031496065 2711.8110236220473 142.91338582677164 54.330708661417326 1°
561.0236220472441 2711.8110236220473 142.91338582677164 54.330708661417326 L.
633.0708661417323 2711.8110236220473 142.91338582677164 54.330708661417326 s.
705.1181102362204 2711.8110236220473 142.91338582677164 54.330708661417326 au
775.9842519685039 2711.8110236220473 334.251968503937 54.330708661417326 subdélégué
1038.1889763779527 2711.8110236220473 142.91338582677164 54.330708661417326 de
1110.236220472441 2711.8110236220473 262.20472440944883 54.330708661417326 Bayeux;
1301.5748031496064 2711.8110236220473 334.251968503937 54.330708661417326 Compiègne,
1540.1574803149606 2711.8110236220473 166.53543307086613 54.330708661417326 1773,

452.3622047244094 2755.511811023622 148.8188976377953 51.968503937007874 1/2
537.4015748031496 2755.511811023622 127.55905511811024 51.968503937007874 p.
601.1811023622047 2755.511811023622 191.33858267716536 51.968503937007874 in-f.
728.7401574803149 2755.511811023622 255.11811023622047 51.968503937007874 Relative
920.0787401574803 2755.511811023622 148.8188976377953 51.968503937007874 aux
1005.1181102362204 2755.511811023622 212.5984251968504 51.968503937007874 droits
1153.9370078740158 2755.511811023622 170.07874015748033 51.968503937007874 dont
1260.236220472441 2755.511811023622 191.33858267716536 51.968503937007874 jouit
1387.7952755905512 2755.511811023622 191.33858267716536 51.968503937007874 cette
1515.3543307086613 2755.511811023622 212.5984251968504 51.968503937007874 ville.
1642.9133858267717 2755.511811023622 63.77952755905512 51.968503937007874 —

444.09448818897636 2800.3937007874015 132.28346456692913 53.1496062992126 2°
510.23622047244095 2800.3937007874015 243.30708661417322 53.1496062992126 Mémoire
687.4015748031496 2800.3937007874015 177.16535433070865 53.1496062992126 avec
798.4251968503937 2800.3937007874015 154.7244094488189 53.1496062992126 une
887.007874015748 2800.3937007874015 177.16535433070865 53.1496062992126 note
998.0314960629921 2800.3937007874015 177.16535433070865 53.1496062992126 aut.
1107.8740157480315 2800.3937007874015 177.16535433070865 53.1496062992126 sig.
1218.8976377952756 2800.3937007874015 132.28346456692913 53.1496062992126 en
1285.0393700787401 2800.3937007874015 220.86614173228347 53.1496062992126 marge,
1439.763779527559 2800.3937007874015 199.60629921259843 53.1496062992126 1774,
1573.2283464566929 2800.3937007874015 132.28346456692913 53.1496062992126 19
1616.9291338582677 2800.3937007874015 88.58267716535433 53.1496062992126 p.

431.1023622047244 2844.0944881889764 127.55905511811024 35.43307086614173 in
