2182.6771653543306 3351.968503937008
1040.5511811023623 403.93700787401576 154.7244094488189 36.61417322834646 —
1101.9685039370079 403.93700787401576 185.43307086614172 36.61417322834646 24
1164.5669291338584 403.93700787401576 93.30708661417323 36.61417322834646 —

616.5354330708661 483.07086614173227 144.09448818897638 37.79527559055118 Cette
713.3858267716536 483.07086614173227 192.51968503937007 37.79527559055118 dernière
857.4803149606299 483.07086614173227 160.62992125984252 37.79527559055118 pièce,
969.6850393700787 483.07086614173227 128.74015748031496 37.79527559055118 très
1050.0 483.07086614173227 209.0551181102362 37.79527559055118 curieuse,
1210.6299212598426 483.07086614173227 112.20472440944881 37.79527559055118 est
1275.5905511811025 483.07086614173227 192.51968503937007 37.79527559055118 relative
1419.6850393700788 483.07086614173227 112.20472440944881 37.79527559055118 aux
1483.4645669291338 483.07086614173227 175.98425196850394 37.79527559055118 preuves
1612.2047244094488 483.07086614173227 96.85039370078741 37.79527559055118 de
1644.0944881889764 483.07086614173227 160.62992125984252 37.79527559055118 noblesse

581.1023622047244 519.6850393700787 98.03149606299213 37.79527559055118 de
630.7086614173228 519.6850393700787 98.03149606299213 37.79527559055118 la
679.1338582677165 519.6850393700787 179.5275590551181 37.79527559055118 famille
810.2362204724409 519.6850393700787 98.03149606299213 37.79527559055118 de
858.6614173228346 519.6850393700787 277.5590551181102 37.79527559055118 Beauchesne
1086.6141732283465 519.6850393700787 98.03149606299213 37.79527559055118 de
1136.2204724409448 519.6850393700787 98.03149606299213 37.79527559055118 La
1184.6456692913387 519.6850393700787 342.5196850393701 37.79527559055118 Chevalleraye,
1478.740157480315 519.6850393700787 129.92125984251967 37.79527559055118 pour
1560.236220472441 519.6850393700787 114.56692913385827 37.79527559055118 son
1625.1968503937007 519.6850393700787 179.5275590551181 37.79527559055118 domaine
1739.763779527559 519.6850393700787 64.96062992125984 37.79527559055118 de

579.9212598425197 558.6614173228346 211.41732283464566 37.79527559055118 Talhouet,
742.9133858267717 558.6614173228346 98.03149606299213 37.79527559055118 en
775.9842519685039 558.6614173228346 179.5275590551181 37.79527559055118 Bretagne.

499.6062992125984 609.4488188976378 162.99212598425197 51.968503937007874 176.
601.1811023622047 609.4488188976378 387.40157480314963 51.968503937007874 VICTOIRE
927.1653543307086 609.4488188976378 204.33070866141733 51.968503937007874 (Mme),
1070.0787401574803 609.4488188976378 183.0708661417323 51.968503937007874 fille
1191.732283464567 609.4488188976378 122.83464566929133 51.968503937007874 de
1253.1496062992126 609.4488188976378 183.0708661417323 51.968503937007874 Louis
1375.984251968504 609.4488188976378 142.91338582677164 51.968503937007874 XV,
1457.4803149606298 609.4488188976378 264.56692913385825 51.968503937007874 princesse
1640.5511811023623 609.4488188976378 162.99212598425197 51.968503937007874 connue

550.3937007874016 660.2362204724409 129.92125984251967 49.60629921259842 par
624.8031496062993 660.2362204724409 111.02362204724409 49.60629921259842 sa
680.3149606299213 660.2362204724409 166.53543307086613 49.60629921259842 piété
791.3385826771654 660.2362204724409 111.02362204724409 49.60629921259842 et
848.0314960629921 660.2362204724409 129.92125984251967 49.60629921259842 ses
903.5433070866142 660.2362204724409 166.53543307086613 49.60629921259842 vertus.

588.1889763779527 716.9291338582677 129.92125984251967 46.06299212598425 L.
653.1496062992126 716.9291338582677 129.92125984251967 46.06299212598425 a.
718.1102362204724 716.9291338582677 129.92125984251967 46.06299212598425 s.
783.0708661417323 716.9291338582677 129.92125984251967 46.06299212598425 (à
848.0314960629921 716.9291338582677 129.92125984251967 46.06299212598425 la
912.992125984252 716.9291338582677 259.84251968503935 46.06299212598425 comtesse
1107.8740157480315 716.9291338582677 129.92125984251967 46.06299212598425 de
1172.8346456692914 716.9291338582677 259.84251968503935 46.06299212598425 Sivrac);
1367.716535433071 716.9291338582677 303.54330708661416 46.06299212598425 Compiègne,
1606.2992125984251 716.9291338582677 129.92125984251967 46.06299212598425 15
1650.0 716.9291338582677 151.1811023622047 46.06299212598425 juil.

556.2992125984252 762.992125984252 132.28346456692913 44.881889763779526 1763,
643.7007874015748 762.992125984252 73.22834645669292 44.881889763779526 1
673.2283464566929 762.992125984252 87.4015748031496 44.881889763779526 p.
716.9291338582677 762.992125984252 102.75590551181102 44.881889763779526 pl.
775.9842519685039 762.992125984252 132.28346456692913 44.881889763779526 in-8.
863.3858267716536 762.992125984252 175.98425196850394 44.881889763779526 Belle
980.3149606299213 762.992125984252 175.98425196850394 44.881889763779526 pièce.

498.4251968503937 820.8661417322835 160.62992125984252 51.968503937007874 177.
598.8188976377953 820.8661417322835 320.0787401574803 51.968503937007874 WEISS
858.6614173228346 820.8661417322835 279.9212598425197 51.968503937007874 (Charles),
1079.5275590551182 820.8661417322835 259.84251968503935 51.968503937007874 laborieux
1279.1338582677165 820.8661417322835 279.9212598425197 51.968503937007874 biographe,
1500.0 820.8661417322835 120.4724409448819 51.968503937007874 né
1560.236220472441 820.8661417322835 100.39370078740157 51.968503937007874 à
1580.3149606299212 820.8661417322835 219.68503937007873 51.968503937007874 Besançon,

543.3070866141733 872.8346456692914 178.3464566929134 36.61417322834646 mort
633.0708661417323 872.8346456692914 266.92913385826773 36.61417322834646 récemment.

585.8267716535433 929.5275590551181 111.02362204724409 47.24409448818898 4
630.7086614173228 929.5275590551181 132.28346456692913 47.24409448818898 l.
696.8503937007874 929.5275590551181 132.28346456692913 47.24409448818898 a.
762.992125984252 929.5275590551181 132.28346456692913 47.24409448818898 s.
829.1338582677165 929.5275590551181 111.02362204724409 47.24409448818898 à
872.8346456692914 929.5275590551181 264.56692913385825 47.24409448818898 Amanton;
1072.4409448818897 929.5275590551181 287.00787401574803 47.24409448818898 Besançon,
1293.3070866141732 929.5275590551181 264.56692913385825 47.24409448818898 1815-32,
1491.732283464567 929.5275590551181 132.28346456692913 47.24409448818898 11
1557.8740157480315 929.5275590551181 132.28346456692913 47.24409448818898 p.
1624.015748031496 929.5275590551181 177.16535433070865 47.24409448818898 in-8
1712.5984251968505 929.5275590551181 88.58267716535433 47.24409448818898 ou

529.1338582677165 970.8661417322835 128.74015748031496 36.61417322834646 in

616.5354330708661 1027.5590551181103 284.6456692913386 37.79527559055118 Correspondance
853.9370078740158 1027.5590551181103 126.37795275590551 37.79527559055118 très
933.0708661417323 1027.5590551181103 269.29133858267716 37.79527559055118 intéressante,
1153.9370078740158 1027.5590551181103 190.15748031496062 37.79527559055118 relative
1296.8503937007874 1027.5590551181103 94.48818897637796 37.79527559055118 en
1344.0944881889764 1027.5590551181103 158.26771653543307 37.79527559055118 grande
1455.1181102362204 1027.5590551181103 158.26771653543307 37.79527559055118 partie
1566.1417322834645 1027.5590551181103 79.13385826771653 37.79527559055118 à
1598.0314960629921 1027.5590551181103 111.02362204724409 37.79527559055118 ses
1645.275590551181 1027.5590551181103 158.26771653543307 37.79527559055118 articles

579.9212598425197 1060.6299212598426 116.92913385826772 46.06299212598425 pour
651.9685039370079 1060.6299212598426 87.4015748031496 46.06299212598425 la
695.6692913385826 1060.6299212598426 248.03149606299212 46.06299212598425 Biographie
900.0 1060.6299212598426 276.37795275590554 46.06299212598425 universelle
1132.6771653543308 1060.6299212598426 87.4015748031496 46.06299212598425 de
1176.3779527559054 1060.6299212598426 174.8031496062992 46.06299212598425 Michaud,
1308.6614173228347 1060.6299212598426 116.92913385826772 46.06299212598425 dont
1380.708661417323 1060.6299212598426 87.4015748031496 46.06299212598425 il
1424.4094488188975 1060.6299212598426 131.10236220472441 46.06299212598425 était
1511.8110236220473 1060.6299212598426 87.4015748031496 46.06299212598425 le
1555.5118110236222 1060.6299212598426 188.9763779527559 46.06299212598425 principal
1686.6141732283465 1060.6299212598426 116.92913385826772 46.06299212598425 colla

559.8425196850394 1104.3307086614172 173.6220472440945 29.52755905511811 borateur.

494.88188976377955 1156.2992125984251 174.8031496062992 63.77952755905512 178.
603.5433070866142 1156.2992125984251 458.26771653543307 63.77952755905512 COLLECTION
995.6692913385826 1156.2992125984251 152.36220472440945 63.77952755905512 des
1083.0708661417323 1156.2992125984251 304.7244094488189 63.77952755905512 catalogues
1322.8346456692914 1156.2992125984251 370.86614173228344 63.77952755905512 d’autographes
1606.2992125984251 1156.2992125984251 196.06299212598427 63.77952755905512 rédigés

548.0314960629921 1208.267716535433 121.65354330708661 60.23622047244095 par
617.7165354330708 1208.267716535433 103.93700787401575 60.23622047244095 M.
669.6850393700787 1208.267716535433 295.2755905511811 60.23622047244095 Charon
912.992125984252 1208.267716535433 103.93700787401575 60.23622047244095 et
964.9606299212599 1208.267716535433 121.65354330708661 60.23622047244095 par
1034.6456692913387 1208.267716535433 103.93700787401575 60.23622047244095 M.
1086.6141732283465 1208.267716535433 243.30708661417322 60.23622047244095 Auguste
1277.9527559055118 1208.267716535433 295.2755905511811 60.23622047244095 Laverdet,
1521.259842519685 1208.267716535433 103.93700787401575 60.23622047244095 de
1573.2283464566929 1208.267716535433 139.37007874015748 60.23622047244095 1839
1659.4488188976377 1208.267716535433 87.4015748031496 60.23622047244095 à
1677.1653543307086 1208.267716535433 121.65354330708661 60.23622047244095 1863,

544.488188976378 1246.0629921259842 151.1811023622047 62.59842519685039 avec
638.9763779527559 1246.0629921259842 132.28346456692913 62.59842519685039 les
714.5669291338583 1246.0629921259842 170.07874015748033 62.59842519685039 prix,
827.9527559055118 1246.0629921259842 94.48818897637796 62.59842519685039 9
865.7480314960629 1246.0629921259842 151.1811023622047 62.59842519685039 vol.
961.4173228346457 1246.0629921259842 170.07874015748033 62.59842519685039 in-8,
1074.8031496062993 1246.0629921259842 132.28346456692913 62.59842519685039 1/2
1150.3937007874015 1246.0629921259842 151.1811023622047 62.59842519685039 rel.
1225.984251968504 1246.0629921259842 132.28346456692913 62.59842519685039 veau.

493.7007874015748 1321.6535433070867 184.251968503937 49.60629921259842 179.
608.2677165354331 1321.6535433070867 459.4488188976378 49.60629921259842 CATALOGUE
998.0314960629921 1321.6535433070867 138.18897637795277 49.60629921259842 de
1067.716535433071 1321.6535433070867 138.18897637795277 49.60629921259842 la
1136.2204724409448 1321.6535433070867 321.25984251968504 49.60629921259842 collection
1388.976377952756 1321.6535433070867 413.38582677165357 49.60629921259842 d’autographes,
1710.236220472441 1321.6535433070867 92.1259842519685 49.60629921259842 de

542.1259842519685 1368.8976377952756 132.28346456692913 49.60629921259842 M.
608.2677165354331 1368.8976377952756 198.4251968503937 49.60629921259842 Lucas
740.5511811023622 1368.8976377952756 132.28346456692913 49.60629921259842 de
806.6929133858267 1368.8976377952756 285.8267716535433 49.60629921259842 Montigny,
1026.3779527559054 1368.8976377952756 219.68503937007873 49.60629921259842 rédigé
1181.1023622047244 1368.8976377952756 154.7244094488189 49.60629921259842 par
1269.6850393700788 1368.8976377952756 132.28346456692913 49.60629921259842 M.
1335.8267716535433 1368.8976377952756 175.98425196850394 49.60629921259842 Aug.
1445.6692913385828 1368.8976377952756 285.8267716535433 49.60629921259842 Laverdet;
1644.0944881889764 1368.8976377952756 154.7244094488189 49.60629921259842 1860,

542.1259842519685 1418.5039370078741 106.2992125984252 50.78740157480315 1
584.6456692913385 1418.5039370078741 171.25984251968504 50.78740157480315 vol.
692.1259842519685 1418.5039370078741 171.25984251968504 50.78740157480315 in-8
798.4251968503937 1418.5039370078741 235.03937007874015 50.78740157480315 broché.
969.6850393700787 1418.5039370078741 298.81889763779526 50.78740157480315 Exemplaire
1204.724409448819 1418.5039370078741 128.74015748031496 50.78740157480315 en
1268.5039370078741 1418.5039370078741 171.25984251968504 50.78740157480315 pap.
1374.8031496062993 1418.5039370078741 192.51968503937007 50.78740157480315 vergé
1503.5433070866143 1418.5039370078741 128.74015748031496 50.78740157480315 et
1567.3228346456692 1418.5039370078741 171.25984251968504 50.78740157480315 avec
1652.3622047244094 1418.5039370078741 150.0 50.78740157480315 litre

522.0472440944882 1477.5590551181103 161.81102362204723 37.79527559055118 rouge.

493.7007874015748 1530.708661417323 174.8031496062992 49.60629921259842 180.
602.3622047244095 1530.708661417323 174.8031496062992 49.60629921259842 Sous
711.0236220472441 1530.708661417323 131.10236220472441 49.60629921259842 ce
775.9842519685039 1530.708661417323 217.3228346456693 49.60629921259842 numéro
928.3464566929134 1530.708661417323 217.3228346456693 49.60629921259842 seront
1080.708661417323 1530.708661417323 217.3228346456693 49.60629921259842 vendus
1234.251968503937 1530.708661417323 283.46456692913387 49.60629921259842 plusieurs
1451.5748031496064 1530.708661417323 174.8031496062992 49.60629921259842 lots
1560.236220472441 1530.708661417323 131.10236220472441 49.60629921259842 de
1603.9370078740158 1530.708661417323 196.06299212598427 49.60629921259842 catalo-

542.1259842519685 1577.9527559055118 162.99212598425197 50.78740157480315 gues
643.7007874015748 1577.9527559055118 367.3228346456693 50.78740157480315 d’autographes,
950.7874015748032 1577.9527559055118 162.99212598425197 50.78740157480315 dont
1052.3622047244094 1577.9527559055118 122.83464566929133 50.78740157480315 un
1113.7795275590552 1577.9527559055118 224.40944881889763 50.78740157480315 certain
1276.7716535433071 1577.9527559055118 204.33070866141733 50.78740157480315 nombre
1420.8661417322835 1577.9527559055118 162.99212598425197 50.78740157480315 avec
1522.4409448818897 1577.9527559055118 142.91338582677164 50.78740157480315 les
1583.8582677165355 1577.9527559055118 142.91338582677164 50.78740157480315 prix.

491.33858267716533 1644.0944881889764 184.251968503937 50.78740157480315 181.
605.9055118110236 1644.0944881889764 483.07086614173227 50.78740157480315 PORTRAlTS.
1019.2913385826772 1644.0944881889764 252.75590551181102 50.78740157480315 Environ
1203.5433070866143 1644.0944881889764 160.62992125984252 50.78740157480315 100
1295.6692913385828 1644.0944881889764 322.4409448818898 50.78740157480315 portraits,
1548.4251968503936 1644.0944881889764 160.62992125984252 50.78740157480315 qui
1616.9291338582677 1644.0944881889764 184.251968503937 50.78740157480315 seront

542.1259842519685 1693.7007874015749 201.96850393700788 50.78740157480315 vendus
682.6771653543307 1693.7007874015749 120.4724409448819 50.78740157480315 en
744.0944881889764 1693.7007874015749 120.4724409448819 50.78740157480315 un
804.3307086614174 1693.7007874015749 120.4724409448819 50.78740157480315 ou
864.5669291338583 1693.7007874015749 262.20472440944883 50.78740157480315 plusieurs
1046.4566929133857 1693.7007874015749 140.5511811023622 50.78740157480315 lots.

825.5905511811023 1853.1496062992126 513.7795275590552 46.06299212598425 REVUE

455.90551181102364 1942.9133858267717 582.2834645669292 89.76377952755905 DES
804.3307086614174 1942.9133858267717 989.7637795275591 89.76377952755905 AUTOGRAPHES

598.8188976377953 2063.3858267716537 194.88188976377953 55.511811023622045 DES
734.6456692913385 2063.3858267716537 272.8346456692913 55.511811023622045 CURIOSITÉS
948.4251968503937 2063.3858267716537 116.92913385826772 55.511811023622045 DE
1006.2992125984252 2063.3858267716537 272.8346456692913 55.511811023622045 L'HISTOIRE
1221.259842519685 2063.3858267716537 116.92913385826772 55.511811023622045 ET
1279.1338582677165 2063.3858267716537 116.92913385826772 55.511811023622045 DE
1337.007874015748 2063.3858267716537 116.92913385826772 55.511811023622045 LA
1375.984251968504 2063.3858267716537 311.81102362204723 55.511811023622045 BIOGRAPHIE

540.9448818897638 2150.787401574803 310.62992125984255 40.15748031496063 PARAISSANT
785.4330708661417 2150.787401574803 133.46456692913387 40.15748031496063 LE
852.7559055118111 2150.787401574803 133.46456692913387 40.15748031496063 15
918.8976377952756 2150.787401574803 133.46456692913387 40.15748031496063 DE
985.0393700787401 2150.787401574803 222.04724409448818 40.15748031496063 CHAQUE
1140.9448818897638 2150.787401574803 199.60629921259843 40.15748031496063 MOIS,
1274.4094488188975 2150.787401574803 177.16535433070865 40.15748031496063 SOUS
1385.4330708661416 2150.787401574803 133.46456692913387 40.15748031496063 LA
1451.5748031496064 2150.787401574803 289.37007874015745 40.15748031496063 DIRECTION
1652.3622047244094 2150.787401574803 88.58267716535433 40.15748031496063 DE

843.3070866141733 2227.5590551181103 380.31496062992125 34.25196850393701 GABRIEL
1085.4330708661416 2227.5590551181103 346.06299212598424 34.25196850393701 CHARAVAY

1224.8031496062993 2301.968503937008 237.4015748031496 38.976377952755904 France,
1397.244094488189 2301.968503937008 129.92125984251967 38.976377952755904 un
1462.2047244094488 2301.968503937008 151.1811023622047 38.976377952755904 an.
1548.4251968503936 2301.968503937008 107.48031496062993 38.976377952755904 .
1592.1259842519685 2301.968503937008 107.48031496062993 38.976377952755904 .
1634.6456692913387 2301.968503937008 107.48031496062993 38.976377952755904 6
1657.0866141732283 2301.968503937008 107.48031496062993 38.976377952755904 fr.

1220.0787401574803 2352.755905511811 316.53543307086613 42.51968503937008 Etranger,
1464.5669291338584 2352.755905511811 121.65354330708661 42.51968503937008 —
1512.992125984252 2352.755905511811 121.65354330708661 42.51968503937008 .
1561.4173228346456 2352.755905511811 121.65354330708661 42.51968503937008 .
1609.8425196850394 2352.755905511811 121.65354330708661 42.51968503937008 .
1634.6456692913387 2352.755905511811 73.22834645669292 42.51968503937008 7

631.8897637795276 2298.4251968503936 272.8346456692913 42.51968503937008 BUREAUX:

536.2204724409448 2345.6692913385828 152.36220472440945 49.60629921259842 5,
637.7952755905512 2345.6692913385828 119.29133858267717 49.60629921259842 rue
705.1181102362204 2345.6692913385828 119.29133858267717 49.60629921259842 des
755.9055118110236 2345.6692913385828 271.65354330708664 49.60629921259842 Poitevins.

524.4094488188977 2480.314960629921 190.15748031496062 46.06299212598425 Un
620.0787401574803 2480.314960629921 602.3622047244095 46.06299212598425 DICTIONNAIRE
1126.7716535433071 2480.314960629921 222.04724409448818 46.06299212598425 DES
1221.259842519685 2480.314960629921 570.4724409448819 46.06299212598425 AUTOGRAPHES,

487.79527559055117 2528.740157480315 200.78740157480314 51.968503937007874 format
628.3464566929134 2528.740157480315 180.70866141732284 51.968503937007874 in-8,
748.8188976377953 2528.740157480315 200.78740157480314 51.968503937007874 rédigé
889.3700787401575 2528.740157480315 140.5511811023622 51.968503937007874 sur
969.6850393700787 2528.740157480315 120.4724409448819 51.968503937007874 un
1029.9212598425197 2528.740157480315 160.62992125984252 51.968503937007874 plan
1130.3149606299212 2528.740157480315 301.18110236220474 51.968503937007874 entièrement
1372.4409448818897 2528.740157480315 180.70866141732284 51.968503937007874 neuf,
1492.9133858267717 2528.740157480315 200.78740157480314 51.968503937007874 paraît
1613.3858267716535 2528.740157480315 180.70866141732284 51.968503937007874 séparé-

487.79527559055117 2578.3464566929133 180.70866141732284 51.968503937007874 ment,
608.2677165354331 2578.3464566929133 100.39370078740157 51.968503937007874 à
648.4251968503937 2578.3464566929133 200.78740157480314 51.968503937007874 raison
788.9763779527559 2578.3464566929133 120.4724409448819 51.968503937007874 de
848.0314960629921 2578.3464566929133 120.4724409448819 51.968503937007874 12
908.2677165354331 2578.3464566929133 281.1023622047244 51.968503937007874 livraisons
1129.1338582677165 2578.3464566929133 120.4724409448819 51.968503937007874 de
1189.3700787401574 2578.3464566929133 120.4724409448819 51.968503937007874 16
1249.6062992125985 2578.3464566929133 180.70866141732284 51.968503937007874 pages
1370.0787401574803 2578.3464566929133 140.5511811023622 51.968503937007874 par
1450.3937007874015 2578.3464566929133 140.5511811023622 51.968503937007874 an.
1529.5275590551182 2578.3464566929133 140.5511811023622 51.968503937007874 Cet
1589.763779527559 2578.3464566929133 200.78740157480314 51.968503937007874 ouvrage,

487.79527559055117 2626.771653543307 162.99212598425197 53.1496062992126 tiré
589.3700787401575 2626.771653543307 101.5748031496063 53.1496062992126 à
630.7086614173228 2626.771653543307 183.0708661417323 53.1496062992126 petit
752.3622047244095 2626.771653543307 224.40944881889763 53.1496062992126 nombre,
915.3543307086615 2626.771653543307 142.91338582677164 53.1496062992126 est
996.8503937007874 2626.771653543307 224.40944881889763 53.1496062992126 destiné
1159.8425196850394 2626.771653543307 142.91338582677164 53.1496062992126 aux
1241.3385826771653 2626.771653543307 183.0708661417323 53.1496062992126 seuls
1364.1732283464567 2626.771653543307 224.40944881889763 53.1496062992126 abonnés
1527.1653543307086 2626.771653543307 122.83464566929133 53.1496062992126 de
1587.4015748031495 2626.771653543307 122.83464566929133 53.1496062992126 la
1628.740157480315 2626.771653543307 162.99212598425197 53.1496062992126 REVUE,

487.79527559055117 2677.5590551181103 138.18897637795277 50.78740157480315 qui
566.9291338582677 2677.5590551181103 118.11023622047244 50.78740157480315 le
625.9842519685039 2677.5590551181103 256.2992125984252 50.78740157480315 recevront
823.2283464566929 2677.5590551181103 217.3228346456693 50.78740157480315 franco,
981.496062992126 2677.5590551181103 118.11023622047244 50.78740157480315 en
1040.5511811023623 2677.5590551181103 236.2204724409449 50.78740157480315 ajoutant
1217.716535433071 2677.5590551181103 99.21259842519684 50.78740157480315 6
1257.8740157480315 2677.5590551181103 138.18897637795277 50.78740157480315 fr.
1337.007874015748 2677.5590551181103 138.18897637795277 50.78740157480315 par
1416.1417322834645 2677.5590551181103 118.11023622047244 50.78740157480315 an
1475.1968503937007 2677.5590551181103 158.26771653543307 50.78740157480315 pour
1573.2283464566929 2677.5590551181103 118.11023622047244 50.78740157480315 la
1613.3858267716535 2677.5590551181103 177.16535433070865 50.78740157480315 France,

487.79527559055117 2727.165354330709 112.20472440944881 49.60629921259842 et
544.488188976378 2727.165354330709 93.30708661417323 49.60629921259842 7
581.1023622047244 2727.165354330709 131.10236220472441 49.60629921259842 fr.
656.6929133858267 2727.165354330709 150.0 49.60629921259842 pour
731.1023622047244 2727.165354330709 243.30708661417322 49.60629921259842 l’étranger.

681.496062992126 2821.6535433070867 167.71653543307087 33.07086614173228 Rouen,
811.4173228346457 2821.6535433070867 103.93700787401575 33.07086614173228 imp.
875.1968503937007 2821.6535433070867 129.92125984251967 33.07086614173228 Julien
966.1417322834645 2821.6535433070867 129.92125984251967 33.07086614173228 Lecerf
1057.0866141732283 2821.6535433070867 77.95275590551181 33.07086614173228 et
1096.0629921259842 2821.6535433070867 129.92125984251967 33.07086614173228 Duval,
1185.8267716535433 2821.6535433070867 90.94488188976378 33.07086614173228 rue
1237.7952755905512 2821.6535433070867 90.94488188976378 33.07086614173228 des
1289.763779527559 2821.6535433070867 219.68503937007873 33.07086614173228 Bons-Enfants,
1458.6614173228347 2821.6535433070867 154.7244094488189 33.07086614173228 46
