2198.031496062992 3366.1417322834645
614.1732283464567 487.79527559055117 803.1496062992126 53.1496062992126 CATALOGUE

858.6614173228346 654.3307086614174 170.07874015748033 34.25196850393701 D'UNE
972.0472440944882 654.3307086614174 170.07874015748033 34.25196850393701 BELLE
1066.5354330708662 654.3307086614174 227.95275590551182 34.25196850393701 COLLECTION

1033.4645669291338 775.9842519685039 70.86614173228347 20.078740157480315 DE

483.07086614173227 890.5511811023622 625.9842519685039 72.04724409448819 <LETTRES
941.3385826771654 890.5511811023622 709.8425196850394 72.04724409448819 AUTOGRAPHES

431.1023622047244 1286.2204724409448 125.19685039370079 57.874015748031496 1.
493.7007874015748 1286.2204724409448 314.1732283464567 57.874015748031496 ADAM
745.2755905511812 1286.2204724409448 292.9133858267717 57.874015748031496 (Adolphe),
975.5905511811023 1286.2204724409448 230.31496062992127 57.874015748031496 célèbre
1142.1259842519685 1286.2204724409448 314.1732283464567 57.874015748031496 compositeur
1393.7007874015749 1286.2204724409448 125.19685039370079 57.874015748031496 de
1456.2992125984251 1286.2204724409448 250.39370078740157 57.874015748031496 musique,
1622.8346456692914 1286.2204724409448 105.11811023622047 57.874015748031496 au-

484.251968503937 1335.8267716535433 107.48031496062993 38.976377952755904 teur
550.3937007874016 1335.8267716535433 80.31496062992126 38.976377952755904 du
577.5590551181102 1335.8267716535433 214.96062992125985 38.976377952755904 Châlet.

524.4094488188977 1392.5196850393702 103.93700787401575 51.968503937007874 1°
576.3779527559055 1392.5196850393702 173.6220472440945 51.968503937007874 Billet
698.0314960629921 1392.5196850393702 139.37007874015748 51.968503937007874 aut.
785.4330708661417 1392.5196850393702 155.90551181102362 51.968503937007874 sig.,
889.3700787401575 1392.5196850393702 87.4015748031496 51.968503937007874 1
924.8031496062993 1392.5196850393702 103.93700787401575 51.968503937007874 p.
976.7716535433071 1392.5196850393702 173.6220472440945 51.968503937007874 in-32.
1098.4251968503936 1392.5196850393702 87.4015748031496 51.968503937007874 —
1132.6771653543308 1392.5196850393702 103.93700787401575 51.968503937007874 2°
1184.6456692913387 1392.5196850393702 312.99212598425197 51.968503937007874 L’Orpheline
1445.6692913385828 1392.5196850393702 103.93700787401575 51.968503937007874 de
1479.9212598425197 1392.5196850393702 243.30708661417322 51.968503937007874 village,

471.25984251968504 1436.2204724409448 237.4015748031496 53.1496062992126 romance
643.7007874015748 1436.2204724409448 172.44094488188978 53.1496062992126 aut.
752.3622047244095 1436.2204724409448 194.88188976377953 53.1496062992126 sig.,
881.1023622047244 1436.2204724409448 237.4015748031496 53.1496062992126 paroles
1054.724409448819 1436.2204724409448 129.92125984251967 53.1496062992126 et
1119.6850393700788 1436.2204724409448 259.84251968503935 53.1496062992126 musique,
1313.3858267716535 1436.2204724409448 107.48031496062993 53.1496062992126 6
1357.0866141732283 1436.2204724409448 194.88188976377953 53.1496062992126 sept.
1487.007874015748 1436.2204724409448 194.88188976377953 53.1496062992126 1845,
1616.9291338582677 1436.2204724409448 107.48031496062993 53.1496062992126 2
1638.1889763779527 1436.2204724409448 86.22047244094489 53.1496062992126 p.

471.25984251968504 1478.740157480315 198.4251968503937 46.06299212598425 in-f.,
590.5511811023622 1478.740157480315 178.3464566929134 46.06299212598425 oblong.

419.29133858267716 1538.976377952756 139.37007874015748 56.69291338582677 2.
488.9763779527559 1538.976377952756 488.9763779527559 56.69291338582677 ALMELOVEEM
908.2677165354331 1538.976377952756 395.6692913385827 56.69291338582677 (Théod.-Jans.
1233.0708661417323 1538.976377952756 209.0551181102362 56.69291338582677 Van),
1373.6220472440946 1538.976377952756 232.6771653543307 56.69291338582677 savant
1512.992125984252 1538.976377952756 209.0551181102362 56.69291338582677 médecin

471.25984251968504 1587.4015748031495 297.6377952755906 57.874015748031496 hollandais,
709.8425196850394 1587.4015748031495 277.5590551181102 57.874015748031496 traducteur
928.3464566929134 1587.4015748031495 317.7165354330709 57.874015748031496 d’Hippocrate
1185.8267716535433 1587.4015748031495 119.29133858267717 57.874015748031496 et
1246.0629921259842 1587.4015748031495 119.29133858267717 57.874015748031496 de
1286.2204724409448 1587.4015748031495 159.4488188976378 57.874015748031496 Celse.

510.23622047244095 1647.6377952755906 134.64566929133858 55.511811023622045 45
577.5590551181102 1647.6377952755906 179.5275590551181 55.511811023622045 let.
689.7637795275591 1647.6377952755906 179.5275590551181 55.511811023622045 aut.
801.9685039370079 1647.6377952755906 201.96850393700788 55.511811023622045 sig.,
936.6141732283464 1647.6377952755906 134.64566929133858 55.511811023622045 en
1003.9370078740158 1647.6377952755906 224.40944881889763 55.511811023622045 latin,
1159.8425196850394 1647.6377952755906 112.20472440944881 55.511811023622045 à
1204.724409448819 1647.6377952755906 201.96850393700788 55.511811023622045 Henri
1339.3700787401574 1647.6377952755906 157.08661417322836 55.511811023622045 Van
1429.1338582677165 1647.6377952755906 314.1732283464567 55.511811023622045 Sypesteyn,
1653.5433070866143 1647.6377952755906 67.32283464566929 55.511811023622045 à

466.53543307086613 1690.1574803149606 227.95275590551182 51.968503937007874 Doorn;
625.9842519685039 1690.1574803149606 318.8976377952756 51.968503937007874 Harderwick
876.3779527559055 1690.1574803149606 342.5196850393701 51.968503937007874 (Hollande),
1150.3937007874015 1690.1574803149606 318.8976377952756 51.968503937007874 1693-1711,
1401.9685039370079 1690.1574803149606 250.39370078740157 51.968503937007874 environ
1583.8582677165355 1690.1574803149606 137.00787401574803 51.968503937007874 80
1629.9212598425197 1690.1574803149606 90.94488188976378 51.968503937007874 p.

471.25984251968504 1733.8582677165355 178.3464566929134 43.7007874015748 in-4,
570.4724409448819 1733.8582677165355 198.4251968503937 43.7007874015748 cachets.

539.7637795275591 1788.1889763779527 272.8346456692913 43.7007874015748 Correspondance
767.7165354330708 1788.1889763779527 226.77165354330708 43.7007874015748 littéraire,
949.6062992125984 1788.1889763779527 288.18897637795277 43.7007874015748 bibliographique
1191.732283464567 1788.1889763779527 90.94488188976378 43.7007874015748 et
1236.6141732283465 1788.1889763779527 242.1259842519685 43.7007874015748 scientifique
1433.8582677165355 1788.1889763779527 121.65354330708661 43.7007874015748 fort
1495.275590551181 1788.1889763779527 226.77165354330708 43.7007874015748 intéressante.

419.29133858267716 1840.1574803149606 126.37795275590551 55.511811023622045 3.
483.07086614173227 1840.1574803149606 377.9527559055118 55.511811023622045 ARNOULD
797.2440944881889 1840.1574803149606 272.8346456692913 55.511811023622045 (Sophie),
1007.4803149606299 1840.1574803149606 231.49606299212599 55.511811023622045 actrice
1176.3779527559054 1840.1574803149606 126.37795275590551 55.511811023622045 de
1238.976377952756 1840.1574803149606 251.5748031496063 55.511811023622045 l’Opéra,
1427.9527559055118 1840.1574803149606 188.9763779527559 55.511811023622045 aussi
1533.0708661417323 1840.1574803149606 188.9763779527559 55.511811023622045 célèbre

470.0787401574803 1889.763779527559 134.64566929133858 53.1496062992126 par
546.8503937007874 1889.763779527559 134.64566929133858 53.1496062992126 son
623.6220472440945 1889.763779527559 192.51968503937007 53.1496062992126 esprit
758.2677165354331 1889.763779527559 134.64566929133858 53.1496062992126 que
835.0393700787401 1889.763779527559 134.64566929133858 53.1496062992126 par
911.8110236220473 1889.763779527559 134.64566929133858 53.1496062992126 son
969.6850393700787 1889.763779527559 173.6220472440945 53.1496062992126 talent.

511.4173228346457 1947.6377952755906 105.11811023622047 49.60629921259842 L.
564.5669291338583 1947.6377952755906 122.83464566929133 49.60629921259842 a.,
634.2519685039371 1947.6377952755906 139.37007874015748 49.60629921259842 sig.
721.6535433070866 1947.6377952755906 226.77165354330708 49.60629921259842 Sophie
896.4566929133858 1947.6377952755906 210.23622047244095 49.60629921259842 Ar.,
1053.5433070866143 1947.6377952755906 87.4015748031496 49.60629921259842 à
1087.7952755905512 1947.6377952755906 105.11811023622047 49.60629921259842 sa
1140.9448818897638 1947.6377952755906 157.08661417322836 49.60629921259842 chère
1246.0629921259842 1947.6377952755906 210.23622047244095 49.60629921259842 amie...;
1403.1496062992126 1947.6377952755906 174.8031496062992 49.60629921259842 Paris,
1524.8031496062993 1947.6377952755906 122.83464566929133 49.60629921259842 1er
1577.9527559055118 1947.6377952755906 139.37007874015748 49.60629921259842 fruct.

465.3543307086614 1992.5196850393702 114.56692913385827 46.06299212598425 an
522.0472440944882 1992.5196850393702 114.56692913385827 46.06299212598425 9,
579.9212598425197 1992.5196850393702 95.66929133858268 46.06299212598425 4
617.7165354330708 1992.5196850393702 114.56692913385827 46.06299212598425 p.
675.5905511811023 1992.5196850393702 133.46456692913387 46.06299212598425 pl.
732.2834645669292 1992.5196850393702 133.46456692913387 46.06299212598425 in

533.8582677165355 2046.8503937007874 147.63779527559055 44.881889763779526 Epître
637.7952755905512 2046.8503937007874 118.11023622047244 44.881889763779526 tout
712.2047244094488 2046.8503937007874 74.40944881889764 44.881889763779526 à
741.7322834645669 2046.8503937007874 88.58267716535433 44.881889763779526 la
786.6141732283464 2046.8503937007874 118.11023622047244 44.881889763779526 fois
859.8425196850394 2046.8503937007874 147.63779527559055 44.881889763779526 triste
963.7795275590552 2046.8503937007874 88.58267716535433 44.881889763779526 et
1008.6614173228346 2046.8503937007874 192.51968503937007 44.881889763779526 plaisante
1156.2992125984251 2046.8503937007874 103.93700787401575 44.881889763779526 sur
1215.3543307086613 2046.8503937007874 103.93700787401575 44.881889763779526 son
1275.5905511811025 2046.8503937007874 118.11023622047244 44.881889763779526 état
1348.8188976377953 2046.8503937007874 88.58267716535433 44.881889763779526 de
1393.7007874015749 2046.8503937007874 178.3464566929134 44.881889763779526 maladie,
1527.1653543307086 2046.8503937007874 103.93700787401575 44.881889763779526 qui
1586.2204724409448 2046.8503937007874 88.58267716535433 44.881889763779526 la
1615.748031496063 2046.8503937007874 103.93700787401575 44.881889763779526 force

497.244094488189 2085.8267716535433 75.59055118110236 43.7007874015748 à
527.9527559055118 2085.8267716535433 151.1811023622047 43.7007874015748 rester
633.0708661417323 2085.8267716535433 151.1811023622047 43.7007874015748 sur
739.3700787401575 2085.8267716535433 105.11811023622047 43.7007874015748 son
799.6062992125984 2085.8267716535433 105.11811023622047 43.7007874015748 cul
859.8425196850394 2085.8267716535433 135.82677165354332 43.7007874015748 comme
949.6062992125984 2085.8267716535433 90.94488188976378 43.7007874015748 un
995.6692913385826 2085.8267716535433 135.82677165354332 43.7007874015748 vieux
1085.4330708661416 2085.8267716535433 211.41732283464566 43.7007874015748 singe.
1251.9685039370079 2085.8267716535433 90.94488188976378 43.7007874015748 Si
1296.8503937007874 2085.8267716535433 120.4724409448819 43.7007874015748 elle
1372.4409448818897 2085.8267716535433 135.82677165354332 43.7007874015748 sort,
1463.3858267716535 2085.8267716535433 135.82677165354332 43.7007874015748 c’est
1553.1496062992126 2085.8267716535433 120.4724409448819 43.7007874015748 pour
1614.5669291338584 2085.8267716535433 105.11811023622047 43.7007874015748 faire

494.88188976377955 2124.803149606299 206.69291338582678 43.7007874015748 quatorze
650.7874015748032 2124.803149606299 172.44094488188978 43.7007874015748 lieues
771.2598425196851 2124.803149606299 102.75590551181102 43.7007874015748 en
822.0472440944882 2124.803149606299 172.44094488188978 43.7007874015748 quinze
942.5196850393701 2124.803149606299 172.44094488188978 43.7007874015748 jours.
1062.992125984252 2124.803149606299 138.18897637795277 43.7007874015748 Tout
1149.2125984251968 2124.803149606299 102.75590551181102 43.7007874015748 au
1201.1811023622047 2124.803149606299 138.18897637795277 43.7007874015748 plus
1287.4015748031495 2124.803149606299 223.22834645669292 43.7007874015748 peut-elle
1458.6614173228347 2124.803149606299 102.75590551181102 43.7007874015748 se
1510.6299212598426 2124.803149606299 188.9763779527559 43.7007874015748 traîner
1631.1023622047244 2124.803149606299 86.22047244094489 43.7007874015748 aux

493.7007874015748 2162.5984251968503 219.68503937007873 43.7007874015748 Tuileries,
666.1417322834645 2162.5984251968503 94.48818897637796 43.7007874015748 et
713.3858267716536 2162.5984251968503 109.84251968503936 43.7007874015748 s'y
775.9842519685039 2162.5984251968503 157.08661417322836 43.7007874015748 camper
885.8267716535433 2162.5984251968503 109.84251968503936 43.7007874015748 sur
949.6062992125984 2162.5984251968503 109.84251968503936 43.7007874015748 une
1012.2047244094488 2162.5984251968503 157.08661417322836 43.7007874015748 chaise
1122.0472440944882 2162.5984251968503 125.19685039370079 43.7007874015748 pour
1201.1811023622047 2162.5984251968503 79.13385826771653 43.7007874015748 y
1231.8897637795276 2162.5984251968503 188.9763779527559 43.7007874015748 regarder
1373.6220472440946 2162.5984251968503 109.84251968503936 43.7007874015748 les
1436.2204724409448 2162.5984251968503 188.9763779527559 43.7007874015748 passants
1577.9527559055118 2162.5984251968503 94.48818897637796 43.7007874015748 et
1609.8425196850394 2162.5984251968503 109.84251968503936 43.7007874015748 s'en-

493.7007874015748 2200.3937007874015 142.91338582677164 43.7007874015748 nuyer
588.1889763779527 2200.3937007874015 95.66929133858268 43.7007874015748 de
636.6141732283464 2200.3937007874015 111.02362204724409 43.7007874015748 son
699.2125984251968 2200.3937007874015 190.15748031496062 43.7007874015748 oisiveté
842.1259842519685 2200.3937007874015 142.91338582677164 43.7007874015748 «Qu’y
937.7952755905512 2200.3937007874015 142.91338582677164 43.7007874015748 faire
1033.4645669291338 2200.3937007874015 79.13385826771653 43.7007874015748 ?
1065.3543307086613 2200.3937007874015 206.69291338582678 43.7007874015748 dit-elle;
1223.6220472440946 2200.3937007874015 190.15748031496062 43.7007874015748 souffrir
1366.5354330708662 2200.3937007874015 95.66929133858268 43.7007874015748 et
1414.9606299212599 2200.3937007874015 127.55905511811024 43.7007874015748 puis
1494.0944881889764 2200.3937007874015 222.04724409448818 43.7007874015748 mourir!...
1652.3622047244094 2200.3937007874015 63.77952755905512 43.7007874015748 La

492.5196850393701 2239.3700787401576 145.2755905511811 31.88976377952756 belle
574.0157480314961 2239.3700787401576 193.70078740157481 31.88976377952756 chute!...»

411.0236220472441 2291.3385826771655 145.2755905511811 55.511811023622045 4.
483.07086614173227 2291.3385826771655 579.9212598425197 55.511811023622045 AUBRY-LECOMTE
989.7637795275591 2291.3385826771655 434.6456692913386 55.511811023622045 (H.-L.-V.-J.-B
1352.3622047244094 2291.3385826771655 145.2755905511811 55.511811023622045 ),
1425.5905511811025 2291.3385826771655 193.70078740157481 55.511811023622045 très
1521.259842519685 2291.3385826771655 193.70078740157481 55.511811023622045 habile

461.81102362204723 2339.763779527559 295.2755905511811 53.1496062992126 dessinateur
679.1338582677165 2339.763779527559 275.1968503937008 53.1496062992126 lithographe.

505.51181102362204 2392.9133858267714 122.83464566929133 51.968503937007874 L.
566.9291338582677 2392.9133858267714 122.83464566929133 51.968503937007874 a.
628.3464566929134 2392.9133858267714 122.83464566929133 51.968503937007874 s.
689.7637795275591 2392.9133858267714 102.75590551181102 51.968503937007874 à
729.9212598425197 2392.9133858267714 265.748031496063 51.968503937007874 Potrelle,
935.4330708661417 2392.9133858267714 245.66929133858267 51.968503937007874 marchand
1119.6850393700788 2392.9133858267714 307.0866141732283 51.968503937007874 d’estampes,
1364.1732283464567 2392.9133858267714 184.251968503937 51.968503937007874 1824,
1487.007874015748 2392.9133858267714 102.75590551181102 51.968503937007874 1
1528.3464566929133 2392.9133858267714 122.83464566929133 51.968503937007874 p.
1569.6850393700788 2392.9133858267714 142.91338582677164 51.968503937007874 in

460.62992125984255 2438.9763779527557 179.5275590551181 47.24409448818898 Avec
572.8346456692914 2438.9763779527557 157.08661417322836 47.24409448818898 une
662.5984251968504 2438.9763779527557 224.40944881889763 47.24409448818898 notice
819.6850393700787 2438.9763779527557 201.96850393700788 47.24409448818898 biog.
931.8897637795276 2438.9763779527557 246.8503937007874 47.24409448818898 imprimée.

408.66141732283467 2495.6692913385828 145.2755905511811 55.511811023622045 5.
480.70866141732284 2495.6692913385828 265.748031496063 55.511811023622045 BARBIER
674.4094488188977 2495.6692913385828 290.5511811023622 55.511811023622045 (A.-A.),
891.7322834645669 2495.6692913385828 242.1259842519685 55.511811023622045 savant
1061.8110236220473 2495.6692913385828 411.0236220472441 55.511811023622045 bibliographe,
1400.7874015748032 2495.6692913385828 145.2755905511811 55.511811023622045 né
1472.8346456692914 2495.6692913385828 120.4724409448819 55.511811023622045 à
1497.6377952755906 2495.6692913385828 217.3228346456693 55.511811023622045 Coulom

439.37007874015745 2548.818897637795 159.4488188976378 40.15748031496063 miers.

503.1496062992126 2603.149606299213 113.38582677165354 50.78740157480315 L.
559.8425196850394 2603.149606299213 113.38582677165354 50.78740157480315 a.
616.5354330708661 2603.149606299213 132.28346456692913 50.78740157480315 s.;
692.1259842519685 2603.149606299213 188.9763779527559 50.78740157480315 Paris,
823.2283464566929 2603.149606299213 113.38582677165354 50.78740157480315 21
879.9212598425197 2603.149606299213 151.1811023622047 50.78740157480315 fév.
974.4094488188977 2603.149606299213 170.07874015748033 50.78740157480315 1807,
1087.7952755905512 2603.149606299213 94.48818897637796 50.78740157480315 1
1125.5905511811025 2603.149606299213 113.38582677165354 50.78740157480315 p.
1181.1023622047244 2603.149606299213 132.28346456692913 50.78740157480315 1/2
1237.7952755905512 2603.149606299213 132.28346456692913 50.78740157480315 in

530.3149606299213 2658.6614173228345 180.70866141732284 40.15748031496063 Relative
666.1417322834645 2658.6614173228345 75.59055118110236 40.15748031496063 à
696.8503937007874 2658.6614173228345 105.11811023622047 40.15748031496063 son
757.0866141732283 2658.6614173228345 285.8267716535433 40.15748031496063 Dictionnaire
998.0314960629921 2658.6614173228345 105.11811023622047 40.15748031496063 des
1042.9133858267717 2658.6614173228345 225.59055118110237 40.15748031496063 Anonymes.

409.84251968503935 2702.3622047244094 137.00787401574803 67.32283464566929 6.
478.34645669291336 2702.3622047244094 205.51181102362204 67.32283464566929 LE
615.3543307086615 2702.3622047244094 296.45669291338584 67.32283464566929 MÊME.
843.3070866141733 2702.3622047244094 114.56692913385827 67.32283464566929 4
888.1889763779527 2702.3622047244094 137.00787401574803 67.32283464566929 l.
956.6929133858267 2702.3622047244094 137.00787401574803 67.32283464566929 a.
1025.1968503937007 2702.3622047244094 137.00787401574803 67.32283464566929 s.
1093.7007874015749 2702.3622047244094 114.56692913385827 67.32283464566929 à
1139.763779527559 2702.3622047244094 274.01574803149606 67.32283464566929 Amanton;
1345.275590551181 2702.3622047244094 227.95275590551182 67.32283464566929 Paris,
1482.283464566929 2702.3622047244094 227.95275590551182 67.32283464566929 1808

459.4488188976378 2767.3228346456694 94.48818897637796 44.881889763779526 7
497.244094488189 2767.3228346456694 112.20472440944881 44.881889763779526 p.
535.0393700787401 2767.3228346456694 131.10236220472441 44.881889763779526 in

531.496062992126 2818.1102362204724 187.79527559055117 46.06299212598425 Relatives
675.5905511811023 2818.1102362204724 72.04724409448819 46.06299212598425 à
703.9370078740158 2818.1102362204724 100.39370078740157 46.06299212598425 son
761.8110236220473 2818.1102362204724 274.01574803149606 46.06299212598425 Dictionnaire
992.1259842519685 2818.1102362204724 100.39370078740157 46.06299212598425 des
1050.0 2818.1102362204724 230.31496062992127 46.06299212598425 anonymes
1236.6141732283465 2818.1102362204724 86.22047244094489 46.06299212598425 et
1280.3149606299212 2818.1102362204724 72.04724409448819 46.06299212598425 à
1308.6614173228347 2818.1102362204724 86.22047244094489 46.06299212598425 sa
1352.3622047244094 2818.1102362204724 274.01574803149606 46.06299212598425 Bibliothèque
1568.5039370078741 2818.1102362204724 144.09448818897638 46.06299212598425 d’un

491.33858267716533 2859.448818897638 154.7244094488189 38.976377952755904 homme
607.0866141732283 2859.448818897638 76.77165354330708 38.976377952755904 de
633.0708661417323 2859.448818897638 141.73228346456693 38.976377952755904 goût.
