1818 2838
833 339 159 53 —
897 339 159 53 4
929 339 95 53 —

385 413 105 52 7.
437 413 279 52 <b>BASAN</b>
664 413 227 52 (P.-Fr.),
839 413 192 52 graveur
978 413 105 52 et
1031 413 192 52 célèbre
1171 413 175 52 expert
1275 413 210 52 d'estampes

426 462 91 36 du
471 462 152 36 XVIIIe
562 462 137 36 siècle.

461 509 147 43 Pièce
559 509 131 43 aut.
641 509 147 43 sig.,
739 509 147 43 1786,
837 509 115 43 1/2
903 509 98 43 p.
935 509 115 43 in

481 552 193 40 Estimation
633 552 83 40 de
674 552 138 40 divers
770 552 234 40 portefeuilles
963 552 193 40 d'estampes
1114 552 151 40 gravées
1224 552 96 40 par
1279 552 151 40 Surugue
1389 552 83 40 et
1416 552 69 40 au-

450 589 117 35 tres,
528 589 78 35 et
567 589 78 35 de
606 589 143 35 dessins
710 589 78 35 de
736 589 156 35 Desfossés.

380 627 107 52 8.
434 627 321 52 <b>BAUSSET</b>
701 627 125 52 (le
772 627 214 52 cardinal
933 627 143 52 de),
1022 627 178 52 évêque
1146 627 214 52 d’Alais,
1289 627 196 52 historien

423 670 100 44 de
473 670 183 44 Bossuet
607 670 100 44 et
657 670 100 44 de
707 670 200 44 Fénelon,
857 670 100 44 de
907 670 183 44 l’Acad.
1024 670 133 44 franç.

459 718 100 46 L.
509 718 100 46 a.
560 718 100 46 s.
610 718 84 46 à
643 718 167 46 l’abbé
761 718 100 46 de
811 718 218 46 Madières;
978 718 234 46 Maffliers,
1162 718 151 46 1821,
1263 718 84 46 1
1296 718 100 46 p.
1330 718 117 46 in

482 764 163 47 Relative
604 764 68 47 à
631 764 190 47 l'épitaphe
781 764 81 47 en
821 764 135 47 marbre
916 764 122 47 blanc
997 764 81 47 de
1038 764 81 47 M.
1079 764 81 47 de
1119 764 163 47 Jarente,
1241 764 135 47 évêque
1322 764 163 47 d’Orléans,

451 799 90 42 que
503 799 78 42 le
542 799 155 42 cardinal
658 799 65 42 a
684 799 103 42 fait
748 799 129 42 placer
839 799 103 42 dans
903 799 78 42 la
942 799 181 42 cathédrale
1084 799 78 42 de
1123 799 116 42 cette
1188 799 103 42 ville.

381 844 96 53 9.
429 844 255 53 <b>BAYLE</b>
636 844 208 53 (Pierre),
796 844 192 53 illustre
940 844 192 53 écrivain
1067 844 208 53 philosophe.

463 892 110 46 L.
518 892 146 46 aut.
609 892 92 46 à
646 892 110 46 M.
701 892 256 46 Valhebert,
902 892 348 46 bibliothécaire,
1195 892 146 46 chez
1287 892 183 46 l’abbé
1396 892 92 46 Bi-

424 930 157 50 gnon;
528 930 105 50 26
581 930 157 50 sept.
686 930 157 50 1697,
791 930 87 50 1
826 930 105 50 p.
878 930 157 50 in-4.
983 930 105 50 Un
1035 930 122 50 peu
1088 930 192 50 fatiguée.

481 976 174 41 Nouvelles
615 976 214 41 littéraires,
789 976 174 41 relatives
923 976 67 41 à
950 976 188 41 Marsolier,
1097 976 161 41 Gregorio
1218 976 121 41 Leti,
1298 976 174 41 Travenol,
1419 976 67 41 Le-

450 1020 120 30 clerc,
522 1020 72 30 etc.

384 1042 124 62 10.
455 1042 301 62 <b>BÉJART</b>
703 1042 301 62 (Armande-Cres
951 1042 283 62 -Cl.-Elis.),
1181 1042 195 62 célèbre
1305 1042 177 62 actrice,

421 1102 164 34 femme
530 1102 109 34 de
567 1102 182 34 Molière.

459 1142 154 47 Quit.
561 1142 154 47 sig.,
664 1142 119 47 sur
732 1142 171 47 vélin,
851 1142 154 47 1678,
954 1142 154 47 in-8.
1056 1142 136 47 Avec
1141 1142 102 47 un
1175 1142 188 47 portrait.

481 1187 115 42 Reçu
553 1187 115 42 dans
624 1187 144 42 lequel
725 1187 101 42 est
783 1187 187 42 qualifiée
926 1187 144 42 «veuve
1027 1187 86 42 de
1070 1187 129 42 J.-B.
1156 1187 187 42 Poquelin,
1300 1187 129 42 sieur
1386 1187 86 42 de
1415 1187 72 42 Mo-

447 1225 142 36 lière,
546 1225 128 36 valet
631 1225 85 36 de
674 1225 156 36 chambre
788 1225 85 36 de
830 1225 85 36 Sa
859 1225 156 36 Majesté.»

380 1270 123 52 11.
451 1270 351 52 <b>BELLANGER</b>
749 1270 193 52 (Hip.),
889 1270 193 52 célèbre
1030 1270 193 52 peintre
1170 1270 105 52 de
1205 1270 211 52 batailles.

457 1321 104 45 L.
509 1321 104 45 a.
561 1321 104 45 s.
613 1321 87 45 à
648 1321 156 45 Alph.
752 1321 191 45 Giroux;
891 1321 174 45 Rouen,
1012 1321 156 45 1833,
1117 1321 87 45 1
1151 1321 104 45 p.
1203 1321 122 45 1/2
1255 1321 122 45 in

483 1371 165 31 Relative
607 1371 69 31 à
635 1371 83 31 un
676 1371 83 31 de
717 1371 96 31 ses
759 1371 151 31 tableaux.

378 1406 155 64 12.
467 1406 266 64 BÉRANGER
666 1406 266 64 (P.-J.),
866 1406 200 64 notre
999 1406 200 64 grand
1132 1406 333 64 chansonnier
1376 1406 111 64 na

411 1469 135 32 tional.

460 1508 108 48 L.
514 1508 108 48 a.
568 1508 108 48 s.
622 1508 108 48 (à
676 1508 180 48 Madier
801 1508 108 48 de
855 1508 252 48 Montjeau);
1053 1508 341 48 Sainte-Pélagie,
1340 1508 108 48 23
1376 1508 108 48 fév.

429 1552 140 40 1822,
522 1552 78 40 4
553 1552 93 40 p.
599 1552 109 40 pl.
646 1552 109 40 in

482 1590 143 46 Epître
582 1590 86 46 du
625 1590 115 46 plus
697 1590 129 46 grand
783 1590 172 46 intérêt.
912 1590 72 46 —
941 1590 86 46 La
984 1590 187 46 captivité
1127 1590 72 46 a
1156 1590 115 46 pour
1228 1590 100 46 lui
1285 1590 100 46 des
1328 1590 158 46 compensa-

451 1622 138 41 tions:
548 1622 83 41 il
589 1622 138 41 reçoit
686 1622 83 41 de
727 1622 110 41 tous
796 1622 138 41 côtés,
893 1622 83 41 de
935 1622 110 41 gens
1004 1622 124 41 qu’il
1086 1622 83 41 ne
1128 1622 152 41 connaît
1238 1622 97 41 pas
1294 1622 110 41 même
1363 1622 83 41 de
1390 1622 97 41 noms,

451 1655 77 43 du
490 1655 102 43 vin,
554 1655 77 43 du
592 1655 141 43 gibier,
694 1655 77 43 du
733 1655 154 43 poisson;
848 1655 90 43 les
899 1655 102 43 vers
963 1655 77 43 et
1002 1655 90 43 les
1053 1655 154 43 chansons
1168 1655 154 43 pleuvent
1283 1655 128 43 aussi.
1373 1655 77 43 Il
1398 1655 90 43 n’est

451 1688 96 43 pas
506 1688 109 43 sans
574 1688 191 43 inquiétude
724 1688 96 43 sur
779 1688 96 43 les
834 1688 191 43 poursuites
984 1688 123 43 qu’on
1066 1688 96 43 lui
1120 1688 150 43 intente
1230 1688 68 43 à
1257 1688 137 43 propos
1352 1688 82 43 de
1393 1688 82 43 la
1421 1688 68 43 pu-

451 1715 182 49 blication
591 1715 84 49 de
633 1715 98 49 son
689 1715 154 49 procès.
801 1715 84 49 Il
843 1715 84 49 en
885 1715 140 49 aurait
984 1715 112 49 pour
1054 1715 112 49 deux
1124 1715 112 49 ans,
1194 1715 84 49 et
1236 1715 126 49 comme
1320 1715 98 49 les
1362 1715 126 49 prison-

451 1753 124 43 niers
534 1753 83 43 ne
575 1753 152 43 peuvent
686 1753 166 43 recevoir
810 1753 97 43 que
866 1753 110 43 leur
935 1753 138 43 femme,
1031 1753 83 43 et
1073 1753 124 43 qu’il
1156 1753 97 43 est
1211 1753 221 43 célibataire,
1390 1753 83 43 on
1418 1753 69 43 lui

450 1786 180 41 conseille
589 1786 83 41 de
630 1786 83 41 se
672 1786 152 41 marier.
783 1786 152 41 «Voyez,
893 1786 152 41 dit-il,
1004 1786 139 41 toutes
1101 1786 97 41 les
1157 1786 222 41 conséquences
1337 1786 125 41 d'une
1406 1786 83 41 con-

451 1818 207 40 damnation.»
617 1818 83 40 Il
659 1818 83 40 se
700 1818 152 40 console
811 1818 83 40 un
852 1818 97 40 peu
907 1818 83 40 en
949 1818 152 40 faisant
1059 1818 97 40 des
1115 1818 180 40 chansons,
1253 1818 97 40 qui
1308 1818 180 40 circulent
1433 1818 55 40 au

452 1850 156 48 dehors.
565 1850 99 48 Une
622 1850 99 48 des
679 1850 184 48 dernières
821 1850 71 48 a
849 1850 99 48 été
906 1850 142 48 copiée
1005 1850 71 48 à
1033 1850 213 48 l’audience,
1203 1850 156 48 pendant
1317 1850 99 48 son
1359 1850 128 48 procès,

450 1877 144 48 jusque
551 1877 101 48 sur
608 1877 87 48 le
652 1877 144 48 bureau
753 1877 101 48 des
810 1877 144 48 juges,
912 1877 87 48 au
955 1877 101 48 nez
1013 1877 87 48 de
1056 1877 202 48 Marchangy.
1215 1877 101 48 Des
1272 1877 115 48 avis
1330 1877 159 48 sinistres

451 1915 98 41 ont
507 1915 98 41 été
563 1915 140 41 donnés
661 1915 70 41 à
689 1915 154 41 Manuel.
801 1915 98 41 «Je
857 1915 154 41 tremble
969 1915 182 41 toujours,
1110 1915 154 41 dit-il,
1222 1915 126 41 qu'un
1306 1915 112 41 coup
1376 1915 84 41 de
1404 1915 84 41 poi-

453 1947 119 47 gnard
532 1947 106 47 n'en
599 1947 119 47 prive
678 1947 80 47 la
718 1947 159 47 patrie.»
838 1947 146 47 Détails
944 1947 93 47 sur
997 1947 93 47 Mme
1050 1947 146 47 Bérard,
1156 1947 93 47 qui
1209 1947 119 47 vient
1289 1947 80 47 le
1329 1947 159 47 visiter,
1435 1947 53 47 et

452 1980 98 40 sur
508 1980 294 40 Cauchois-Lemaire,
760 1980 98 40 qui
816 1980 98 40 est
872 1980 112 40 dans
941 1980 84 40 la
983 1980 112 40 même
1053 1980 140 40 prison
1151 1980 98 40 que
1193 1980 84 40 lui.

379 2028 152 52 13.
466 2028 631 52 <b>BERRIAT-SAINT-PRIX</b>
1032 2028 305 52 (Jacques),
1250 2028 239 52 juriscon-

426 2069 149 48 sulte
526 2069 99 48 et
575 2069 182 48 érudit,
708 2069 265 48 commentateur
923 2069 99 48 de
973 2069 199 48 Boileau,
1122 2069 99 48 de
1171 2069 182 48 l’Acad.
1304 2069 116 48 des
1354 2069 132 48 Insc.,

424 2119 107 36 né
478 2119 89 36 à
495 2119 196 36 Grenoble.

461 2165 92 49 3
497 2165 147 49 let.
589 2165 147 49 aut.
681 2165 147 49 sig.
773 2165 110 49 au
828 2165 275 49 bibliophile
1048 2165 202 49 Bérard;
1194 2165 183 49 Paris,
1305 2165 183 49 1827

427 2212 79 40 4
459 2212 95 40 p.
490 2212 111 40 in

484 2254 138 42 Toutes
581 2254 179 42 relatives
718 2254 96 42 aux
773 2254 165 42 éditions
897 2254 165 42 princeps
1021 2254 83 42 de
1062 2254 165 42 Boileau,
1186 2254 83 42 et
1227 2254 275 42 particulièrement
1447 2254 41 42 à

453 2293 128 29 celles
543 2293 179 29 attribuées
684 2293 90 29 aux
722 2293 141 29 Elzévirs.

378 2338 153 47 14.
465 2338 589 47 <b>BILLAUD-VARENNE</b>,
989 2338 392 47 conventionnel,
1294 2338 196 47 célèbre

426 2380 179 48 membre
552 2380 108 48 du
605 2380 179 48 Comité
731 2380 108 48 de
785 2380 161 48 salut
875 2380 161 48 public.
