2147.244094488189 3351.968503937008
983.8582677165355 400.3937007874016 187.79527559055117 62.59842519685039 —
1059.4488188976377 400.3937007874016 187.79527559055117 62.59842519685039 4
1097.244094488189 400.3937007874016 112.20472440944881 62.59842519685039 —

454.7244094488189 487.79527559055117 124.01574803149606 61.41732283464567 7.
516.1417322834645 487.79527559055117 329.5275590551181 61.41732283464567 BASAN
784.2519685039371 487.79527559055117 268.1102362204724 61.41732283464567 (P.-Fr.),
990.9448818897638 487.79527559055117 226.77165354330708 61.41732283464567 graveur
1155.1181102362204 487.79527559055117 124.01574803149606 61.41732283464567 et
1217.716535433071 487.79527559055117 226.77165354330708 61.41732283464567 célèbre
1383.0708661417323 487.79527559055117 206.69291338582678 61.41732283464567 expert
1505.9055118110236 487.79527559055117 248.03149606299212 61.41732283464567 d'estampes

503.1496062992126 545.6692913385826 107.48031496062993 42.51968503937008 du
556.2992125984252 545.6692913385826 179.5275590551181 42.51968503937008 XVIIIe
663.7795275590552 545.6692913385826 161.81102362204723 42.51968503937008 siècle.

544.488188976378 601.1811023622047 173.6220472440945 50.78740157480315 Pièce
660.2362204724409 601.1811023622047 154.7244094488189 50.78740157480315 aut.
757.0866141732283 601.1811023622047 173.6220472440945 50.78740157480315 sig.,
872.8346456692914 601.1811023622047 173.6220472440945 50.78740157480315 1786,
988.5826771653543 601.1811023622047 135.82677165354332 50.78740157480315 1/2
1066.5354330708662 601.1811023622047 115.74803149606299 50.78740157480315 p.
1104.3307086614172 601.1811023622047 135.82677165354332 50.78740157480315 in

568.1102362204724 651.9685039370079 227.95275590551182 47.24409448818898 Estimation
747.6377952755905 651.9685039370079 98.03149606299213 47.24409448818898 de
796.0629921259842 651.9685039370079 162.99212598425197 47.24409448818898 divers
909.4488188976378 651.9685039370079 276.37795275590554 47.24409448818898 portefeuilles
1137.4015748031495 651.9685039370079 227.95275590551182 47.24409448818898 d'estampes
1315.748031496063 651.9685039370079 178.3464566929134 47.24409448818898 gravées
1445.6692913385828 651.9685039370079 113.38582677165354 47.24409448818898 par
1510.6299212598426 651.9685039370079 178.3464566929134 47.24409448818898 Surugue
1640.5511811023623 651.9685039370079 98.03149606299213 47.24409448818898 et
1672.4409448818897 651.9685039370079 81.49606299212599 47.24409448818898 au-

531.496062992126 695.6692913385826 138.18897637795277 41.338582677165356 tres,
623.6220472440945 695.6692913385826 92.1259842519685 41.338582677165356 et
669.6850393700787 695.6692913385826 92.1259842519685 41.338582677165356 de
715.7480314960629 695.6692913385826 168.89763779527559 41.338582677165356 dessins
838.5826771653543 695.6692913385826 92.1259842519685 41.338582677165356 de
869.2913385826772 695.6692913385826 184.251968503937 41.338582677165356 Desfossés.

448.81889763779526 740.5511811023622 126.37795275590551 61.41732283464567 8.
512.5984251968504 740.5511811023622 379.13385826771656 61.41732283464567 BAUSSET
827.9527559055118 740.5511811023622 147.63779527559055 61.41732283464567 (le
911.8110236220473 740.5511811023622 252.75590551181102 61.41732283464567 cardinal
1101.9685039370079 740.5511811023622 168.89763779527559 61.41732283464567 de),
1207.0866141732283 740.5511811023622 210.23622047244095 61.41732283464567 évêque
1353.5433070866143 740.5511811023622 252.75590551181102 61.41732283464567 d’Alais,
1522.4409448818897 740.5511811023622 231.49606299212599 61.41732283464567 historien

499.6062992125984 791.3385826771654 118.11023622047244 51.968503937007874 de
558.6614173228346 791.3385826771654 216.14173228346456 51.968503937007874 Bossuet
716.9291338582677 791.3385826771654 118.11023622047244 51.968503937007874 et
775.9842519685039 791.3385826771654 118.11023622047244 51.968503937007874 de
835.0393700787401 791.3385826771654 236.2204724409449 51.968503937007874 Fénelon,
1012.2047244094488 791.3385826771654 118.11023622047244 51.968503937007874 de
1071.259842519685 791.3385826771654 216.14173228346456 51.968503937007874 l’Acad.
1209.4488188976377 791.3385826771654 157.08661417322836 51.968503937007874 franç.

542.1259842519685 848.0314960629921 118.11023622047244 54.330708661417326 L.
601.1811023622047 848.0314960629921 118.11023622047244 54.330708661417326 a.
661.4173228346457 848.0314960629921 118.11023622047244 54.330708661417326 s.
720.4724409448819 848.0314960629921 99.21259842519684 54.330708661417326 à
759.4488188976378 848.0314960629921 197.24409448818898 54.330708661417326 l’abbé
898.8188976377953 848.0314960629921 118.11023622047244 54.330708661417326 de
957.8740157480315 848.0314960629921 257.4803149606299 54.330708661417326 Madières;
1155.1181102362204 848.0314960629921 276.37795275590554 54.330708661417326 Maffliers,
1372.4409448818897 848.0314960629921 178.3464566929134 54.330708661417326 1821,
1491.732283464567 848.0314960629921 99.21259842519684 54.330708661417326 1
1530.708661417323 848.0314960629921 118.11023622047244 54.330708661417326 p.
1570.8661417322835 848.0314960629921 138.18897637795277 54.330708661417326 in

569.2913385826772 902.3622047244095 192.51968503937007 55.511811023622045 Relative
713.3858267716536 902.3622047244095 80.31496062992126 55.511811023622045 à
745.2755905511812 902.3622047244095 224.40944881889763 55.511811023622045 l'épitaphe
922.4409448818898 902.3622047244095 95.66929133858268 55.511811023622045 en
969.6850393700787 902.3622047244095 159.4488188976378 55.511811023622045 marbre
1081.8897637795276 902.3622047244095 144.09448818897638 55.511811023622045 blanc
1177.5590551181103 902.3622047244095 95.66929133858268 55.511811023622045 de
1225.984251968504 902.3622047244095 95.66929133858268 55.511811023622045 M.
1274.4094488188975 902.3622047244095 95.66929133858268 55.511811023622045 de
1321.6535433070867 902.3622047244095 192.51968503937007 55.511811023622045 Jarente,
1465.748031496063 902.3622047244095 159.4488188976378 55.511811023622045 évêque
1561.4173228346456 902.3622047244095 192.51968503937007 55.511811023622045 d’Orléans,

532.6771653543307 943.7007874015748 106.2992125984252 49.60629921259842 que
594.0944881889764 943.7007874015748 92.1259842519685 49.60629921259842 le
640.1574803149606 943.7007874015748 183.0708661417323 49.60629921259842 cardinal
777.1653543307086 943.7007874015748 76.77165354330708 49.60629921259842 a
807.8740157480315 943.7007874015748 121.65354330708661 49.60629921259842 fait
883.4645669291339 943.7007874015748 152.36220472440945 49.60629921259842 placer
990.9448818897638 943.7007874015748 121.65354330708661 49.60629921259842 dans
1066.5354330708662 943.7007874015748 92.1259842519685 49.60629921259842 la
1112.5984251968505 943.7007874015748 213.7795275590551 49.60629921259842 cathédrale
1280.3149606299212 943.7007874015748 92.1259842519685 49.60629921259842 de
1326.3779527559054 943.7007874015748 137.00787401574803 49.60629921259842 cette
1403.1496062992126 943.7007874015748 121.65354330708661 49.60629921259842 ville.

450.0 996.8503937007874 113.38582677165354 62.59842519685039 9.
506.6929133858268 996.8503937007874 301.18110236220474 62.59842519685039 BAYLE
751.1811023622047 996.8503937007874 245.66929133858267 62.59842519685039 (Pierre),
940.1574803149606 996.8503937007874 226.77165354330708 62.59842519685039 illustre
1110.236220472441 996.8503937007874 226.77165354330708 62.59842519685039 écrivain
1260.236220472441 996.8503937007874 245.66929133858267 62.59842519685039 philosophe.

546.8503937007874 1053.5433070866143 129.92125984251967 54.330708661417326 L.
611.8110236220473 1053.5433070866143 172.44094488188978 54.330708661417326 aut.
719.2913385826772 1053.5433070866143 108.66141732283465 54.330708661417326 à
762.992125984252 1053.5433070866143 129.92125984251967 54.330708661417326 M.
827.9527559055118 1053.5433070866143 302.3622047244094 54.330708661417326 Valhebert,
1065.3543307086613 1053.5433070866143 411.0236220472441 54.330708661417326 bibliothécaire,
1411.4173228346456 1053.5433070866143 172.44094488188978 54.330708661417326 chez
1520.0787401574803 1053.5433070866143 216.14173228346456 54.330708661417326 l’abbé
1648.8188976377953 1053.5433070866143 108.66141732283465 54.330708661417326 Bi-

500.78740157480314 1098.4251968503936 185.43307086614172 59.05511811023622 gnon;
623.6220472440945 1098.4251968503936 124.01574803149606 59.05511811023622 26
686.2204724409448 1098.4251968503936 185.43307086614172 59.05511811023622 sept.
810.2362204724409 1098.4251968503936 185.43307086614172 59.05511811023622 1697,
934.2519685039371 1098.4251968503936 102.75590551181102 59.05511811023622 1
975.5905511811023 1098.4251968503936 124.01574803149606 59.05511811023622 p.
1037.007874015748 1098.4251968503936 185.43307086614172 59.05511811023622 in-4.
1161.023622047244 1098.4251968503936 124.01574803149606 59.05511811023622 Un
1222.4409448818897 1098.4251968503936 144.09448818897638 59.05511811023622 peu
1285.0393700787401 1098.4251968503936 226.77165354330708 59.05511811023622 fatiguée.

568.1102362204724 1152.755905511811 205.51181102362204 48.425196850393704 Nouvelles
726.3779527559055 1152.755905511811 252.75590551181102 48.425196850393704 littéraires,
931.8897637795276 1152.755905511811 205.51181102362204 48.425196850393704 relatives
1090.1574803149606 1152.755905511811 79.13385826771653 48.425196850393704 à
1122.0472440944882 1152.755905511811 222.04724409448818 48.425196850393704 Marsolier,
1295.6692913385828 1152.755905511811 190.15748031496062 48.425196850393704 Gregorio
1438.5826771653544 1152.755905511811 142.91338582677164 48.425196850393704 Leti,
1533.0708661417323 1152.755905511811 205.51181102362204 48.425196850393704 Travenol,
1675.984251968504 1152.755905511811 79.13385826771653 48.425196850393704 Le-

531.496062992126 1204.724409448819 141.73228346456693 35.43307086614173 clerc,
616.5354330708661 1204.724409448819 85.03937007874016 35.43307086614173 etc.

453.54330708661416 1230.708661417323 146.45669291338584 73.22834645669292 10.
537.4015748031496 1230.708661417323 355.51181102362204 73.22834645669292 BÉJART
830.3149606299213 1230.708661417323 355.51181102362204 73.22834645669292 (Armande-Cres
1123.2283464566929 1230.708661417323 334.251968503937 73.22834645669292 -Cl.-Elis.),
1394.8818897637796 1230.708661417323 230.31496062992127 73.22834645669292 célèbre
1541.3385826771653 1230.708661417323 209.0551181102362 73.22834645669292 actrice,

497.244094488189 1301.5748031496064 193.70078740157481 40.15748031496063 femme
625.9842519685039 1301.5748031496064 128.74015748031496 40.15748031496063 de
669.6850393700787 1301.5748031496064 214.96062992125985 40.15748031496063 Molière.

542.1259842519685 1348.8188976377953 181.88976377952756 55.511811023622045 Quit.
662.5984251968504 1348.8188976377953 181.88976377952756 55.511811023622045 sig.,
784.2519685039371 1348.8188976377953 140.5511811023622 55.511811023622045 sur
864.5669291338583 1348.8188976377953 201.96850393700788 55.511811023622045 vélin,
1005.1181102362204 1348.8188976377953 181.88976377952756 55.511811023622045 1678,
1126.7716535433071 1348.8188976377953 181.88976377952756 55.511811023622045 in-8.
1247.244094488189 1348.8188976377953 160.62992125984252 55.511811023622045 Avec
1347.6377952755906 1348.8188976377953 120.4724409448819 55.511811023622045 un
1387.7952755905512 1348.8188976377953 222.04724409448818 55.511811023622045 portrait.

568.1102362204724 1401.9685039370079 135.82677165354332 49.60629921259842 Reçu
653.1496062992126 1401.9685039370079 135.82677165354332 49.60629921259842 dans
737.007874015748 1401.9685039370079 170.07874015748033 49.60629921259842 lequel
856.2992125984252 1401.9685039370079 119.29133858267717 49.60629921259842 est
924.8031496062993 1401.9685039370079 220.86614173228347 49.60629921259842 qualifiée
1093.7007874015749 1401.9685039370079 170.07874015748033 49.60629921259842 «veuve
1212.992125984252 1401.9685039370079 101.5748031496063 49.60629921259842 de
1263.7795275590552 1401.9685039370079 152.36220472440945 49.60629921259842 J.-B.
1365.3543307086613 1401.9685039370079 220.86614173228347 49.60629921259842 Poquelin,
1535.4330708661416 1401.9685039370079 152.36220472440945 49.60629921259842 sieur
1637.007874015748 1401.9685039370079 101.5748031496063 49.60629921259842 de
1671.259842519685 1401.9685039370079 85.03937007874016 49.60629921259842 Mo-

527.9527559055118 1446.8503937007874 167.71653543307087 42.51968503937008 lière,
644.8818897637796 1446.8503937007874 151.1811023622047 42.51968503937008 valet
745.2755905511812 1446.8503937007874 100.39370078740157 42.51968503937008 de
796.0629921259842 1446.8503937007874 184.251968503937 42.51968503937008 chambre
930.7086614173228 1446.8503937007874 100.39370078740157 42.51968503937008 de
980.3149606299213 1446.8503937007874 100.39370078740157 42.51968503937008 Sa
1014.5669291338583 1446.8503937007874 184.251968503937 42.51968503937008 Majesté.»

448.81889763779526 1500.0 145.2755905511811 61.41732283464567 11.
532.6771653543307 1500.0 414.56692913385825 61.41732283464567 BELLANGER
884.6456692913385 1500.0 227.95275590551182 61.41732283464567 (Hip.),
1050.0 1500.0 227.95275590551182 61.41732283464567 célèbre
1216.5354330708662 1500.0 227.95275590551182 61.41732283464567 peintre
1381.8897637795276 1500.0 124.01574803149606 61.41732283464567 de
1423.2283464566929 1500.0 249.21259842519686 61.41732283464567 batailles.

539.7637795275591 1560.236220472441 122.83464566929133 53.1496062992126 L.
601.1811023622047 1560.236220472441 122.83464566929133 53.1496062992126 a.
662.5984251968504 1560.236220472441 122.83464566929133 53.1496062992126 s.
724.0157480314961 1560.236220472441 102.75590551181102 53.1496062992126 à
765.3543307086615 1560.236220472441 184.251968503937 53.1496062992126 Alph.
888.1889763779527 1560.236220472441 225.59055118110237 53.1496062992126 Giroux;
1052.3622047244094 1560.236220472441 205.51181102362204 53.1496062992126 Rouen,
1195.275590551181 1560.236220472441 184.251968503937 53.1496062992126 1833,
1319.291338582677 1560.236220472441 102.75590551181102 53.1496062992126 1
1359.4488188976377 1560.236220472441 122.83464566929133 53.1496062992126 p.
1420.8661417322835 1560.236220472441 144.09448818897638 53.1496062992126 1/2
1482.283464566929 1560.236220472441 144.09448818897638 53.1496062992126 in

570.4724409448819 1619.291338582677 194.88188976377953 36.61417322834646 Relative
716.9291338582677 1619.291338582677 81.49606299212599 36.61417322834646 à
750.0 1619.291338582677 98.03149606299213 36.61417322834646 un
798.4251968503937 1619.291338582677 98.03149606299213 36.61417322834646 de
846.8503937007874 1619.291338582677 113.38582677165354 36.61417322834646 ses
896.4566929133858 1619.291338582677 178.3464566929134 36.61417322834646 tableaux.

446.45669291338584 1660.6299212598426 183.0708661417323 75.59055118110236 12.
551.5748031496063 1660.6299212598426 314.1732283464567 75.59055118110236 BÉRANGER
786.6141732283464 1660.6299212598426 314.1732283464567 75.59055118110236 (P.-J.),
1022.8346456692914 1660.6299212598426 236.2204724409449 75.59055118110236 notre
1179.9212598425197 1660.6299212598426 236.2204724409449 75.59055118110236 grand
1337.007874015748 1660.6299212598426 393.3070866141732 75.59055118110236 chansonnier
1625.1968503937007 1660.6299212598426 131.10236220472441 75.59055118110236 na

485.43307086614175 1735.0393700787401 159.4488188976378 37.79527559055118 tional.

543.3070866141733 1781.1023622047244 127.55905511811024 56.69291338582677 L.
607.0866141732283 1781.1023622047244 127.55905511811024 56.69291338582677 a.
670.8661417322835 1781.1023622047244 127.55905511811024 56.69291338582677 s.
734.6456692913385 1781.1023622047244 127.55905511811024 56.69291338582677 (à
798.4251968503937 1781.1023622047244 212.5984251968504 56.69291338582677 Madier
946.0629921259842 1781.1023622047244 127.55905511811024 56.69291338582677 de
1009.8425196850394 1781.1023622047244 297.6377952755906 56.69291338582677 Montjeau);
1243.7007874015749 1781.1023622047244 402.755905511811 56.69291338582677 Sainte-Pélagie,
1582.6771653543308 1781.1023622047244 127.55905511811024 56.69291338582677 23
1625.1968503937007 1781.1023622047244 127.55905511811024 56.69291338582677 fév.

506.6929133858268 1833.0708661417323 165.35433070866142 47.24409448818898 1822,
616.5354330708661 1833.0708661417323 92.1259842519685 47.24409448818898 4
653.1496062992126 1833.0708661417323 109.84251968503936 47.24409448818898 p.
707.4803149606299 1833.0708661417323 128.74015748031496 47.24409448818898 pl.
762.992125984252 1833.0708661417323 128.74015748031496 47.24409448818898 in

569.2913385826772 1877.9527559055118 168.89763779527559 54.330708661417326 Epître
687.4015748031496 1877.9527559055118 101.5748031496063 54.330708661417326 du
738.1889763779527 1877.9527559055118 135.82677165354332 54.330708661417326 plus
823.2283464566929 1877.9527559055118 152.36220472440945 54.330708661417326 grand
924.8031496062993 1877.9527559055118 203.1496062992126 54.330708661417326 intérêt.
1077.1653543307086 1877.9527559055118 85.03937007874016 54.330708661417326 —
1111.4173228346456 1877.9527559055118 101.5748031496063 54.330708661417326 La
1162.2047244094488 1877.9527559055118 220.86614173228347 54.330708661417326 captivité
1331.1023622047244 1877.9527559055118 85.03937007874016 54.330708661417326 a
1365.3543307086613 1877.9527559055118 135.82677165354332 54.330708661417326 pour
1450.3937007874015 1877.9527559055118 118.11023622047244 54.330708661417326 lui
1517.716535433071 1877.9527559055118 118.11023622047244 54.330708661417326 des
1568.5039370078741 1877.9527559055118 186.61417322834646 54.330708661417326 compensa-

532.6771653543307 1915.748031496063 162.99212598425197 48.425196850393704 tions:
647.2440944881889 1915.748031496063 98.03149606299213 48.425196850393704 il
695.6692913385826 1915.748031496063 162.99212598425197 48.425196850393704 reçoit
810.2362204724409 1915.748031496063 98.03149606299213 48.425196850393704 de
858.6614173228346 1915.748031496063 129.92125984251967 48.425196850393704 tous
940.1574803149606 1915.748031496063 162.99212598425197 48.425196850393704 côtés,
1054.724409448819 1915.748031496063 98.03149606299213 48.425196850393704 de
1104.3307086614172 1915.748031496063 129.92125984251967 48.425196850393704 gens
1185.8267716535433 1915.748031496063 146.45669291338584 48.425196850393704 qu’il
1282.6771653543308 1915.748031496063 98.03149606299213 48.425196850393704 ne
1332.283464566929 1915.748031496063 179.5275590551181 48.425196850393704 connaît
1462.2047244094488 1915.748031496063 114.56692913385827 48.425196850393704 pas
1528.3464566929133 1915.748031496063 129.92125984251967 48.425196850393704 même
1609.8425196850394 1915.748031496063 98.03149606299213 48.425196850393704 de
1641.732283464567 1915.748031496063 114.56692913385827 48.425196850393704 noms,

532.6771653543307 1954.724409448819 90.94488188976378 50.78740157480315 du
578.7401574803149 1954.724409448819 120.4724409448819 50.78740157480315 vin,
654.3307086614174 1954.724409448819 90.94488188976378 50.78740157480315 du
699.2125984251968 1954.724409448819 166.53543307086613 50.78740157480315 gibier,
819.6850393700787 1954.724409448819 90.94488188976378 50.78740157480315 du
865.7480314960629 1954.724409448819 181.88976377952756 50.78740157480315 poisson;
1001.5748031496063 1954.724409448819 106.2992125984252 50.78740157480315 les
1061.8110236220473 1954.724409448819 120.4724409448819 50.78740157480315 vers
1137.4015748031495 1954.724409448819 90.94488188976378 50.78740157480315 et
1183.4645669291338 1954.724409448819 106.2992125984252 50.78740157480315 les
1243.7007874015749 1954.724409448819 181.88976377952756 50.78740157480315 chansons
1379.5275590551182 1954.724409448819 181.88976377952756 50.78740157480315 pleuvent
1515.3543307086613 1954.724409448819 151.1811023622047 50.78740157480315 aussi.
1621.6535433070867 1954.724409448819 90.94488188976378 50.78740157480315 Il
1651.1811023622047 1954.724409448819 106.2992125984252 50.78740157480315 n’est

532.6771653543307 1993.7007874015749 113.38582677165354 50.78740157480315 pas
597.6377952755905 1993.7007874015749 128.74015748031496 50.78740157480315 sans
677.9527559055118 1993.7007874015749 225.59055118110237 50.78740157480315 inquiétude
855.1181102362204 1993.7007874015749 113.38582677165354 50.78740157480315 sur
920.0787401574803 1993.7007874015749 113.38582677165354 50.78740157480315 les
985.0393700787401 1993.7007874015749 225.59055118110237 50.78740157480315 poursuites
1162.2047244094488 1993.7007874015749 145.2755905511811 50.78740157480315 qu’on
1259.0551181102362 1993.7007874015749 113.38582677165354 50.78740157480315 lui
1322.8346456692914 1993.7007874015749 177.16535433070865 50.78740157480315 intente
1452.755905511811 1993.7007874015749 80.31496062992126 50.78740157480315 à
1484.6456692913387 1993.7007874015749 161.81102362204723 50.78740157480315 propos
1596.8503937007874 1993.7007874015749 96.85039370078741 50.78740157480315 de
1645.275590551181 1993.7007874015749 96.85039370078741 50.78740157480315 la
1678.3464566929133 1993.7007874015749 80.31496062992126 50.78740157480315 pu-

532.6771653543307 2025.5905511811025 214.96062992125985 57.874015748031496 blication
698.0314960629921 2025.5905511811025 99.21259842519684 57.874015748031496 de
747.6377952755905 2025.5905511811025 115.74803149606299 57.874015748031496 son
813.7795275590552 2025.5905511811025 181.88976377952756 57.874015748031496 procès.
946.0629921259842 2025.5905511811025 99.21259842519684 57.874015748031496 Il
995.6692913385826 2025.5905511811025 99.21259842519684 57.874015748031496 en
1045.275590551181 2025.5905511811025 165.35433070866142 57.874015748031496 aurait
1162.2047244094488 2025.5905511811025 132.28346456692913 57.874015748031496 pour
1244.8818897637796 2025.5905511811025 132.28346456692913 57.874015748031496 deux
1327.5590551181103 2025.5905511811025 132.28346456692913 57.874015748031496 ans,
1410.236220472441 2025.5905511811025 99.21259842519684 57.874015748031496 et
1459.8425196850394 2025.5905511811025 148.8188976377953 57.874015748031496 comme
1559.0551181102362 2025.5905511811025 115.74803149606299 57.874015748031496 les
1608.6614173228347 2025.5905511811025 148.8188976377953 57.874015748031496 prison-

532.6771653543307 2070.472440944882 146.45669291338584 50.78740157480315 niers
630.7086614173228 2070.472440944882 98.03149606299213 50.78740157480315 ne
679.1338582677165 2070.472440944882 179.5275590551181 50.78740157480315 peuvent
810.2362204724409 2070.472440944882 196.06299212598427 50.78740157480315 recevoir
956.6929133858267 2070.472440944882 114.56692913385827 50.78740157480315 que
1022.8346456692914 2070.472440944882 129.92125984251967 50.78740157480315 leur
1104.3307086614172 2070.472440944882 162.99212598425197 50.78740157480315 femme,
1217.716535433071 2070.472440944882 98.03149606299213 50.78740157480315 et
1267.3228346456692 2070.472440944882 146.45669291338584 50.78740157480315 qu’il
1365.3543307086613 2070.472440944882 114.56692913385827 50.78740157480315 est
1430.3149606299212 2070.472440944882 261.0236220472441 50.78740157480315 célibataire,
1641.732283464567 2070.472440944882 98.03149606299213 50.78740157480315 on
1674.8031496062993 2070.472440944882 81.49606299212599 50.78740157480315 lui

531.496062992126 2109.448818897638 212.5984251968504 48.425196850393704 conseille
695.6692913385826 2109.448818897638 98.03149606299213 48.425196850393704 de
744.0944881889764 2109.448818897638 98.03149606299213 48.425196850393704 se
793.7007874015748 2109.448818897638 179.5275590551181 48.425196850393704 marier.
924.8031496062993 2109.448818897638 179.5275590551181 48.425196850393704 «Voyez,
1054.724409448819 2109.448818897638 179.5275590551181 48.425196850393704 dit-il,
1185.8267716535433 2109.448818897638 164.17322834645668 48.425196850393704 toutes
1300.3937007874015 2109.448818897638 114.56692913385827 48.425196850393704 les
1366.5354330708662 2109.448818897638 262.20472440944883 48.425196850393704 conséquences
1579.1338582677165 2109.448818897638 147.63779527559055 48.425196850393704 d'une
1660.6299212598426 2109.448818897638 98.03149606299213 48.425196850393704 con-

532.6771653543307 2147.244094488189 244.48818897637796 47.24409448818898 damnation.»
728.7401574803149 2147.244094488189 98.03149606299213 47.24409448818898 Il
778.3464566929134 2147.244094488189 98.03149606299213 47.24409448818898 se
826.7716535433071 2147.244094488189 179.5275590551181 47.24409448818898 console
957.8740157480315 2147.244094488189 98.03149606299213 47.24409448818898 un
1006.2992125984252 2147.244094488189 114.56692913385827 47.24409448818898 peu
1071.259842519685 2147.244094488189 98.03149606299213 47.24409448818898 en
1120.8661417322835 2147.244094488189 179.5275590551181 47.24409448818898 faisant
1250.7874015748032 2147.244094488189 114.56692913385827 47.24409448818898 des
1316.9291338582677 2147.244094488189 212.5984251968504 47.24409448818898 chansons,
1479.9212598425197 2147.244094488189 114.56692913385827 47.24409448818898 qui
1544.8818897637796 2147.244094488189 212.5984251968504 47.24409448818898 circulent
1692.5196850393702 2147.244094488189 64.96062992125984 47.24409448818898 au

533.8582677165355 2185.0393700787404 184.251968503937 56.69291338582677 dehors.
667.3228346456693 2185.0393700787404 116.92913385826772 56.69291338582677 Une
734.6456692913385 2185.0393700787404 116.92913385826772 56.69291338582677 des
801.9685039370079 2185.0393700787404 217.3228346456693 56.69291338582677 dernières
969.6850393700787 2185.0393700787404 83.85826771653544 56.69291338582677 a
1002.7559055118111 2185.0393700787404 116.92913385826772 56.69291338582677 été
1070.0787401574803 2185.0393700787404 167.71653543307087 56.69291338582677 copiée
1187.007874015748 2185.0393700787404 83.85826771653544 56.69291338582677 à
1220.0787401574803 2185.0393700787404 251.5748031496063 56.69291338582677 l’audience,
1420.8661417322835 2185.0393700787404 184.251968503937 56.69291338582677 pendant
1555.5118110236222 2185.0393700787404 116.92913385826772 56.69291338582677 son
1605.1181102362204 2185.0393700787404 151.1811023622047 56.69291338582677 procès,

531.496062992126 2216.9291338582675 170.07874015748033 56.69291338582677 jusque
650.7874015748032 2216.9291338582675 119.29133858267717 56.69291338582677 sur
718.1102362204724 2216.9291338582675 102.75590551181102 56.69291338582677 le
770.0787401574803 2216.9291338582675 170.07874015748033 56.69291338582677 bureau
889.3700787401575 2216.9291338582675 119.29133858267717 56.69291338582677 des
956.6929133858267 2216.9291338582675 170.07874015748033 56.69291338582677 juges,
1077.1653543307086 2216.9291338582675 102.75590551181102 56.69291338582677 au
1127.9527559055118 2216.9291338582675 119.29133858267717 56.69291338582677 nez
1196.4566929133857 2216.9291338582675 102.75590551181102 56.69291338582677 de
1247.244094488189 2216.9291338582675 238.58267716535434 56.69291338582677 Marchangy.
1435.0393700787401 2216.9291338582675 119.29133858267717 56.69291338582677 Des
1502.3622047244094 2216.9291338582675 135.82677165354332 56.69291338582677 avis
1570.8661417322835 2216.9291338582675 187.79527559055117 56.69291338582677 sinistres

532.6771653543307 2261.8110236220473 115.74803149606299 48.425196850393704 ont
598.8188976377953 2261.8110236220473 115.74803149606299 48.425196850393704 été
664.9606299212599 2261.8110236220473 165.35433070866142 48.425196850393704 donnés
780.7086614173228 2261.8110236220473 82.67716535433071 48.425196850393704 à
813.7795275590552 2261.8110236220473 181.88976377952756 48.425196850393704 Manuel.
946.0629921259842 2261.8110236220473 115.74803149606299 48.425196850393704 «Je
1012.2047244094488 2261.8110236220473 181.88976377952756 48.425196850393704 tremble
1144.4881889763778 2261.8110236220473 214.96062992125985 48.425196850393704 toujours,
1311.023622047244 2261.8110236220473 181.88976377952756 48.425196850393704 dit-il,
1443.3070866141732 2261.8110236220473 148.8188976377953 48.425196850393704 qu'un
1542.5196850393702 2261.8110236220473 132.28346456692913 48.425196850393704 coup
1625.1968503937007 2261.8110236220473 99.21259842519684 48.425196850393704 de
1658.267716535433 2261.8110236220473 99.21259842519684 48.425196850393704 poi-

535.0393700787401 2299.6062992125985 140.5511811023622 55.511811023622045 gnard
628.3464566929134 2299.6062992125985 125.19685039370079 55.511811023622045 n'en
707.4803149606299 2299.6062992125985 140.5511811023622 55.511811023622045 prive
800.7874015748032 2299.6062992125985 94.48818897637796 55.511811023622045 la
848.0314960629921 2299.6062992125985 187.79527559055117 55.511811023622045 patrie.»
989.7637795275591 2299.6062992125985 172.44094488188978 55.511811023622045 Détails
1114.9606299212599 2299.6062992125985 109.84251968503936 55.511811023622045 sur
1177.5590551181103 2299.6062992125985 109.84251968503936 55.511811023622045 Mme
1240.1574803149606 2299.6062992125985 172.44094488188978 55.511811023622045 Bérard,
1365.3543307086613 2299.6062992125985 109.84251968503936 55.511811023622045 qui
1427.9527559055118 2299.6062992125985 140.5511811023622 55.511811023622045 vient
1522.4409448818897 2299.6062992125985 94.48818897637796 55.511811023622045 le
1569.6850393700788 2299.6062992125985 187.79527559055117 55.511811023622045 visiter,
1694.8818897637796 2299.6062992125985 62.59842519685039 55.511811023622045 et

533.8582677165355 2338.582677165354 115.74803149606299 47.24409448818898 sur
600.0 2338.582677165354 347.244094488189 47.24409448818898 Cauchois-Lemaire,
897.6377952755905 2338.582677165354 115.74803149606299 47.24409448818898 qui
963.7795275590552 2338.582677165354 115.74803149606299 47.24409448818898 est
1029.9212598425197 2338.582677165354 132.28346456692913 47.24409448818898 dans
1111.4173228346456 2338.582677165354 99.21259842519684 47.24409448818898 la
1161.023622047244 2338.582677165354 132.28346456692913 47.24409448818898 même
1243.7007874015749 2338.582677165354 165.35433070866142 47.24409448818898 prison
1359.4488188976377 2338.582677165354 115.74803149606299 47.24409448818898 que
1409.0551181102362 2338.582677165354 99.21259842519684 47.24409448818898 lui.

447.6377952755906 2395.2755905511813 179.5275590551181 61.41732283464567 13.
550.3937007874016 2395.2755905511813 745.2755905511812 61.41732283464567 BERRIAT-SAINT-PRIX
1218.8976377952756 2395.2755905511813 360.23622047244095 61.41732283464567 (Jacques),
1476.3779527559054 2395.2755905511813 282.2834645669291 61.41732283464567 juriscon-

503.1496062992126 2443.700787401575 175.98425196850394 56.69291338582677 sulte
621.2598425196851 2443.700787401575 116.92913385826772 56.69291338582677 et
679.1338582677165 2443.700787401575 214.96062992125985 56.69291338582677 érudit,
836.2204724409448 2443.700787401575 312.99212598425197 56.69291338582677 commentateur
1090.1574803149606 2443.700787401575 116.92913385826772 56.69291338582677 de
1149.2125984251968 2443.700787401575 235.03937007874015 56.69291338582677 Boileau,
1325.1968503937007 2443.700787401575 116.92913385826772 56.69291338582677 de
1383.0708661417323 2443.700787401575 214.96062992125985 56.69291338582677 l’Acad.
1540.1574803149606 2443.700787401575 137.00787401574803 56.69291338582677 des
1599.2125984251968 2443.700787401575 155.90551181102362 56.69291338582677 Insc.,

500.78740157480314 2502.755905511811 126.37795275590551 42.51968503937008 né
564.5669291338583 2502.755905511811 105.11811023622047 42.51968503937008 à
584.6456692913385 2502.755905511811 231.49606299212599 42.51968503937008 Grenoble.

544.488188976378 2557.0866141732286 108.66141732283465 57.874015748031496 3
587.007874015748 2557.0866141732286 173.6220472440945 57.874015748031496 let.
695.6692913385826 2557.0866141732286 173.6220472440945 57.874015748031496 aut.
804.3307086614174 2557.0866141732286 173.6220472440945 57.874015748031496 sig.
912.992125984252 2557.0866141732286 129.92125984251967 57.874015748031496 au
977.9527559055118 2557.0866141732286 324.8031496062992 57.874015748031496 bibliophile
1237.7952755905512 2557.0866141732286 238.58267716535434 57.874015748031496 Bérard;
1410.236220472441 2557.0866141732286 216.14173228346456 57.874015748031496 Paris,
1541.3385826771653 2557.0866141732286 216.14173228346456 57.874015748031496 1827

504.3307086614173 2612.5984251968503 93.30708661417323 47.24409448818898 4
542.1259842519685 2612.5984251968503 112.20472440944881 47.24409448818898 p.
578.7401574803149 2612.5984251968503 131.10236220472441 47.24409448818898 in

571.6535433070866 2662.2047244094488 162.99212598425197 49.60629921259842 Toutes
686.2204724409448 2662.2047244094488 211.41732283464566 49.60629921259842 relatives
848.0314960629921 2662.2047244094488 113.38582677165354 49.60629921259842 aux
912.992125984252 2662.2047244094488 194.88188976377953 49.60629921259842 éditions
1059.4488188976377 2662.2047244094488 194.88188976377953 49.60629921259842 princeps
1205.9055118110236 2662.2047244094488 98.03149606299213 49.60629921259842 de
1254.3307086614172 2662.2047244094488 194.88188976377953 49.60629921259842 Boileau,
1400.7874015748032 2662.2047244094488 98.03149606299213 49.60629921259842 et
1449.2125984251968 2662.2047244094488 324.8031496062992 49.60629921259842 particulièrement
1709.0551181102362 2662.2047244094488 48.425196850393704 49.60629921259842 à

535.0393700787401 2708.267716535433 151.1811023622047 34.25196850393701 celles
641.3385826771654 2708.267716535433 211.41732283464566 34.25196850393701 attribuées
807.8740157480315 2708.267716535433 106.2992125984252 34.25196850393701 aux
852.7559055118111 2708.267716535433 166.53543307086613 34.25196850393701 Elzévirs.

446.45669291338584 2761.417322834646 180.70866141732284 55.511811023622045 14.
549.2125984251968 2761.417322834646 695.6692913385826 55.511811023622045 BILLAUD-VARENNE,
1168.1102362204724 2761.417322834646 462.99212598425197 55.511811023622045 conventionnel,
1528.3464566929133 2761.417322834646 231.49606299212599 55.511811023622045 célèbre

503.1496062992126 2811.0236220472443 211.41732283464566 56.69291338582677 membre
651.9685039370079 2811.0236220472443 127.55905511811024 56.69291338582677 du
714.5669291338583 2811.0236220472443 211.41732283464566 56.69291338582677 Comité
863.3858267716536 2811.0236220472443 127.55905511811024 56.69291338582677 de
927.1653543307086 2811.0236220472443 190.15748031496062 56.69291338582677 salut
1033.4645669291338 2811.0236220472443 190.15748031496062 56.69291338582677 public.
