<alto xmlns:xsi="http://www.w3.org/2001/XMLSchema-instance" xmlns="http://www.loc.gov/standards/alto/ns-v2#" xmlns:page="http://schema.primaresearch.org/PAGE/gts/pagecontent/2013-07-15" xsi:schemaLocation="http://www.loc.gov/standards/alto/ns-v2# http://www.loc.gov/standards/alto/alto.xsd">
  <Description>
    <MeasurementUnit>pixel</MeasurementUnit>
    <sourceImageInformation>
         <fileName>7.xml</fileName>
      </sourceImageInformation>
    <OCRProcessing ID="IdOcr">
      <ocrProcessingStep>
        <processingDateTime>2020-05-13T10:41:24.934+02:00</processingDateTime>
        <processingSoftware>
               <softwareCreator>CONTRIBUTORS</softwareCreator>
               <softwareName>pdfalto</softwareName>
               <softwareVersion>0.1</softwareVersion>
            </processingSoftware>
      </ocrProcessingStep>
    </OCRProcessing>
  </Description>
  <Styles>
     <TextStyle ID="FONT0" FONTFAMILY="unknown" FONTSIZE="unknown" FONTTYPE="unknown" FONTWIDTH="unknown" FONTCOLOR="unknown" FONTSTYLE=""/>
     <TextStyle ID="FONT1" FONTFAMILY="unknown" FONTSIZE="unknown" FONTTYPE="unknown" FONTWIDTH="unknown" FONTCOLOR="unknown" FONTSTYLE="bold"/>
     <TextStyle ID="FONT2" FONTFAMILY="unknown" FONTSIZE="unknown" FONTTYPE="unknown" FONTWIDTH="unknown" FONTCOLOR="unknown" FONTSTYLE="italics"/>
</Styles>
  <Tags/>
  <Layout>
    <Page ID="Page1" PHYSICAL_IMG_NR="1" HEIGHT="3367.3228346456694" WIDTH="2212.2047244094488">
      <PrintSpace HEIGHT="3193.700787401575" WIDTH="1798.8188976377953" VPOS="86.22047244094489" HPOS="308.26771653543307">
        <TextBlock ID="region_1575036914778_530" HEIGHT="50.78740157480315" WIDTH="193.70078740157481" VPOS="442.9133858267717" HPOS="987.4015748031496">
          <TextLine ID="line_1575036915028_533" BASELINE="418" HEIGHT="53.1496062992126" WIDTH="190.15748031496062" VPOS="440.5511811023622" HPOS="988.5826771653543">
            <String HEIGHT="53.1496062992126" WIDTH="190.15748031496062" VPOS="440.5511811023622" HPOS="950.7874015748032" CONTENT="—" ID="line_1575036915028_533_1" STYLEREFS="FONT0"/>
            <SP HEIGHT="53.1496062992126" WIDTH="37.79527559055118" VPOS="440.5511811023622" HPOS="1140.9448818897638"/>
            <String HEIGHT="53.1496062992126" WIDTH="190.15748031496062" VPOS="440.5511811023622" HPOS="1026.3779527559054" CONTENT="5" ID="line_1575036915028_533_2" STYLEREFS="FONT0"/>
            <SP HEIGHT="53.1496062992126" WIDTH="37.79527559055118" VPOS="440.5511811023622" HPOS="1216.5354330708662"/>
            <String HEIGHT="53.1496062992126" WIDTH="114.56692913385827" VPOS="440.5511811023622" HPOS="1064.1732283464567" CONTENT="—" ID="line_1575036915028_533_3" STYLEREFS="FONT0"/>
          </TextLine>
        </TextBlock>
        <TextBlock ID="r_1_1" HEIGHT="138.18897637795277" WIDTH="1227.1653543307086" VPOS="518.503937007874" HPOS="488.9763779527559">
          <TextLine ID="tl_1" BASELINE="490" HEIGHT="59.05511811023622" WIDTH="1181.1023622047244" VPOS="519.6850393700787" HPOS="532.6771653543307">
            <String HEIGHT="59.05511811023622" WIDTH="124.01574803149606" VPOS="519.6850393700787" HPOS="511.4173228346457" CONTENT="L." ID="tl_1_1" STYLEREFS="FONT0"/>
            <SP HEIGHT="59.05511811023622" WIDTH="21.25984251968504" VPOS="519.6850393700787" HPOS="636.6141732283464"/>
            <String HEIGHT="59.05511811023622" WIDTH="124.01574803149606" VPOS="519.6850393700787" HPOS="574.0157480314961" CONTENT="s." ID="tl_1_2" STYLEREFS="FONT0"/>
            <SP HEIGHT="59.05511811023622" WIDTH="21.25984251968504" VPOS="519.6850393700787" HPOS="698.0314960629921"/>
            <String HEIGHT="59.05511811023622" WIDTH="124.01574803149606" VPOS="519.6850393700787" HPOS="636.6141732283464" CONTENT="au" ID="tl_1_3" STYLEREFS="FONT0"/>
            <SP HEIGHT="59.05511811023622" WIDTH="21.25984251968504" VPOS="519.6850393700787" HPOS="760.6299212598425"/>
            <String HEIGHT="59.05511811023622" WIDTH="269.29133858267716" VPOS="519.6850393700787" HPOS="698.0314960629921" CONTENT="président" ID="tl_1_4" STYLEREFS="FONT0"/>
            <SP HEIGHT="59.05511811023622" WIDTH="21.25984251968504" VPOS="519.6850393700787" HPOS="967.3228346456693"/>
            <String HEIGHT="59.05511811023622" WIDTH="124.01574803149606" VPOS="519.6850393700787" HPOS="905.9055118110236" CONTENT="de" ID="tl_1_5" STYLEREFS="FONT0"/>
            <SP HEIGHT="59.05511811023622" WIDTH="21.25984251968504" VPOS="519.6850393700787" HPOS="1029.9212598425197"/>
            <String HEIGHT="59.05511811023622" WIDTH="124.01574803149606" VPOS="519.6850393700787" HPOS="967.3228346456693" CONTENT="la" ID="tl_1_6" STYLEREFS="FONT0"/>
            <SP HEIGHT="59.05511811023622" WIDTH="21.25984251968504" VPOS="519.6850393700787" HPOS="1092.5196850393702"/>
            <String HEIGHT="59.05511811023622" WIDTH="227.95275590551182" VPOS="519.6850393700787" HPOS="1029.9212598425197" CONTENT="section" ID="tl_1_7" STYLEREFS="FONT0"/>
            <SP HEIGHT="59.05511811023622" WIDTH="21.25984251968504" VPOS="519.6850393700787" HPOS="1257.8740157480315"/>
            <String HEIGHT="59.05511811023622" WIDTH="124.01574803149606" VPOS="519.6850393700787" HPOS="1195.275590551181" CONTENT="du" ID="tl_1_8" STYLEREFS="FONT0"/>
            <SP HEIGHT="59.05511811023622" WIDTH="21.25984251968504" VPOS="519.6850393700787" HPOS="1320.4724409448818"/>
            <String HEIGHT="59.05511811023622" WIDTH="145.2755905511811" VPOS="519.6850393700787" HPOS="1257.8740157480315" CONTENT="Roi" ID="tl_1_9" STYLEREFS="FONT0"/>
            <SP HEIGHT="59.05511811023622" WIDTH="21.25984251968504" VPOS="519.6850393700787" HPOS="1403.1496062992126"/>
            <String HEIGHT="59.05511811023622" WIDTH="124.01574803149606" VPOS="519.6850393700787" HPOS="1340.5511811023623" CONTENT="de" ID="tl_1_10" STYLEREFS="FONT0"/>
            <SP HEIGHT="59.05511811023622" WIDTH="21.25984251968504" VPOS="519.6850393700787" HPOS="1464.5669291338584"/>
            <String HEIGHT="59.05511811023622" WIDTH="227.95275590551182" VPOS="519.6850393700787" HPOS="1403.1496062992126" CONTENT="Sicile;" ID="tl_1_11" STYLEREFS="FONT0"/>
            <SP HEIGHT="59.05511811023622" WIDTH="21.25984251968504" VPOS="519.6850393700787" HPOS="1631.1023622047244"/>
            <String HEIGHT="59.05511811023622" WIDTH="165.35433070866142" VPOS="519.6850393700787" HPOS="1548.4251968503936" CONTENT="Paris," ID="tl_1_12" STYLEREFS="FONT0"/>
          </TextLine>
          <TextLine ID="tl_2" BASELINE="527" HEIGHT="59.05511811023622" WIDTH="1221.259842519685" VPOS="563.3858267716536" HPOS="493.7007874015748">
            <String HEIGHT="59.05511811023622" WIDTH="124.01574803149606" VPOS="563.3858267716536" HPOS="472.4409448818898" CONTENT="14" ID="tl_2_1" STYLEREFS="FONT0"/>
            <SP HEIGHT="59.05511811023622" WIDTH="21.25984251968504" VPOS="563.3858267716536" HPOS="597.6377952755905"/>
            <String HEIGHT="59.05511811023622" WIDTH="165.35433070866142" VPOS="563.3858267716536" HPOS="535.0393700787401" CONTENT="août" ID="tl_2_2" STYLEREFS="FONT0"/>
            <SP HEIGHT="59.05511811023622" WIDTH="21.25984251968504" VPOS="563.3858267716536" HPOS="700.3937007874016"/>
            <String HEIGHT="59.05511811023622" WIDTH="186.61417322834646" VPOS="563.3858267716536" HPOS="638.9763779527559" CONTENT="1792," ID="tl_2_3" STYLEREFS="FONT0"/>
            <SP HEIGHT="59.05511811023622" WIDTH="21.25984251968504" VPOS="563.3858267716536" HPOS="824.4094488188977"/>
            <String HEIGHT="59.05511811023622" WIDTH="145.2755905511811" VPOS="563.3858267716536" HPOS="762.992125984252" CONTENT="3/4" ID="tl_2_4" STYLEREFS="FONT0"/>
            <SP HEIGHT="59.05511811023622" WIDTH="21.25984251968504" VPOS="563.3858267716536" HPOS="908.2677165354331"/>
            <String HEIGHT="59.05511811023622" WIDTH="124.01574803149606" VPOS="563.3858267716536" HPOS="845.6692913385826" CONTENT="de" ID="tl_2_5" STYLEREFS="FONT0"/>
            <SP HEIGHT="59.05511811023622" WIDTH="21.25984251968504" VPOS="563.3858267716536" HPOS="969.6850393700787"/>
            <String HEIGHT="59.05511811023622" WIDTH="124.01574803149606" VPOS="563.3858267716536" HPOS="908.2677165354331" CONTENT="p." ID="tl_2_6" STYLEREFS="FONT0"/>
            <SP HEIGHT="59.05511811023622" WIDTH="21.25984251968504" VPOS="563.3858267716536" HPOS="1032.283464566929"/>
            <String HEIGHT="59.05511811023622" WIDTH="186.61417322834646" VPOS="563.3858267716536" HPOS="969.6850393700787" CONTENT="in-4," ID="tl_2_7" STYLEREFS="FONT0"/>
            <SP HEIGHT="59.05511811023622" WIDTH="21.25984251968504" VPOS="563.3858267716536" HPOS="1156.2992125984251"/>
            <String HEIGHT="59.05511811023622" WIDTH="165.35433070866142" VPOS="563.3858267716536" HPOS="1093.7007874015749" CONTENT="tête" ID="tl_2_8" STYLEREFS="FONT0"/>
            <SP HEIGHT="59.05511811023622" WIDTH="21.25984251968504" VPOS="563.3858267716536" HPOS="1259.0551181102362"/>
            <String HEIGHT="59.05511811023622" WIDTH="124.01574803149606" VPOS="563.3858267716536" HPOS="1197.6377952755906" CONTENT="de" ID="tl_2_9" STYLEREFS="FONT0"/>
            <SP HEIGHT="59.05511811023622" WIDTH="21.25984251968504" VPOS="563.3858267716536" HPOS="1321.6535433070867"/>
            <String HEIGHT="59.05511811023622" WIDTH="206.69291338582678" VPOS="563.3858267716536" HPOS="1259.0551181102362" CONTENT="lettre" ID="tl_2_10" STYLEREFS="FONT0"/>
            <SP HEIGHT="59.05511811023622" WIDTH="21.25984251968504" VPOS="563.3858267716536" HPOS="1466.9291338582677"/>
            <String HEIGHT="59.05511811023622" WIDTH="124.01574803149606" VPOS="563.3858267716536" HPOS="1404.3307086614172" CONTENT="de" ID="tl_2_11" STYLEREFS="FONT0"/>
            <SP HEIGHT="59.05511811023622" WIDTH="21.25984251968504" VPOS="563.3858267716536" HPOS="1528.3464566929133"/>
            <String HEIGHT="59.05511811023622" WIDTH="124.01574803149606" VPOS="563.3858267716536" HPOS="1466.9291338582677" CONTENT="la" ID="tl_2_12" STYLEREFS="FONT0"/>
            <SP HEIGHT="59.05511811023622" WIDTH="21.25984251968504" VPOS="563.3858267716536" HPOS="1590.9448818897638"/>
            <String HEIGHT="59.05511811023622" WIDTH="206.69291338582678" VPOS="563.3858267716536" HPOS="1508.267716535433" CONTENT="Commune," ID="tl_2_13" STYLEREFS="FONT0"/>
          </TextLine>
          <TextLine ID="tl_3" BASELINE="555" HEIGHT="35.43307086614173" WIDTH="144.09448818897638" VPOS="620.0787401574803" HPOS="490.15748031496065">
            <String HEIGHT="35.43307086614173" WIDTH="185.43307086614172" VPOS="620.0787401574803" HPOS="448.81889763779526" CONTENT="cachet." ID="tl_3_1" STYLEREFS="FONT0"/>
          </TextLine>
        </TextBlock>
        <TextBlock ID="r_1_2" HEIGHT="278.74015748031496" WIDTH="1208.267716535433" VPOS="659.0551181102362" HPOS="514.9606299212599">
          <TextLine ID="tl_4" BASELINE="602" HEIGHT="50.78740157480315" WIDTH="1164.5669291338584" VPOS="660.2362204724409" HPOS="556.2992125984252">
            <String HEIGHT="50.78740157480315" WIDTH="141.73228346456693" VPOS="660.2362204724409" HPOS="540.9448818897638" CONTENT="Pièce" ID="tl_4_1" STYLEREFS="FONT0"/>
            <SP HEIGHT="50.78740157480315" WIDTH="15.354330708661417" VPOS="660.2362204724409" HPOS="682.6771653543307"/>
            <String HEIGHT="50.78740157480315" WIDTH="236.2204724409449" VPOS="660.2362204724409" HPOS="635.4330708661417" CONTENT="historique." ID="tl_4_2" STYLEREFS="FONT0"/>
            <SP HEIGHT="50.78740157480315" WIDTH="15.354330708661417" VPOS="660.2362204724409" HPOS="870.4724409448819"/>
            <String HEIGHT="50.78740157480315" WIDTH="79.13385826771653" VPOS="660.2362204724409" HPOS="824.4094488188977" CONTENT="—" ID="tl_4_3" STYLEREFS="FONT0"/>
            <SP HEIGHT="50.78740157480315" WIDTH="15.354330708661417" VPOS="660.2362204724409" HPOS="902.3622047244095"/>
            <String HEIGHT="50.78740157480315" WIDTH="94.48818897637796" VPOS="660.2362204724409" HPOS="855.1181102362204" CONTENT="Il" ID="tl_4_4" STYLEREFS="FONT0"/>
            <SP HEIGHT="50.78740157480315" WIDTH="15.354330708661417" VPOS="660.2362204724409" HPOS="949.6062992125984"/>
            <String HEIGHT="50.78740157480315" WIDTH="188.9763779527559" VPOS="660.2362204724409" HPOS="902.3622047244095" CONTENT="l’invite" ID="tl_4_5" STYLEREFS="FONT0"/>
            <SP HEIGHT="50.78740157480315" WIDTH="15.354330708661417" VPOS="660.2362204724409" HPOS="1091.3385826771653"/>
            <String HEIGHT="50.78740157480315" WIDTH="79.13385826771653" VPOS="660.2362204724409" HPOS="1044.0944881889764" CONTENT="à" ID="tl_4_6" STYLEREFS="FONT0"/>
            <SP HEIGHT="50.78740157480315" WIDTH="15.354330708661417" VPOS="660.2362204724409" HPOS="1123.2283464566929"/>
            <String HEIGHT="50.78740157480315" WIDTH="141.73228346456693" VPOS="660.2362204724409" HPOS="1075.984251968504" CONTENT="faire" ID="tl_4_7" STYLEREFS="FONT0"/>
            <SP HEIGHT="50.78740157480315" WIDTH="15.354330708661417" VPOS="660.2362204724409" HPOS="1217.716535433071"/>
            <String HEIGHT="50.78740157480315" WIDTH="188.9763779527559" VPOS="660.2362204724409" HPOS="1170.4724409448818" CONTENT="procéder" ID="tl_4_8" STYLEREFS="FONT0"/>
            <SP HEIGHT="50.78740157480315" WIDTH="15.354330708661417" VPOS="660.2362204724409" HPOS="1359.4488188976377"/>
            <String HEIGHT="50.78740157480315" WIDTH="126.37795275590551" VPOS="660.2362204724409" HPOS="1312.2047244094488" CONTENT="dans" ID="tl_4_9" STYLEREFS="FONT0"/>
            <SP HEIGHT="50.78740157480315" WIDTH="15.354330708661417" VPOS="660.2362204724409" HPOS="1437.4015748031495"/>
            <String HEIGHT="50.78740157480315" WIDTH="94.48818897637796" VPOS="660.2362204724409" HPOS="1390.1574803149606" CONTENT="le" ID="tl_4_10" STYLEREFS="FONT0"/>
            <SP HEIGHT="50.78740157480315" WIDTH="15.354330708661417" VPOS="660.2362204724409" HPOS="1484.6456692913387"/>
            <String HEIGHT="50.78740157480315" WIDTH="126.37795275590551" VPOS="660.2362204724409" HPOS="1437.4015748031495" CONTENT="jour" ID="tl_4_11" STYLEREFS="FONT0"/>
            <SP HEIGHT="50.78740157480315" WIDTH="15.354330708661417" VPOS="660.2362204724409" HPOS="1563.7795275590552"/>
            <String HEIGHT="50.78740157480315" WIDTH="79.13385826771653" VPOS="660.2362204724409" HPOS="1516.5354330708662" CONTENT="à" ID="tl_4_12" STYLEREFS="FONT0"/>
            <SP HEIGHT="50.78740157480315" WIDTH="15.354330708661417" VPOS="660.2362204724409" HPOS="1594.4881889763778"/>
            <String HEIGHT="50.78740157480315" WIDTH="188.9763779527559" VPOS="660.2362204724409" HPOS="1531.8897637795276" CONTENT="l'élection" ID="tl_4_13" STYLEREFS="FONT0"/>
          </TextLine>
          <TextLine ID="tl_5" BASELINE="636" HEIGHT="51.968503937007874" WIDTH="1204.724409448819" VPOS="699.2125984251968" HPOS="517.3228346456693">
            <String HEIGHT="51.968503937007874" WIDTH="112.20472440944881" VPOS="699.2125984251968" HPOS="500.78740157480314" CONTENT="des" ID="tl_5_1" STYLEREFS="FONT0"/>
            <SP HEIGHT="51.968503937007874" WIDTH="16.53543307086614" VPOS="699.2125984251968" HPOS="614.1732283464567"/>
            <String HEIGHT="51.968503937007874" WIDTH="177.16535433070865" VPOS="699.2125984251968" HPOS="565.7480314960629" CONTENT="membres" ID="tl_5_2" STYLEREFS="FONT0"/>
            <SP HEIGHT="51.968503937007874" WIDTH="16.53543307086614" VPOS="699.2125984251968" HPOS="741.7322834645669"/>
            <String HEIGHT="51.968503937007874" WIDTH="112.20472440944881" VPOS="699.2125984251968" HPOS="694.488188976378" CONTENT="que" ID="tl_5_3" STYLEREFS="FONT0"/>
            <SP HEIGHT="51.968503937007874" WIDTH="16.53543307086614" VPOS="699.2125984251968" HPOS="806.6929133858267"/>
            <String HEIGHT="51.968503937007874" WIDTH="128.74015748031496" VPOS="699.2125984251968" HPOS="758.2677165354331" CONTENT="doit" ID="tl_5_4" STYLEREFS="FONT0"/>
            <SP HEIGHT="51.968503937007874" WIDTH="16.53543307086614" VPOS="699.2125984251968" HPOS="887.007874015748"/>
            <String HEIGHT="51.968503937007874" WIDTH="177.16535433070865" VPOS="699.2125984251968" HPOS="838.5826771653543" CONTENT="fournir" ID="tl_5_5" STYLEREFS="FONT0"/>
            <SP HEIGHT="51.968503937007874" WIDTH="16.53543307086614" VPOS="699.2125984251968" HPOS="1015.7480314960629"/>
            <String HEIGHT="51.968503937007874" WIDTH="144.09448818897638" VPOS="699.2125984251968" HPOS="967.3228346456693" CONTENT="cette" ID="tl_5_6" STYLEREFS="FONT0"/>
            <SP HEIGHT="51.968503937007874" WIDTH="16.53543307086614" VPOS="699.2125984251968" HPOS="1111.4173228346456"/>
            <String HEIGHT="51.968503937007874" WIDTH="177.16535433070865" VPOS="699.2125984251968" HPOS="1062.992125984252" CONTENT="section" ID="tl_5_7" STYLEREFS="FONT0"/>
            <SP HEIGHT="51.968503937007874" WIDTH="16.53543307086614" VPOS="699.2125984251968" HPOS="1240.1574803149606"/>
            <String HEIGHT="51.968503937007874" WIDTH="80.31496062992126" VPOS="699.2125984251968" HPOS="1191.732283464567" CONTENT="à" ID="tl_5_8" STYLEREFS="FONT0"/>
            <SP HEIGHT="51.968503937007874" WIDTH="16.53543307086614" VPOS="699.2125984251968" HPOS="1272.0472440944882"/>
            <String HEIGHT="51.968503937007874" WIDTH="96.85039370078741" VPOS="699.2125984251968" HPOS="1223.6220472440946" CONTENT="la" ID="tl_5_9" STYLEREFS="FONT0"/>
            <SP HEIGHT="51.968503937007874" WIDTH="16.53543307086614" VPOS="699.2125984251968" HPOS="1320.4724409448818"/>
            <String HEIGHT="51.968503937007874" WIDTH="128.74015748031496" VPOS="699.2125984251968" HPOS="1272.0472440944882" CONTENT="cour" ID="tl_5_10" STYLEREFS="FONT0"/>
            <SP HEIGHT="51.968503937007874" WIDTH="16.53543307086614" VPOS="699.2125984251968" HPOS="1400.7874015748032"/>
            <String HEIGHT="51.968503937007874" WIDTH="209.0551181102362" VPOS="699.2125984251968" HPOS="1352.3622047244094" CONTENT="martiale," ID="tl_5_11" STYLEREFS="FONT0"/>
            <SP HEIGHT="51.968503937007874" WIDTH="16.53543307086614" VPOS="699.2125984251968" HPOS="1561.4173228346456"/>
            <String HEIGHT="51.968503937007874" WIDTH="192.51968503937007" VPOS="699.2125984251968" HPOS="1512.992125984252" CONTENT="décrétée" ID="tl_5_12" STYLEREFS="FONT0"/>
            <SP HEIGHT="51.968503937007874" WIDTH="16.53543307086614" VPOS="699.2125984251968" HPOS="1705.5118110236222"/>
            <String HEIGHT="51.968503937007874" WIDTH="80.31496062992126" VPOS="699.2125984251968" HPOS="1641.732283464567" CONTENT="par" ID="tl_5_13" STYLEREFS="FONT0"/>
          </TextLine>
          <TextLine ID="tl_6" BASELINE="665" HEIGHT="48.425196850393704" WIDTH="1204.724409448819" VPOS="737.007874015748" HPOS="517.3228346456693">
            <String HEIGHT="48.425196850393704" WIDTH="229.13385826771653" VPOS="737.007874015748" HPOS="501.9685039370079" CONTENT="l’Assemblée" ID="tl_6_1" STYLEREFS="FONT0"/>
            <SP HEIGHT="48.425196850393704" WIDTH="15.354330708661417" VPOS="737.007874015748" HPOS="731.1023622047244"/>
            <String HEIGHT="48.425196850393704" WIDTH="213.7795275590551" VPOS="737.007874015748" HPOS="685.0393700787401" CONTENT="nationale." ID="tl_6_2" STYLEREFS="FONT0"/>
            <SP HEIGHT="48.425196850393704" WIDTH="15.354330708661417" VPOS="737.007874015748" HPOS="898.8188976377953"/>
            <String HEIGHT="48.425196850393704" WIDTH="106.2992125984252" VPOS="737.007874015748" HPOS="852.7559055118111" CONTENT="«Le" ID="tl_6_3" STYLEREFS="FONT0"/>
            <SP HEIGHT="48.425196850393704" WIDTH="15.354330708661417" VPOS="737.007874015748" HPOS="959.0551181102362"/>
            <String HEIGHT="48.425196850393704" WIDTH="167.71653543307087" VPOS="737.007874015748" HPOS="914.1732283464567" CONTENT="peuple," ID="tl_6_4" STYLEREFS="FONT0"/>
            <SP HEIGHT="48.425196850393704" WIDTH="15.354330708661417" VPOS="737.007874015748" HPOS="1081.8897637795276"/>
            <String HEIGHT="48.425196850393704" WIDTH="167.71653543307087" VPOS="737.007874015748" HPOS="1035.8267716535433" CONTENT="dit-il," ID="tl_6_5" STYLEREFS="FONT0"/>
            <SP HEIGHT="48.425196850393704" WIDTH="15.354330708661417" VPOS="737.007874015748" HPOS="1203.5433070866143"/>
            <String HEIGHT="48.425196850393704" WIDTH="152.36220472440945" VPOS="737.007874015748" HPOS="1157.4803149606298" CONTENT="attend" ID="tl_6_6" STYLEREFS="FONT0"/>
            <SP HEIGHT="48.425196850393704" WIDTH="15.354330708661417" VPOS="737.007874015748" HPOS="1309.8425196850394"/>
            <String HEIGHT="48.425196850393704" WIDTH="137.00787401574803" VPOS="737.007874015748" HPOS="1264.9606299212599" CONTENT="cette" ID="tl_6_7" STYLEREFS="FONT0"/>
            <SP HEIGHT="48.425196850393704" WIDTH="15.354330708661417" VPOS="737.007874015748" HPOS="1401.9685039370079"/>
            <String HEIGHT="48.425196850393704" WIDTH="244.48818897637796" VPOS="737.007874015748" HPOS="1355.9055118110236" CONTENT="institution:" ID="tl_6_8" STYLEREFS="FONT0"/>
            <SP HEIGHT="48.425196850393704" WIDTH="15.354330708661417" VPOS="737.007874015748" HPOS="1600.3937007874015"/>
            <String HEIGHT="48.425196850393704" WIDTH="90.94488188976378" VPOS="737.007874015748" HPOS="1554.3307086614172" CONTENT="il" ID="tl_6_9" STYLEREFS="FONT0"/>
            <SP HEIGHT="48.425196850393704" WIDTH="15.354330708661417" VPOS="737.007874015748" HPOS="1645.275590551181"/>
            <String HEIGHT="48.425196850393704" WIDTH="90.94488188976378" VPOS="737.007874015748" HPOS="1600.3937007874015" CONTENT="la" ID="tl_6_10" STYLEREFS="FONT0"/>
            <SP HEIGHT="48.425196850393704" WIDTH="15.354330708661417" VPOS="737.007874015748" HPOS="1691.3385826771653"/>
            <String HEIGHT="48.425196850393704" WIDTH="90.94488188976378" VPOS="737.007874015748" HPOS="1631.1023622047244" CONTENT="veut" ID="tl_6_11" STYLEREFS="FONT0"/>
          </TextLine>
          <TextLine ID="tl_7" BASELINE="699" HEIGHT="51.968503937007874" WIDTH="1204.724409448819" VPOS="773.6220472440945" HPOS="517.3228346456693">
            <String HEIGHT="51.968503937007874" WIDTH="220.86614173228347" VPOS="773.6220472440945" HPOS="500.78740157480314" CONTENT="prompte.»" ID="tl_7_1" STYLEREFS="FONT0"/>
            <SP HEIGHT="51.968503937007874" WIDTH="16.53543307086614" VPOS="773.6220472440945" HPOS="720.4724409448819"/>
            <String HEIGHT="51.968503937007874" WIDTH="101.5748031496063" VPOS="773.6220472440945" HPOS="669.6850393700787" CONTENT="Le" ID="tl_7_2" STYLEREFS="FONT0"/>
            <SP HEIGHT="51.968503937007874" WIDTH="16.53543307086614" VPOS="773.6220472440945" HPOS="771.2598425196851"/>
            <String HEIGHT="51.968503937007874" WIDTH="186.61417322834646" VPOS="773.6220472440945" HPOS="720.4724409448819" CONTENT="conseil" ID="tl_7_3" STYLEREFS="FONT0"/>
            <SP HEIGHT="51.968503937007874" WIDTH="16.53543307086614" VPOS="773.6220472440945" HPOS="907.0866141732283"/>
            <String HEIGHT="51.968503937007874" WIDTH="101.5748031496063" VPOS="773.6220472440945" HPOS="856.2992125984252" CONTENT="de" ID="tl_7_4" STYLEREFS="FONT0"/>
            <SP HEIGHT="51.968503937007874" WIDTH="16.53543307086614" VPOS="773.6220472440945" HPOS="959.0551181102362"/>
            <String HEIGHT="51.968503937007874" WIDTH="101.5748031496063" VPOS="773.6220472440945" HPOS="907.0866141732283" CONTENT="la" ID="tl_7_5" STYLEREFS="FONT0"/>
            <SP HEIGHT="51.968503937007874" WIDTH="16.53543307086614" VPOS="773.6220472440945" HPOS="1009.8425196850394"/>
            <String HEIGHT="51.968503937007874" WIDTH="186.61417322834646" VPOS="773.6220472440945" HPOS="959.0551181102362" CONTENT="Commune" ID="tl_7_6" STYLEREFS="FONT0"/>
            <SP HEIGHT="51.968503937007874" WIDTH="16.53543307086614" VPOS="773.6220472440945" HPOS="1145.6692913385828"/>
            <String HEIGHT="51.968503937007874" WIDTH="85.03937007874016" VPOS="773.6220472440945" HPOS="1093.7007874015749" CONTENT="a" ID="tl_7_7" STYLEREFS="FONT0"/>
            <SP HEIGHT="51.968503937007874" WIDTH="16.53543307086614" VPOS="773.6220472440945" HPOS="1178.740157480315"/>
            <String HEIGHT="51.968503937007874" WIDTH="135.82677165354332" VPOS="773.6220472440945" HPOS="1127.9527559055118" CONTENT="pris" ID="tl_7_8" STYLEREFS="FONT0"/>
            <SP HEIGHT="51.968503937007874" WIDTH="16.53543307086614" VPOS="773.6220472440945" HPOS="1263.7795275590552"/>
            <String HEIGHT="51.968503937007874" WIDTH="170.07874015748033" VPOS="773.6220472440945" HPOS="1212.992125984252" CONTENT="envers" ID="tl_7_9" STYLEREFS="FONT0"/>
            <SP HEIGHT="51.968503937007874" WIDTH="16.53543307086614" VPOS="773.6220472440945" HPOS="1383.0708661417323"/>
            <String HEIGHT="51.968503937007874" WIDTH="101.5748031496063" VPOS="773.6220472440945" HPOS="1332.283464566929" CONTENT="le" ID="tl_7_10" STYLEREFS="FONT0"/>
            <SP HEIGHT="51.968503937007874" WIDTH="16.53543307086614" VPOS="773.6220472440945" HPOS="1433.8582677165355"/>
            <String HEIGHT="51.968503937007874" WIDTH="170.07874015748033" VPOS="773.6220472440945" HPOS="1383.0708661417323" CONTENT="peuple" ID="tl_7_11" STYLEREFS="FONT0"/>
            <SP HEIGHT="51.968503937007874" WIDTH="16.53543307086614" VPOS="773.6220472440945" HPOS="1551.9685039370079"/>
            <String HEIGHT="51.968503937007874" WIDTH="237.4015748031496" VPOS="773.6220472440945" HPOS="1484.6456692913387" CONTENT="l'engagement" ID="tl_7_12" STYLEREFS="FONT0"/>
          </TextLine>
          <TextLine ID="tl_8" BASELINE="730" HEIGHT="51.968503937007874" WIDTH="1205.9055118110236" VPOS="810.2362204724409" HPOS="516.1417322834645">
            <String HEIGHT="51.968503937007874" WIDTH="100.39370078740157" VPOS="810.2362204724409" HPOS="501.9685039370079" CONTENT="que" ID="tl_8_1" STYLEREFS="FONT0"/>
            <SP HEIGHT="51.968503937007874" WIDTH="14.173228346456693" VPOS="810.2362204724409" HPOS="602.3622047244095"/>
            <String HEIGHT="51.968503937007874" WIDTH="86.22047244094489" VPOS="810.2362204724409" HPOS="558.6614173228346" CONTENT="ce" ID="tl_8_2" STYLEREFS="FONT0"/>
            <SP HEIGHT="51.968503937007874" WIDTH="14.173228346456693" VPOS="810.2362204724409" HPOS="644.8818897637796"/>
            <String HEIGHT="51.968503937007874" WIDTH="172.44094488188978" VPOS="810.2362204724409" HPOS="602.3622047244095" CONTENT="tribunal" ID="tl_8_3" STYLEREFS="FONT0"/>
            <SP HEIGHT="51.968503937007874" WIDTH="14.173228346456693" VPOS="810.2362204724409" HPOS="774.8031496062993"/>
            <String HEIGHT="51.968503937007874" WIDTH="144.09448818897638" VPOS="810.2362204724409" HPOS="731.1023622047244" CONTENT="serait" ID="tl_8_4" STYLEREFS="FONT0"/>
            <SP HEIGHT="51.968503937007874" WIDTH="14.173228346456693" VPOS="810.2362204724409" HPOS="875.1968503937007"/>
            <String HEIGHT="51.968503937007874" WIDTH="144.09448818897638" VPOS="810.2362204724409" HPOS="831.496062992126" CONTENT="établi" ID="tl_8_5" STYLEREFS="FONT0"/>
            <SP HEIGHT="51.968503937007874" WIDTH="14.173228346456693" VPOS="810.2362204724409" HPOS="975.5905511811023"/>
            <String HEIGHT="51.968503937007874" WIDTH="172.44094488188978" VPOS="810.2362204724409" HPOS="931.8897637795276" CONTENT="avant" ID="tl_8_6" STYLEREFS="FONT2"/>
            <SP HEIGHT="51.968503937007874" WIDTH="14.173228346456693" VPOS="810.2362204724409" HPOS="1104.3307086614172"/>
            <String HEIGHT="51.968503937007874" WIDTH="214.96062992125985" VPOS="810.2362204724409" HPOS="1061.8110236220473" CONTENT="minuit." ID="tl_8_7" STYLEREFS="FONT2"/>
            <SP HEIGHT="51.968503937007874" WIDTH="14.173228346456693" VPOS="810.2362204724409" HPOS="1276.7716535433071"/>
            <String HEIGHT="51.968503937007874" WIDTH="100.39370078740157" VPOS="810.2362204724409" HPOS="1234.251968503937" CONTENT="(Ce" ID="tl_8_8" STYLEREFS="FONT0"/>
            <SP HEIGHT="51.968503937007874" WIDTH="14.173228346456693" VPOS="810.2362204724409" HPOS="1334.6456692913387"/>
            <String HEIGHT="51.968503937007874" WIDTH="172.44094488188978" VPOS="810.2362204724409" HPOS="1290.9448818897638" CONTENT="tribunal" ID="tl_8_9" STYLEREFS="FONT0"/>
            <SP HEIGHT="51.968503937007874" WIDTH="14.173228346456693" VPOS="810.2362204724409" HPOS="1463.3858267716535"/>
            <String HEIGHT="51.968503937007874" WIDTH="86.22047244094489" VPOS="810.2362204724409" HPOS="1420.8661417322835" CONTENT="ne" ID="tl_8_10" STYLEREFS="FONT0"/>
            <SP HEIGHT="51.968503937007874" WIDTH="14.173228346456693" VPOS="810.2362204724409" HPOS="1507.0866141732283"/>
            <String HEIGHT="51.968503937007874" WIDTH="100.39370078740157" VPOS="810.2362204724409" HPOS="1463.3858267716535" CONTENT="fut" ID="tl_8_11" STYLEREFS="FONT0"/>
            <SP HEIGHT="51.968503937007874" WIDTH="14.173228346456693" VPOS="810.2362204724409" HPOS="1563.7795275590552"/>
            <String HEIGHT="51.968503937007874" WIDTH="186.61417322834646" VPOS="810.2362204724409" HPOS="1521.259842519685" CONTENT="constitué" ID="tl_8_12" STYLEREFS="FONT0"/>
            <SP HEIGHT="51.968503937007874" WIDTH="14.173228346456693" VPOS="810.2362204724409" HPOS="1707.8740157480315"/>
            <String HEIGHT="51.968503937007874" WIDTH="72.04724409448819" VPOS="810.2362204724409" HPOS="1650.0" CONTENT="que" ID="tl_8_13" STYLEREFS="FONT0"/>
          </TextLine>
          <TextLine ID="tl_9" BASELINE="762" HEIGHT="51.968503937007874" WIDTH="1204.724409448819" VPOS="848.0314960629921" HPOS="516.1417322834645">
            <String HEIGHT="51.968503937007874" WIDTH="87.4015748031496" VPOS="848.0314960629921" HPOS="501.9685039370079" CONTENT="le" ID="tl_9_1" STYLEREFS="FONT0"/>
            <SP HEIGHT="51.968503937007874" WIDTH="14.173228346456693" VPOS="848.0314960629921" HPOS="588.1889763779527"/>
            <String HEIGHT="51.968503937007874" WIDTH="101.5748031496063" VPOS="848.0314960629921" HPOS="545.6692913385826" CONTENT="17;" ID="tl_9_2" STYLEREFS="FONT0"/>
            <SP HEIGHT="51.968503937007874" WIDTH="14.173228346456693" VPOS="848.0314960629921" HPOS="647.2440944881889"/>
            <String HEIGHT="51.968503937007874" WIDTH="87.4015748031496" VPOS="848.0314960629921" HPOS="603.5433070866142" CONTENT="la" ID="tl_9_3" STYLEREFS="FONT0"/>
            <SP HEIGHT="51.968503937007874" WIDTH="14.173228346456693" VPOS="848.0314960629921" HPOS="689.7637795275591"/>
            <String HEIGHT="51.968503937007874" WIDTH="159.4488188976378" VPOS="848.0314960629921" HPOS="647.2440944881889" CONTENT="lenteur" ID="tl_9_4" STYLEREFS="FONT0"/>
            <SP HEIGHT="51.968503937007874" WIDTH="14.173228346456693" VPOS="848.0314960629921" HPOS="806.6929133858267"/>
            <String HEIGHT="51.968503937007874" WIDTH="87.4015748031496" VPOS="848.0314960629921" HPOS="762.992125984252" CONTENT="de" ID="tl_9_5" STYLEREFS="FONT0"/>
            <SP HEIGHT="51.968503937007874" WIDTH="14.173228346456693" VPOS="848.0314960629921" HPOS="850.3937007874016"/>
            <String HEIGHT="51.968503937007874" WIDTH="101.5748031496063" VPOS="848.0314960629921" HPOS="806.6929133858267" CONTENT="ses" ID="tl_9_6" STYLEREFS="FONT0"/>
            <SP HEIGHT="51.968503937007874" WIDTH="14.173228346456693" VPOS="848.0314960629921" HPOS="908.2677165354331"/>
            <String HEIGHT="51.968503937007874" WIDTH="304.7244094488189" VPOS="848.0314960629921" HPOS="864.5669291338583" CONTENT="opérations" ID="tl_9_7" STYLEREFS="FONT2"/>
            <SP HEIGHT="51.968503937007874" WIDTH="14.173228346456693" VPOS="848.0314960629921" HPOS="1169.291338582677"/>
            <String HEIGHT="51.968503937007874" WIDTH="101.5748031496063" VPOS="848.0314960629921" HPOS="1125.5905511811025" CONTENT="est" ID="tl_9_8" STYLEREFS="FONT0"/>
            <SP HEIGHT="51.968503937007874" WIDTH="14.173228346456693" VPOS="848.0314960629921" HPOS="1227.1653543307086"/>
            <String HEIGHT="51.968503937007874" WIDTH="101.5748031496063" VPOS="848.0314960629921" HPOS="1183.4645669291338" CONTENT="une" ID="tl_9_9" STYLEREFS="FONT0"/>
            <SP HEIGHT="51.968503937007874" WIDTH="14.173228346456693" VPOS="848.0314960629921" HPOS="1285.0393700787401"/>
            <String HEIGHT="51.968503937007874" WIDTH="101.5748031496063" VPOS="848.0314960629921" HPOS="1241.3385826771653" CONTENT="des" ID="tl_9_10" STYLEREFS="FONT0"/>
            <SP HEIGHT="51.968503937007874" WIDTH="14.173228346456693" VPOS="848.0314960629921" HPOS="1342.9133858267717"/>
            <String HEIGHT="51.968503937007874" WIDTH="217.3228346456693" VPOS="848.0314960629921" HPOS="1300.3937007874015" CONTENT="principales" ID="tl_9_11" STYLEREFS="FONT0"/>
            <SP HEIGHT="51.968503937007874" WIDTH="14.173228346456693" VPOS="848.0314960629921" HPOS="1517.716535433071"/>
            <String HEIGHT="51.968503937007874" WIDTH="145.2755905511811" VPOS="848.0314960629921" HPOS="1474.015748031496" CONTENT="causes" ID="tl_9_12" STYLEREFS="FONT0"/>
            <SP HEIGHT="51.968503937007874" WIDTH="14.173228346456693" VPOS="848.0314960629921" HPOS="1619.291338582677"/>
            <String HEIGHT="51.968503937007874" WIDTH="159.4488188976378" VPOS="848.0314960629921" HPOS="1561.4173228346456" CONTENT="assignées" ID="tl_9_13" STYLEREFS="FONT0"/>
          </TextLine>
          <TextLine ID="tl_10" BASELINE="793" HEIGHT="44.881889763779526" WIDTH="598.8188976377953" VPOS="891.7322834645669" HPOS="516.1417322834645">
            <String HEIGHT="44.881889763779526" WIDTH="113.38582677165354" VPOS="891.7322834645669" HPOS="499.6062992125984" CONTENT="aux" ID="tl_10_1" STYLEREFS="FONT0"/>
            <SP HEIGHT="44.881889763779526" WIDTH="16.53543307086614" VPOS="891.7322834645669" HPOS="612.992125984252"/>
            <String HEIGHT="44.881889763779526" WIDTH="210.23622047244095" VPOS="891.7322834645669" HPOS="564.5669291338583" CONTENT="terribles" ID="tl_10_2" STYLEREFS="FONT0"/>
            <SP HEIGHT="44.881889763779526" WIDTH="16.53543307086614" VPOS="891.7322834645669" HPOS="774.8031496062993"/>
            <String HEIGHT="44.881889763779526" WIDTH="193.70078740157481" VPOS="891.7322834645669" HPOS="726.3779527559055" CONTENT="journées" ID="tl_10_3" STYLEREFS="FONT0"/>
            <SP HEIGHT="44.881889763779526" WIDTH="16.53543307086614" VPOS="891.7322834645669" HPOS="921.2598425196851"/>
            <String HEIGHT="44.881889763779526" WIDTH="96.85039370078741" VPOS="891.7322834645669" HPOS="871.6535433070866" CONTENT="de" ID="tl_10_4" STYLEREFS="FONT0"/>
            <SP HEIGHT="44.881889763779526" WIDTH="16.53543307086614" VPOS="891.7322834645669" HPOS="969.6850393700787"/>
            <String HEIGHT="44.881889763779526" WIDTH="210.23622047244095" VPOS="891.7322834645669" HPOS="904.7244094488188" CONTENT="septembre.)" ID="tl_10_5" STYLEREFS="FONT0"/>
          </TextLine>
        </TextBlock>
        <TextBlock ID="r_1_3" HEIGHT="161.81102362204723" WIDTH="1275.5905511811025" VPOS="931.8897637795276" HPOS="444.09448818897636">
          <TextLine ID="tl_11" BASELINE="849" HEIGHT="69.68503937007874" WIDTH="1272.0472440944882" VPOS="933.0708661417323" HPOS="445.2755905511811">
            <String HEIGHT="69.68503937007874" WIDTH="127.55905511811024" VPOS="933.0708661417323" HPOS="427.5590551181102" CONTENT="15." ID="tl_11_1" STYLEREFS="FONT0"/>
            <SP HEIGHT="69.68503937007874" WIDTH="17.716535433070867" VPOS="933.0708661417323" HPOS="553.9370078740158"/>
            <String HEIGHT="69.68503937007874" WIDTH="162.99212598425197" VPOS="933.0708661417323" HPOS="499.6062992125984" CONTENT="LE" ID="tl_11_2" STYLEREFS="FONT1"/>
            <SP HEIGHT="69.68503937007874" WIDTH="17.716535433070867" VPOS="933.0708661417323" HPOS="663.7795275590552"/>
            <String HEIGHT="69.68503937007874" WIDTH="236.2204724409449" VPOS="933.0708661417323" HPOS="608.2677165354331" CONTENT="MÊME." ID="tl_11_3" STYLEREFS="FONT1"/>
            <SP HEIGHT="69.68503937007874" WIDTH="17.716535433070867" VPOS="933.0708661417323" HPOS="844.488188976378"/>
            <String HEIGHT="69.68503937007874" WIDTH="162.99212598425197" VPOS="933.0708661417323" HPOS="790.1574803149606" CONTENT="Pièce" ID="tl_11_4" STYLEREFS="FONT0"/>
            <SP HEIGHT="69.68503937007874" WIDTH="17.716535433070867" VPOS="933.0708661417323" HPOS="954.3307086614174"/>
            <String HEIGHT="69.68503937007874" WIDTH="162.99212598425197" VPOS="933.0708661417323" HPOS="900.0" CONTENT="sig.," ID="tl_11_5" STYLEREFS="FONT0"/>
            <SP HEIGHT="69.68503937007874" WIDTH="17.716535433070867" VPOS="933.0708661417323" HPOS="1062.992125984252"/>
            <String HEIGHT="69.68503937007874" WIDTH="145.2755905511811" VPOS="933.0708661417323" HPOS="1008.6614173228346" CONTENT="sig." ID="tl_11_6" STYLEREFS="FONT0"/>
            <SP HEIGHT="69.68503937007874" WIDTH="17.716535433070867" VPOS="933.0708661417323" HPOS="1153.9370078740158"/>
            <String HEIGHT="69.68503937007874" WIDTH="162.99212598425197" VPOS="933.0708661417323" HPOS="1099.6062992125985" CONTENT="aussi" ID="tl_11_7" STYLEREFS="FONT0"/>
            <SP HEIGHT="69.68503937007874" WIDTH="17.716535433070867" VPOS="933.0708661417323" HPOS="1262.5984251968505"/>
            <String HEIGHT="69.68503937007874" WIDTH="108.66141732283465" VPOS="933.0708661417323" HPOS="1208.267716535433" CONTENT="de" ID="tl_11_8" STYLEREFS="FONT0"/>
            <SP HEIGHT="69.68503937007874" WIDTH="17.716535433070867" VPOS="933.0708661417323" HPOS="1318.1102362204724"/>
            <String HEIGHT="69.68503937007874" WIDTH="472.4409448818898" VPOS="933.0708661417323" HPOS="1244.8818897637796" CONTENT="Collot" ID="tl_11_9" STYLEREFS="FONT2"/>
          </TextLine>
          <TextLine ID="tl_12" BASELINE="887" HEIGHT="57.874015748031496" WIDTH="1229.5275590551182" VPOS="989.7637795275591" HPOS="488.9763779527559">
            <String HEIGHT="57.874015748031496" WIDTH="229.13385826771653" VPOS="989.7637795275591" HPOS="472.4409448818898" CONTENT="Prieur," ID="tl_12_1" STYLEREFS="FONT2"/>
            <SP HEIGHT="57.874015748031496" WIDTH="16.53543307086614" VPOS="989.7637795275591" HPOS="701.5748031496063"/>
            <String HEIGHT="57.874015748031496" WIDTH="197.24409448818898" VPOS="989.7637795275591" HPOS="653.1496062992126" CONTENT="Thuriot," ID="tl_12_2" STYLEREFS="FONT2"/>
            <SP HEIGHT="57.874015748031496" WIDTH="16.53543307086614" VPOS="989.7637795275591" HPOS="849.2125984251968"/>
            <String HEIGHT="57.874015748031496" WIDTH="98.03149606299213" VPOS="989.7637795275591" HPOS="800.7874015748032" CONTENT="R." ID="tl_12_3" STYLEREFS="FONT2"/>
            <SP HEIGHT="57.874015748031496" WIDTH="16.53543307086614" VPOS="989.7637795275591" HPOS="898.8188976377953"/>
            <String HEIGHT="57.874015748031496" WIDTH="245.66929133858267" VPOS="989.7637795275591" HPOS="849.2125984251968" CONTENT="Lindet," ID="tl_12_4" STYLEREFS="FONT2"/>
            <SP HEIGHT="57.874015748031496" WIDTH="16.53543307086614" VPOS="989.7637795275591" HPOS="1096.0629921259842"/>
            <String HEIGHT="57.874015748031496" WIDTH="147.63779527559055" VPOS="989.7637795275591" HPOS="1046.4566929133857" CONTENT="etc.;" ID="tl_12_5" STYLEREFS="FONT0"/>
            <SP HEIGHT="57.874015748031496" WIDTH="16.53543307086614" VPOS="989.7637795275591" HPOS="1194.0944881889764"/>
            <String HEIGHT="57.874015748031496" WIDTH="164.17322834645668" VPOS="989.7637795275591" HPOS="1144.4881889763778" CONTENT="Paris," ID="tl_12_6" STYLEREFS="FONT0"/>
            <SP HEIGHT="57.874015748031496" WIDTH="16.53543307086614" VPOS="989.7637795275591" HPOS="1308.6614173228347"/>
            <String HEIGHT="57.874015748031496" WIDTH="98.03149606299213" VPOS="989.7637795275591" HPOS="1259.0551181102362" CONTENT="22" ID="tl_12_7" STYLEREFS="FONT0"/>
            <SP HEIGHT="57.874015748031496" WIDTH="16.53543307086614" VPOS="989.7637795275591" HPOS="1358.267716535433"/>
            <String HEIGHT="57.874015748031496" WIDTH="164.17322834645668" VPOS="989.7637795275591" HPOS="1308.6614173228347" CONTENT="therm." ID="tl_12_8" STYLEREFS="FONT0"/>
            <SP HEIGHT="57.874015748031496" WIDTH="16.53543307086614" VPOS="989.7637795275591" HPOS="1472.8346456692914"/>
            <String HEIGHT="57.874015748031496" WIDTH="98.03149606299213" VPOS="989.7637795275591" HPOS="1423.2283464566929" CONTENT="an" ID="tl_12_9" STYLEREFS="FONT0"/>
            <SP HEIGHT="57.874015748031496" WIDTH="16.53543307086614" VPOS="989.7637795275591" HPOS="1521.259842519685"/>
            <String HEIGHT="57.874015748031496" WIDTH="98.03149606299213" VPOS="989.7637795275591" HPOS="1472.8346456692914" CONTENT="2," ID="tl_12_10" STYLEREFS="FONT0"/>
            <SP HEIGHT="57.874015748031496" WIDTH="16.53543307086614" VPOS="989.7637795275591" HPOS="1570.8661417322835"/>
            <String HEIGHT="57.874015748031496" WIDTH="81.49606299212599" VPOS="989.7637795275591" HPOS="1521.259842519685" CONTENT="2" ID="tl_12_11" STYLEREFS="FONT0"/>
            <SP HEIGHT="57.874015748031496" WIDTH="16.53543307086614" VPOS="989.7637795275591" HPOS="1603.9370078740158"/>
            <String HEIGHT="57.874015748031496" WIDTH="98.03149606299213" VPOS="989.7637795275591" HPOS="1554.3307086614172" CONTENT="p." ID="tl_12_12" STYLEREFS="FONT0"/>
            <SP HEIGHT="57.874015748031496" WIDTH="16.53543307086614" VPOS="989.7637795275591" HPOS="1652.3622047244094"/>
            <String HEIGHT="57.874015748031496" WIDTH="131.10236220472441" VPOS="989.7637795275591" HPOS="1587.4015748031495" CONTENT="in" ID="tl_12_13" STYLEREFS="FONT0"/>
          </TextLine>
          <TextLine ID="tl_13" BASELINE="925" HEIGHT="54.330708661417326" WIDTH="698.0314960629921" VPOS="1038.1889763779527" HPOS="487.79527559055117">
            <String HEIGHT="54.330708661417326" WIDTH="168.89763779527559" VPOS="1038.1889763779527" HPOS="466.53543307086613" CONTENT="tête" ID="tl_13_1" STYLEREFS="FONT0"/>
            <SP HEIGHT="54.330708661417326" WIDTH="21.25984251968504" VPOS="1038.1889763779527" HPOS="635.4330708661417"/>
            <String HEIGHT="54.330708661417326" WIDTH="168.89763779527559" VPOS="1038.1889763779527" HPOS="572.8346456692914" CONTENT="imp." ID="tl_13_2" STYLEREFS="FONT0"/>
            <SP HEIGHT="54.330708661417326" WIDTH="21.25984251968504" VPOS="1038.1889763779527" HPOS="741.7322834645669"/>
            <String HEIGHT="54.330708661417326" WIDTH="126.37795275590551" VPOS="1038.1889763779527" HPOS="677.9527559055118" CONTENT="du" ID="tl_13_3" STYLEREFS="FONT0"/>
            <SP HEIGHT="54.330708661417326" WIDTH="21.25984251968504" VPOS="1038.1889763779527" HPOS="805.511811023622"/>
            <String HEIGHT="54.330708661417326" WIDTH="168.89763779527559" VPOS="1038.1889763779527" HPOS="741.7322834645669" CONTENT="Com." ID="tl_13_4" STYLEREFS="FONT0"/>
            <SP HEIGHT="54.330708661417326" WIDTH="21.25984251968504" VPOS="1038.1889763779527" HPOS="910.6299212598425"/>
            <String HEIGHT="54.330708661417326" WIDTH="126.37795275590551" VPOS="1038.1889763779527" HPOS="846.8503937007874" CONTENT="de" ID="tl_13_5" STYLEREFS="FONT0"/>
            <SP HEIGHT="54.330708661417326" WIDTH="21.25984251968504" VPOS="1038.1889763779527" HPOS="974.4094488188977"/>
            <String HEIGHT="54.330708661417326" WIDTH="168.89763779527559" VPOS="1038.1889763779527" HPOS="910.6299212598425" CONTENT="sal." ID="tl_13_6" STYLEREFS="FONT0"/>
            <SP HEIGHT="54.330708661417326" WIDTH="21.25984251968504" VPOS="1038.1889763779527" HPOS="1079.5275590551182"/>
            <String HEIGHT="54.330708661417326" WIDTH="190.15748031496062" VPOS="1038.1889763779527" HPOS="995.6692913385826" CONTENT="public." ID="tl_13_7" STYLEREFS="FONT0"/>
          </TextLine>
        </TextBlock>
        <TextBlock ID="r_1_4" HEIGHT="166.53543307086613" WIDTH="1209.4488188976377" VPOS="1087.7952755905512" HPOS="514.9606299212599">
          <TextLine ID="tl_14" BASELINE="965" HEIGHT="50.78740157480315" WIDTH="1169.291338582677" VPOS="1088.976377952756" HPOS="552.7559055118111">
            <String HEIGHT="50.78740157480315" WIDTH="172.44094488188978" VPOS="1088.976377952756" HPOS="535.0393700787401" CONTENT="Arrêté" ID="tl_14_1" STYLEREFS="FONT0"/>
            <SP HEIGHT="50.78740157480315" WIDTH="17.716535433070867" VPOS="1088.976377952756" HPOS="707.4803149606299"/>
            <String HEIGHT="50.78740157480315" WIDTH="102.75590551181102" VPOS="1088.976377952756" HPOS="655.511811023622" CONTENT="du" ID="tl_14_2" STYLEREFS="FONT0"/>
            <SP HEIGHT="50.78740157480315" WIDTH="17.716535433070867" VPOS="1088.976377952756" HPOS="759.4488188976378"/>
            <String HEIGHT="50.78740157480315" WIDTH="172.44094488188978" VPOS="1088.976377952756" HPOS="707.4803149606299" CONTENT="Comité" ID="tl_14_3" STYLEREFS="FONT0"/>
            <SP HEIGHT="50.78740157480315" WIDTH="17.716535433070867" VPOS="1088.976377952756" HPOS="879.9212598425197"/>
            <String HEIGHT="50.78740157480315" WIDTH="102.75590551181102" VPOS="1088.976377952756" HPOS="827.9527559055118" CONTENT="de" ID="tl_14_4" STYLEREFS="FONT0"/>
            <SP HEIGHT="50.78740157480315" WIDTH="17.716535433070867" VPOS="1088.976377952756" HPOS="930.7086614173228"/>
            <String HEIGHT="50.78740157480315" WIDTH="154.7244094488189" VPOS="1088.976377952756" HPOS="879.9212598425197" CONTENT="salut" ID="tl_14_5" STYLEREFS="FONT0"/>
            <SP HEIGHT="50.78740157480315" WIDTH="17.716535433070867" VPOS="1088.976377952756" HPOS="1034.6456692913387"/>
            <String HEIGHT="50.78740157480315" WIDTH="172.44094488188978" VPOS="1088.976377952756" HPOS="982.6771653543307" CONTENT="public" ID="tl_14_6" STYLEREFS="FONT0"/>
            <SP HEIGHT="50.78740157480315" WIDTH="17.716535433070867" VPOS="1088.976377952756" HPOS="1155.1181102362204"/>
            <String HEIGHT="50.78740157480315" WIDTH="188.9763779527559" VPOS="1088.976377952756" HPOS="1103.1496062992126" CONTENT="donnant" ID="tl_14_7" STYLEREFS="FONT0"/>
            <SP HEIGHT="50.78740157480315" WIDTH="17.716535433070867" VPOS="1088.976377952756" HPOS="1292.1259842519685"/>
            <String HEIGHT="50.78740157480315" WIDTH="102.75590551181102" VPOS="1088.976377952756" HPOS="1240.1574803149606" CONTENT="au" ID="tl_14_8" STYLEREFS="FONT0"/>
            <SP HEIGHT="50.78740157480315" WIDTH="17.716535433070867" VPOS="1088.976377952756" HPOS="1344.0944881889764"/>
            <String HEIGHT="50.78740157480315" WIDTH="275.1968503937008" VPOS="1088.976377952756" HPOS="1292.1259842519685" CONTENT="représentant" ID="tl_14_9" STYLEREFS="FONT0"/>
            <SP HEIGHT="50.78740157480315" WIDTH="17.716535433070867" VPOS="1088.976377952756" HPOS="1567.3228346456692"/>
            <String HEIGHT="50.78740157480315" WIDTH="188.9763779527559" VPOS="1088.976377952756" HPOS="1515.3543307086613" CONTENT="Frécine" ID="tl_14_10" STYLEREFS="FONT0"/>
            <SP HEIGHT="50.78740157480315" WIDTH="17.716535433070867" VPOS="1088.976377952756" HPOS="1704.3307086614172"/>
            <String HEIGHT="50.78740157480315" WIDTH="86.22047244094489" VPOS="1088.976377952756" HPOS="1635.8267716535433" CONTENT="les" ID="tl_14_11" STYLEREFS="FONT0"/>
          </TextLine>
          <TextLine ID="tl_15" BASELINE="998" HEIGHT="49.60629921259842" WIDTH="1207.0866141732283" VPOS="1129.1338582677165" HPOS="516.1417322834645">
            <String HEIGHT="49.60629921259842" WIDTH="190.15748031496062" VPOS="1129.1338582677165" HPOS="500.78740157480314" CONTENT="pouvoirs" ID="tl_15_1" STYLEREFS="FONT0"/>
            <SP HEIGHT="49.60629921259842" WIDTH="15.354330708661417" VPOS="1129.1338582677165" HPOS="690.9448818897638"/>
            <String HEIGHT="49.60629921259842" WIDTH="111.02362204724409" VPOS="1129.1338582677165" HPOS="643.7007874015748" CONTENT="les" ID="tl_15_2" STYLEREFS="FONT0"/>
            <SP HEIGHT="49.60629921259842" WIDTH="15.354330708661417" VPOS="1129.1338582677165" HPOS="754.7244094488188"/>
            <String HEIGHT="49.60629921259842" WIDTH="127.55905511811024" VPOS="1129.1338582677165" HPOS="706.2992125984252" CONTENT="plus" ID="tl_15_3" STYLEREFS="FONT0"/>
            <SP HEIGHT="49.60629921259842" WIDTH="15.354330708661417" VPOS="1129.1338582677165" HPOS="833.8582677165355"/>
            <String HEIGHT="49.60629921259842" WIDTH="174.8031496062992" VPOS="1129.1338582677165" HPOS="786.6141732283464" CONTENT="étendus" ID="tl_15_4" STYLEREFS="FONT0"/>
            <SP HEIGHT="49.60629921259842" WIDTH="15.354330708661417" VPOS="1129.1338582677165" HPOS="961.4173228346457"/>
            <String HEIGHT="49.60629921259842" WIDTH="127.55905511811024" VPOS="1129.1338582677165" HPOS="912.992125984252" CONTENT="pour" ID="tl_15_5" STYLEREFS="FONT0"/>
            <SP HEIGHT="49.60629921259842" WIDTH="15.354330708661417" VPOS="1129.1338582677165" HPOS="1040.5511811023623"/>
            <String HEIGHT="49.60629921259842" WIDTH="222.04724409448818" VPOS="1129.1338582677165" HPOS="992.1259842519685" CONTENT="recueillir" ID="tl_15_6" STYLEREFS="FONT0"/>
            <SP HEIGHT="49.60629921259842" WIDTH="15.354330708661417" VPOS="1129.1338582677165" HPOS="1215.3543307086613"/>
            <String HEIGHT="49.60629921259842" WIDTH="95.66929133858268" VPOS="1129.1338582677165" HPOS="1166.9291338582677" CONTENT="en" ID="tl_15_7" STYLEREFS="FONT0"/>
            <SP HEIGHT="49.60629921259842" WIDTH="15.354330708661417" VPOS="1129.1338582677165" HPOS="1262.5984251968505"/>
            <String HEIGHT="49.60629921259842" WIDTH="190.15748031496062" VPOS="1129.1338582677165" HPOS="1215.3543307086613" CONTENT="Belgique" ID="tl_15_8" STYLEREFS="FONT0"/>
            <SP HEIGHT="49.60629921259842" WIDTH="15.354330708661417" VPOS="1129.1338582677165" HPOS="1405.5118110236222"/>
            <String HEIGHT="49.60629921259842" WIDTH="111.02362204724409" VPOS="1129.1338582677165" HPOS="1358.267716535433" CONTENT="les" ID="tl_15_9" STYLEREFS="FONT0"/>
            <SP HEIGHT="49.60629921259842" WIDTH="15.354330708661417" VPOS="1129.1338582677165" HPOS="1469.291338582677"/>
            <String HEIGHT="49.60629921259842" WIDTH="270.4724409448819" VPOS="1129.1338582677165" HPOS="1422.0472440944882" CONTENT="subsistances," ID="tl_15_10" STYLEREFS="FONT0"/>
            <SP HEIGHT="49.60629921259842" WIDTH="15.354330708661417" VPOS="1129.1338582677165" HPOS="1691.3385826771653"/>
            <String HEIGHT="49.60629921259842" WIDTH="95.66929133858268" VPOS="1129.1338582677165" HPOS="1627.5590551181103" CONTENT="che" SUBS_TYPE="HypPart1" SUBS_CONTENT="chevaux," ID="tl_15_11" STYLEREFS="FONT0"/>
            <HYP CONTENT="-"/>
          </TextLine>
          <TextLine ID="tl_16" BASELINE="1030" HEIGHT="50.78740157480315" WIDTH="1207.0866141732283" VPOS="1165.748031496063" HPOS="516.1417322834645">
            <String HEIGHT="50.78740157480315" WIDTH="145.2755905511811" VPOS="1165.748031496063" HPOS="499.6062992125984" CONTENT="vaux," SUBS_TYPE="HypPart2" SUBS_CONTENT="chevaux," ID="tl_16_1" STYLEREFS="FONT0"/>
            <SP HEIGHT="50.78740157480315" WIDTH="16.53543307086614" VPOS="1165.748031496063" HPOS="644.8818897637796"/>
            <String HEIGHT="50.78740157480315" WIDTH="177.16535433070865" VPOS="1165.748031496063" HPOS="596.4566929133858" CONTENT="métaux," ID="tl_16_2" STYLEREFS="FONT0"/>
            <SP HEIGHT="50.78740157480315" WIDTH="16.53543307086614" VPOS="1165.748031496063" HPOS="773.6220472440945"/>
            <String HEIGHT="50.78740157480315" WIDTH="193.70078740157481" VPOS="1165.748031496063" HPOS="725.1968503937007" CONTENT="matières" ID="tl_16_3" STYLEREFS="FONT0"/>
            <SP HEIGHT="50.78740157480315" WIDTH="16.53543307086614" VPOS="1165.748031496063" HPOS="918.8976377952756"/>
            <String HEIGHT="50.78740157480315" WIDTH="274.01574803149606" VPOS="1165.748031496063" HPOS="870.4724409448819" CONTENT="manufacturées" ID="tl_16_4" STYLEREFS="FONT0"/>
            <SP HEIGHT="50.78740157480315" WIDTH="16.53543307086614" VPOS="1165.748031496063" HPOS="1143.3070866141732"/>
            <String HEIGHT="50.78740157480315" WIDTH="96.85039370078741" VPOS="1165.748031496063" HPOS="1096.0629921259842" CONTENT="et" ID="tl_16_5" STYLEREFS="FONT0"/>
            <SP HEIGHT="50.78740157480315" WIDTH="16.53543307086614" VPOS="1165.748031496063" HPOS="1191.732283464567"/>
            <String HEIGHT="50.78740157480315" WIDTH="128.74015748031496" VPOS="1165.748031496063" HPOS="1143.3070866141732" CONTENT="tous" ID="tl_16_6" STYLEREFS="FONT0"/>
            <SP HEIGHT="50.78740157480315" WIDTH="16.53543307086614" VPOS="1165.748031496063" HPOS="1272.0472440944882"/>
            <String HEIGHT="50.78740157480315" WIDTH="112.20472440944881" VPOS="1165.748031496063" HPOS="1224.8031496062993" CONTENT="les" ID="tl_16_7" STYLEREFS="FONT0"/>
            <SP HEIGHT="50.78740157480315" WIDTH="16.53543307086614" VPOS="1165.748031496063" HPOS="1337.007874015748"/>
            <String HEIGHT="50.78740157480315" WIDTH="160.62992125984252" VPOS="1165.748031496063" HPOS="1288.5826771653544" CONTENT="objets" ID="tl_16_8" STYLEREFS="FONT0"/>
            <SP HEIGHT="50.78740157480315" WIDTH="16.53543307086614" VPOS="1165.748031496063" HPOS="1449.2125984251968"/>
            <String HEIGHT="50.78740157480315" WIDTH="257.4803149606299" VPOS="1165.748031496063" HPOS="1400.7874015748032" CONTENT="susceptibles" ID="tl_16_9" STYLEREFS="FONT0"/>
            <SP HEIGHT="50.78740157480315" WIDTH="16.53543307086614" VPOS="1165.748031496063" HPOS="1658.267716535433"/>
            <String HEIGHT="50.78740157480315" WIDTH="128.74015748031496" VPOS="1165.748031496063" HPOS="1594.4881889763778" CONTENT="d’être" ID="tl_16_10" STYLEREFS="FONT0"/>
          </TextLine>
          <TextLine ID="tl_17" BASELINE="1061" HEIGHT="46.06299212598425" WIDTH="852.7559055118111" VPOS="1207.0866141732283" HPOS="518.503937007874">
            <String HEIGHT="46.06299212598425" WIDTH="197.24409448818898" VPOS="1207.0866141732283" HPOS="501.9685039370079" CONTENT="importés" ID="tl_17_1" STYLEREFS="FONT0"/>
            <SP HEIGHT="46.06299212598425" WIDTH="16.53543307086614" VPOS="1207.0866141732283" HPOS="699.2125984251968"/>
            <String HEIGHT="46.06299212598425" WIDTH="98.03149606299213" VPOS="1207.0866141732283" HPOS="649.6062992125984" CONTENT="en" ID="tl_17_2" STYLEREFS="FONT0"/>
            <SP HEIGHT="46.06299212598425" WIDTH="16.53543307086614" VPOS="1207.0866141732283" HPOS="747.6377952755905"/>
            <String HEIGHT="46.06299212598425" WIDTH="164.17322834645668" VPOS="1207.0866141732283" HPOS="699.2125984251968" CONTENT="France" ID="tl_17_3" STYLEREFS="FONT0"/>
            <SP HEIGHT="46.06299212598425" WIDTH="16.53543307086614" VPOS="1207.0866141732283" HPOS="863.3858267716536"/>
            <String HEIGHT="46.06299212598425" WIDTH="131.10236220472441" VPOS="1207.0866141732283" HPOS="813.7795275590552" CONTENT="pour" ID="tl_17_4" STYLEREFS="FONT0"/>
            <SP HEIGHT="46.06299212598425" WIDTH="16.53543307086614" VPOS="1207.0866141732283" HPOS="944.8818897637796"/>
            <String HEIGHT="46.06299212598425" WIDTH="98.03149606299213" VPOS="1207.0866141732283" HPOS="895.2755905511812" CONTENT="le" ID="tl_17_5" STYLEREFS="FONT0"/>
            <SP HEIGHT="46.06299212598425" WIDTH="16.53543307086614" VPOS="1207.0866141732283" HPOS="994.488188976378"/>
            <String HEIGHT="46.06299212598425" WIDTH="180.70866141732284" VPOS="1207.0866141732283" HPOS="944.8818897637796" CONTENT="service" ID="tl_17_6" STYLEREFS="FONT0"/>
            <SP HEIGHT="46.06299212598425" WIDTH="16.53543307086614" VPOS="1207.0866141732283" HPOS="1125.5905511811025"/>
            <String HEIGHT="46.06299212598425" WIDTH="98.03149606299213" VPOS="1207.0866141732283" HPOS="1075.984251968504" CONTENT="de" ID="tl_17_7" STYLEREFS="FONT0"/>
            <SP HEIGHT="46.06299212598425" WIDTH="16.53543307086614" VPOS="1207.0866141732283" HPOS="1174.015748031496"/>
            <String HEIGHT="46.06299212598425" WIDTH="98.03149606299213" VPOS="1207.0866141732283" HPOS="1125.5905511811025" CONTENT="la" ID="tl_17_8" STYLEREFS="FONT0"/>
            <SP HEIGHT="46.06299212598425" WIDTH="16.53543307086614" VPOS="1207.0866141732283" HPOS="1223.6220472440946"/>
            <String HEIGHT="46.06299212598425" WIDTH="213.7795275590551" VPOS="1207.0866141732283" HPOS="1158.6614173228347" CONTENT="République." ID="tl_17_9" STYLEREFS="FONT0"/>
          </TextLine>
        </TextBlock>
        <TextBlock ID="r_1_5" HEIGHT="61.41732283464567" WIDTH="982.6771653543307" VPOS="1256.6929133858268" HPOS="439.37007874015745">
          <TextLine ID="tl_18" BASELINE="1115" HEIGHT="59.05511811023622" WIDTH="980.3149606299213" VPOS="1257.8740157480315" HPOS="440.5511811023622">
            <String HEIGHT="59.05511811023622" WIDTH="137.00787401574803" VPOS="1257.8740157480315" HPOS="420.4724409448819" CONTENT="16." ID="tl_18_1" STYLEREFS="FONT0"/>
            <SP HEIGHT="59.05511811023622" WIDTH="20.078740157480315" VPOS="1257.8740157480315" HPOS="558.6614173228346"/>
            <String HEIGHT="59.05511811023622" WIDTH="314.1732283464567" VPOS="1257.8740157480315" HPOS="499.6062992125984" CONTENT="BIXIO" ID="tl_18_2" STYLEREFS="FONT1"/>
            <SP HEIGHT="59.05511811023622" WIDTH="20.078740157480315" VPOS="1257.8740157480315" HPOS="812.5984251968504"/>
            <String HEIGHT="59.05511811023622" WIDTH="175.98425196850394" VPOS="1257.8740157480315" HPOS="754.7244094488188" CONTENT="(A.)," ID="tl_18_3" STYLEREFS="FONT0"/>
            <SP HEIGHT="59.05511811023622" WIDTH="20.078740157480315" VPOS="1257.8740157480315" HPOS="930.7086614173228"/>
            <String HEIGHT="59.05511811023622" WIDTH="255.11811023622047" VPOS="1257.8740157480315" HPOS="871.6535433070866" CONTENT="agronome," ID="tl_18_4" STYLEREFS="FONT0"/>
            <SP HEIGHT="59.05511811023622" WIDTH="20.078740157480315" VPOS="1257.8740157480315" HPOS="1126.7716535433071"/>
            <String HEIGHT="59.05511811023622" WIDTH="235.03937007874015" VPOS="1257.8740157480315" HPOS="1067.716535433071" CONTENT="ministre" ID="tl_18_5" STYLEREFS="FONT0"/>
            <SP HEIGHT="59.05511811023622" WIDTH="20.078740157480315" VPOS="1257.8740157480315" HPOS="1302.755905511811"/>
            <String HEIGHT="59.05511811023622" WIDTH="118.11023622047244" VPOS="1257.8740157480315" HPOS="1244.8818897637796" CONTENT="en" ID="tl_18_6" STYLEREFS="FONT0"/>
            <SP HEIGHT="59.05511811023622" WIDTH="20.078740157480315" VPOS="1257.8740157480315" HPOS="1361.8110236220473"/>
            <String HEIGHT="59.05511811023622" WIDTH="137.00787401574803" VPOS="1257.8740157480315" HPOS="1283.8582677165355" CONTENT="1848." ID="tl_18_7" STYLEREFS="FONT0"/>
          </TextLine>
        </TextBlock>
        <TextBlock ID="r_1_6" HEIGHT="51.968503937007874" WIDTH="478.34645669291336" VPOS="1320.4724409448818" HPOS="532.6771653543307">
          <TextLine ID="tl_19" BASELINE="1161" HEIGHT="49.60629921259842" WIDTH="475.98425196850394" VPOS="1321.6535433070867" HPOS="533.8582677165355">
            <String HEIGHT="49.60629921259842" WIDTH="109.84251968503936" VPOS="1321.6535433070867" HPOS="516.1417322834645" CONTENT="L." ID="tl_19_1" STYLEREFS="FONT0"/>
            <SP HEIGHT="49.60629921259842" WIDTH="18.89763779527559" VPOS="1321.6535433070867" HPOS="625.9842519685039"/>
            <String HEIGHT="49.60629921259842" WIDTH="109.84251968503936" VPOS="1321.6535433070867" HPOS="570.4724409448819" CONTENT="a." ID="tl_19_2" STYLEREFS="FONT0"/>
            <SP HEIGHT="49.60629921259842" WIDTH="18.89763779527559" VPOS="1321.6535433070867" HPOS="680.3149606299213"/>
            <String HEIGHT="49.60629921259842" WIDTH="128.74015748031496" VPOS="1321.6535433070867" HPOS="625.9842519685039" CONTENT="s.," ID="tl_19_3" STYLEREFS="FONT0"/>
            <SP HEIGHT="49.60629921259842" WIDTH="18.89763779527559" VPOS="1321.6535433070867" HPOS="753.5433070866142"/>
            <String HEIGHT="49.60629921259842" WIDTH="165.35433070866142" VPOS="1321.6535433070867" HPOS="699.2125984251968" CONTENT="1857," ID="tl_19_4" STYLEREFS="FONT0"/>
            <SP HEIGHT="49.60629921259842" WIDTH="18.89763779527559" VPOS="1321.6535433070867" HPOS="863.3858267716536"/>
            <String HEIGHT="49.60629921259842" WIDTH="92.1259842519685" VPOS="1321.6535433070867" HPOS="809.0551181102362" CONTENT="1" ID="tl_19_5" STYLEREFS="FONT0"/>
            <SP HEIGHT="49.60629921259842" WIDTH="18.89763779527559" VPOS="1321.6535433070867" HPOS="900.0"/>
            <String HEIGHT="49.60629921259842" WIDTH="109.84251968503936" VPOS="1321.6535433070867" HPOS="845.6692913385826" CONTENT="p." ID="tl_19_6" STYLEREFS="FONT0"/>
            <SP HEIGHT="49.60629921259842" WIDTH="18.89763779527559" VPOS="1321.6535433070867" HPOS="955.511811023622"/>
            <String HEIGHT="49.60629921259842" WIDTH="128.74015748031496" VPOS="1321.6535433070867" HPOS="882.2834645669292" CONTENT="in" ID="tl_19_7" STYLEREFS="FONT0"/>
          </TextLine>
        </TextBlock>
        <TextBlock ID="r_1_7" HEIGHT="115.74803149606299" WIDTH="1281.4960629921259" VPOS="1370.0787401574803" HPOS="439.37007874015745">
          <TextLine ID="tl_20" BASELINE="1213" HEIGHT="61.41732283464567" WIDTH="1279.1338582677165" VPOS="1371.259842519685" HPOS="440.5511811023622">
            <String HEIGHT="61.41732283464567" WIDTH="172.44094488188978" VPOS="1371.259842519685" HPOS="415.748031496063" CONTENT="17." ID="tl_20_1" STYLEREFS="FONT0"/>
            <SP HEIGHT="61.41732283464567" WIDTH="24.80314960629921" VPOS="1371.259842519685" HPOS="588.1889763779527"/>
            <String HEIGHT="61.41732283464567" WIDTH="688.5826771653543" VPOS="1371.259842519685" HPOS="513.7795275590552" CONTENT="BOILEAU-DESPRÉAUX" ID="tl_20_2" STYLEREFS="FONT1"/>
            <SP HEIGHT="61.41732283464567" WIDTH="24.80314960629921" VPOS="1371.259842519685" HPOS="1203.5433070866143"/>
            <String HEIGHT="61.41732283464567" WIDTH="344.88188976377955" VPOS="1371.259842519685" HPOS="1129.1338582677165" CONTENT="(Nicolas)," ID="tl_20_3" STYLEREFS="FONT0"/>
            <SP HEIGHT="61.41732283464567" WIDTH="24.80314960629921" VPOS="1371.259842519685" HPOS="1474.015748031496"/>
            <String HEIGHT="61.41732283464567" WIDTH="147.63779527559055" VPOS="1371.259842519685" HPOS="1399.6062992125985" CONTENT="le" ID="tl_20_4" STYLEREFS="FONT0"/>
            <SP HEIGHT="61.41732283464567" WIDTH="24.80314960629921" VPOS="1371.259842519685" HPOS="1547.244094488189"/>
            <String HEIGHT="61.41732283464567" WIDTH="220.86614173228347" VPOS="1371.259842519685" HPOS="1474.015748031496" CONTENT="grand" ID="tl_20_5" STYLEREFS="FONT0"/>
            <SP HEIGHT="61.41732283464567" WIDTH="24.80314960629921" VPOS="1371.259842519685" HPOS="1694.8818897637796"/>
            <String HEIGHT="61.41732283464567" WIDTH="122.83464566929133" VPOS="1371.259842519685" HPOS="1596.8503937007874" CONTENT="sa" ID="tl_20_6" STYLEREFS="FONT0"/>
          </TextLine>
          <TextLine ID="tl_21" BASELINE="1257" HEIGHT="50.78740157480315" WIDTH="140.5511811023622" VPOS="1433.8582677165355" HPOS="493.7007874015748">
            <String HEIGHT="50.78740157480315" WIDTH="175.98425196850394" VPOS="1433.8582677165355" HPOS="458.26771653543307" CONTENT="tirique." ID="tl_21_1" STYLEREFS="FONT0"/>
          </TextLine>
        </TextBlock>
        <TextBlock ID="r_1_8" HEIGHT="103.93700787401575" WIDTH="1238.976377952756" VPOS="1472.8346456692914" HPOS="485.43307086614175">
          <TextLine ID="tl_22" BASELINE="1296" HEIGHT="56.69291338582677" WIDTH="1192.9133858267717" VPOS="1474.015748031496" HPOS="530.3149606299213">
            <String HEIGHT="56.69291338582677" WIDTH="108.66141732283465" VPOS="1474.015748031496" HPOS="512.5984251968504" CONTENT="L." ID="tl_22_1" STYLEREFS="FONT0"/>
            <SP HEIGHT="56.69291338582677" WIDTH="17.716535433070867" VPOS="1474.015748031496" HPOS="621.2598425196851"/>
            <String HEIGHT="56.69291338582677" WIDTH="108.66141732283465" VPOS="1474.015748031496" HPOS="566.9291338582677" CONTENT="a." ID="tl_22_2" STYLEREFS="FONT0"/>
            <SP HEIGHT="56.69291338582677" WIDTH="17.716535433070867" VPOS="1474.015748031496" HPOS="674.4094488188977"/>
            <String HEIGHT="56.69291338582677" WIDTH="108.66141732283465" VPOS="1474.015748031496" HPOS="621.2598425196851" CONTENT="s." ID="tl_22_3" STYLEREFS="FONT0"/>
            <SP HEIGHT="56.69291338582677" WIDTH="17.716535433070867" VPOS="1474.015748031496" HPOS="728.7401574803149"/>
            <String HEIGHT="56.69291338582677" WIDTH="90.94488188976378" VPOS="1474.015748031496" HPOS="674.4094488188977" CONTENT="à" ID="tl_22_4" STYLEREFS="FONT0"/>
            <SP HEIGHT="56.69291338582677" WIDTH="17.716535433070867" VPOS="1474.015748031496" HPOS="765.3543307086615"/>
            <String HEIGHT="56.69291338582677" WIDTH="252.75590551181102" VPOS="1474.015748031496" HPOS="711.0236220472441" CONTENT="Brossette;" ID="tl_22_5" STYLEREFS="FONT0"/>
            <SP HEIGHT="56.69291338582677" WIDTH="17.716535433070867" VPOS="1474.015748031496" HPOS="963.7795275590552"/>
            <String HEIGHT="56.69291338582677" WIDTH="180.70866141732284" VPOS="1474.015748031496" HPOS="909.4488188976378" CONTENT="Paris," ID="tl_22_6" STYLEREFS="FONT0"/>
            <SP HEIGHT="56.69291338582677" WIDTH="17.716535433070867" VPOS="1474.015748031496" HPOS="1090.1574803149606"/>
            <String HEIGHT="56.69291338582677" WIDTH="108.66141732283465" VPOS="1474.015748031496" HPOS="1035.8267716535433" CONTENT="25" ID="tl_22_7" STYLEREFS="FONT0"/>
            <SP HEIGHT="56.69291338582677" WIDTH="17.716535433070867" VPOS="1474.015748031496" HPOS="1144.4881889763778"/>
            <String HEIGHT="56.69291338582677" WIDTH="144.09448818897638" VPOS="1474.015748031496" HPOS="1090.1574803149606" CONTENT="mars" ID="tl_22_8" STYLEREFS="FONT0"/>
            <SP HEIGHT="56.69291338582677" WIDTH="17.716535433070867" VPOS="1474.015748031496" HPOS="1235.4330708661416"/>
            <String HEIGHT="56.69291338582677" WIDTH="162.99212598425197" VPOS="1474.015748031496" HPOS="1181.1023622047244" CONTENT="1699," ID="tl_22_9" STYLEREFS="FONT0"/>
            <SP HEIGHT="56.69291338582677" WIDTH="17.716535433070867" VPOS="1474.015748031496" HPOS="1344.0944881889764"/>
            <String HEIGHT="56.69291338582677" WIDTH="90.94488188976378" VPOS="1474.015748031496" HPOS="1289.763779527559" CONTENT="3" ID="tl_22_10" STYLEREFS="FONT0"/>
            <SP HEIGHT="56.69291338582677" WIDTH="17.716535433070867" VPOS="1474.015748031496" HPOS="1379.5275590551182"/>
            <String HEIGHT="56.69291338582677" WIDTH="108.66141732283465" VPOS="1474.015748031496" HPOS="1325.1968503937007" CONTENT="p." ID="tl_22_11" STYLEREFS="FONT0"/>
            <SP HEIGHT="56.69291338582677" WIDTH="17.716535433070867" VPOS="1474.015748031496" HPOS="1433.8582677165355"/>
            <String HEIGHT="56.69291338582677" WIDTH="162.99212598425197" VPOS="1474.015748031496" HPOS="1379.5275590551182" CONTENT="in-8." ID="tl_22_12" STYLEREFS="FONT0"/>
            <SP HEIGHT="56.69291338582677" WIDTH="17.716535433070867" VPOS="1474.015748031496" HPOS="1542.5196850393702"/>
            <String HEIGHT="56.69291338582677" WIDTH="252.75590551181102" VPOS="1474.015748031496" HPOS="1470.4724409448818" CONTENT="Belle" ID="tl_22_13" STYLEREFS="FONT2"/>
          </TextLine>
          <TextLine ID="tl_23" BASELINE="1334" HEIGHT="42.51968503937008" WIDTH="100.39370078740157" VPOS="1533.0708661417323" HPOS="486.61417322834643">
            <String HEIGHT="42.51968503937008" WIDTH="115.74803149606299" VPOS="1533.0708661417323" HPOS="471.25984251968504" CONTENT="pièce." ID="tl_23_1" STYLEREFS="FONT2"/>
          </TextLine>
        </TextBlock>
        <TextBlock ID="r_1_9" HEIGHT="321.25984251968504" WIDTH="1209.4488188976377" VPOS="1567.3228346456692" HPOS="516.1417322834645">
          <TextLine ID="tl_24" BASELINE="1371" HEIGHT="50.78740157480315" WIDTH="1168.1102362204724" VPOS="1568.5039370078741" HPOS="556.2992125984252">
            <String HEIGHT="50.78740157480315" WIDTH="90.94488188976378" VPOS="1568.5039370078741" HPOS="540.9448818897638" CONTENT="Il" ID="tl_24_1" STYLEREFS="FONT0"/>
            <SP HEIGHT="50.78740157480315" WIDTH="15.354330708661417" VPOS="1568.5039370078741" HPOS="631.8897637795276"/>
            <String HEIGHT="50.78740157480315" WIDTH="75.59055118110236" VPOS="1568.5039370078741" HPOS="587.007874015748" CONTENT="a" ID="tl_24_2" STYLEREFS="FONT0"/>
            <SP HEIGHT="50.78740157480315" WIDTH="15.354330708661417" VPOS="1568.5039370078741" HPOS="662.5984251968504"/>
            <String HEIGHT="50.78740157480315" WIDTH="137.00787401574803" VPOS="1568.5039370078741" HPOS="616.5354330708661" CONTENT="tardé" ID="tl_24_3" STYLEREFS="FONT0"/>
            <SP HEIGHT="50.78740157480315" WIDTH="15.354330708661417" VPOS="1568.5039370078741" HPOS="753.5433070866142"/>
            <String HEIGHT="50.78740157480315" WIDTH="90.94488188976378" VPOS="1568.5039370078741" HPOS="707.4803149606299" CONTENT="de" ID="tl_24_4" STYLEREFS="FONT0"/>
            <SP HEIGHT="50.78740157480315" WIDTH="15.354330708661417" VPOS="1568.5039370078741" HPOS="799.6062992125984"/>
            <String HEIGHT="50.78740157480315" WIDTH="106.2992125984252" VPOS="1568.5039370078741" HPOS="753.5433070866142" CONTENT="lui" ID="tl_24_5" STYLEREFS="FONT0"/>
            <SP HEIGHT="50.78740157480315" WIDTH="15.354330708661417" VPOS="1568.5039370078741" HPOS="859.8425196850394"/>
            <String HEIGHT="50.78740157480315" WIDTH="181.88976377952756" VPOS="1568.5039370078741" HPOS="813.7795275590552" CONTENT="répondre" ID="tl_24_6" STYLEREFS="FONT0"/>
            <SP HEIGHT="50.78740157480315" WIDTH="15.354330708661417" VPOS="1568.5039370078741" HPOS="995.6692913385826"/>
            <String HEIGHT="50.78740157480315" WIDTH="106.2992125984252" VPOS="1568.5039370078741" HPOS="950.7874015748032" CONTENT="àil" ID="tl_24_7" STYLEREFS="FONT0"/>
            <SP HEIGHT="50.78740157480315" WIDTH="15.354330708661417" VPOS="1568.5039370078741" HPOS="1057.0866141732283"/>
            <String HEIGHT="50.78740157480315" WIDTH="137.00787401574803" VPOS="1568.5039370078741" HPOS="1011.0236220472441" CONTENT="cause" ID="tl_24_8" STYLEREFS="FONT0"/>
            <SP HEIGHT="50.78740157480315" WIDTH="15.354330708661417" VPOS="1568.5039370078741" HPOS="1148.0314960629921"/>
            <String HEIGHT="50.78740157480315" WIDTH="90.94488188976378" VPOS="1568.5039370078741" HPOS="1101.9685039370079" CONTENT="de" ID="tl_24_9" STYLEREFS="FONT0"/>
            <SP HEIGHT="50.78740157480315" WIDTH="15.354330708661417" VPOS="1568.5039370078741" HPOS="1192.9133858267717"/>
            <String HEIGHT="50.78740157480315" WIDTH="90.94488188976378" VPOS="1568.5039370078741" HPOS="1148.0314960629921" CONTENT="la" ID="tl_24_10" STYLEREFS="FONT0"/>
            <SP HEIGHT="50.78740157480315" WIDTH="15.354330708661417" VPOS="1568.5039370078741" HPOS="1238.976377952756"/>
            <String HEIGHT="50.78740157480315" WIDTH="166.53543307086613" VPOS="1568.5039370078741" HPOS="1192.9133858267717" CONTENT="maladie" ID="tl_24_11" STYLEREFS="FONT0"/>
            <SP HEIGHT="50.78740157480315" WIDTH="15.354330708661417" VPOS="1568.5039370078741" HPOS="1360.6299212598426"/>
            <String HEIGHT="50.78740157480315" WIDTH="90.94488188976378" VPOS="1568.5039370078741" HPOS="1314.5669291338584" CONTENT="de" ID="tl_24_12" STYLEREFS="FONT0"/>
            <SP HEIGHT="50.78740157480315" WIDTH="15.354330708661417" VPOS="1568.5039370078741" HPOS="1405.5118110236222"/>
            <String HEIGHT="50.78740157480315" WIDTH="166.53543307086613" VPOS="1568.5039370078741" HPOS="1360.6299212598426" CONTENT="Racine," ID="tl_24_13" STYLEREFS="FONT0"/>
            <SP HEIGHT="50.78740157480315" WIDTH="15.354330708661417" VPOS="1568.5039370078741" HPOS="1527.1653543307086"/>
            <String HEIGHT="50.78740157480315" WIDTH="106.2992125984252" VPOS="1568.5039370078741" HPOS="1481.1023622047244" CONTENT="qui" ID="tl_24_14" STYLEREFS="FONT0"/>
            <SP HEIGHT="50.78740157480315" WIDTH="15.354330708661417" VPOS="1568.5039370078741" HPOS="1587.4015748031495"/>
            <String HEIGHT="50.78740157480315" WIDTH="106.2992125984252" VPOS="1568.5039370078741" HPOS="1542.5196850393702" CONTENT="est" ID="tl_24_15" STYLEREFS="FONT0"/>
            <SP HEIGHT="50.78740157480315" WIDTH="15.354330708661417" VPOS="1568.5039370078741" HPOS="1648.8188976377953"/>
            <String HEIGHT="50.78740157480315" WIDTH="90.94488188976378" VPOS="1568.5039370078741" HPOS="1602.755905511811" CONTENT="en" ID="tl_24_16" STYLEREFS="FONT0"/>
            <SP HEIGHT="50.78740157480315" WIDTH="15.354330708661417" VPOS="1568.5039370078741" HPOS="1693.7007874015749"/>
            <String HEIGHT="50.78740157480315" WIDTH="90.94488188976378" VPOS="1568.5039370078741" HPOS="1633.4645669291338" CONTENT="fort" ID="tl_24_17" STYLEREFS="FONT0"/>
          </TextLine>
          <TextLine ID="tl_25" BASELINE="1404" HEIGHT="51.968503937007874" WIDTH="1205.9055118110236" VPOS="1606.2992125984251" HPOS="517.3228346456693">
            <String HEIGHT="51.968503937007874" WIDTH="146.45669291338584" VPOS="1606.2992125984251" HPOS="500.78740157480314" CONTENT="grand" ID="tl_25_1" STYLEREFS="FONT0"/>
            <SP HEIGHT="51.968503937007874" WIDTH="16.53543307086614" VPOS="1606.2992125984251" HPOS="647.2440944881889"/>
            <String HEIGHT="51.968503937007874" WIDTH="179.5275590551181" VPOS="1606.2992125984251" HPOS="598.8188976377953" CONTENT="danger." ID="tl_25_2" STYLEREFS="FONT0"/>
            <SP HEIGHT="51.968503937007874" WIDTH="16.53543307086614" VPOS="1606.2992125984251" HPOS="778.3464566929134"/>
            <String HEIGHT="51.968503937007874" WIDTH="179.5275590551181" VPOS="1606.2992125984251" HPOS="728.7401574803149" CONTENT="(Racine" ID="tl_25_3" STYLEREFS="FONT0"/>
            <SP HEIGHT="51.968503937007874" WIDTH="16.53543307086614" VPOS="1606.2992125984251" HPOS="908.2677165354331"/>
            <String HEIGHT="51.968503937007874" WIDTH="162.99212598425197" VPOS="1606.2992125984251" HPOS="859.8425196850394" CONTENT="mourut" ID="tl_25_4" STYLEREFS="FONT0"/>
            <SP HEIGHT="51.968503937007874" WIDTH="16.53543307086614" VPOS="1606.2992125984251" HPOS="1022.8346456692914"/>
            <String HEIGHT="51.968503937007874" WIDTH="98.03149606299213" VPOS="1606.2992125984251" HPOS="973.2283464566929" CONTENT="un" ID="tl_25_5" STYLEREFS="FONT0"/>
            <SP HEIGHT="51.968503937007874" WIDTH="16.53543307086614" VPOS="1606.2992125984251" HPOS="1071.259842519685"/>
            <String HEIGHT="51.968503937007874" WIDTH="129.92125984251967" VPOS="1606.2992125984251" HPOS="1022.8346456692914" CONTENT="mois" ID="tl_25_6" STYLEREFS="FONT0"/>
            <SP HEIGHT="51.968503937007874" WIDTH="16.53543307086614" VPOS="1606.2992125984251" HPOS="1152.755905511811"/>
            <String HEIGHT="51.968503937007874" WIDTH="179.5275590551181" VPOS="1606.2992125984251" HPOS="1104.3307086614172" CONTENT="après.)" ID="tl_25_7" STYLEREFS="FONT0"/>
            <SP HEIGHT="51.968503937007874" WIDTH="16.53543307086614" VPOS="1606.2992125984251" HPOS="1282.6771653543308"/>
            <String HEIGHT="51.968503937007874" WIDTH="81.49606299212599" VPOS="1606.2992125984251" HPOS="1234.251968503937" CONTENT="—" ID="tl_25_8" STYLEREFS="FONT0"/>
            <SP HEIGHT="51.968503937007874" WIDTH="16.53543307086614" VPOS="1606.2992125984251" HPOS="1315.748031496063"/>
            <String HEIGHT="51.968503937007874" WIDTH="179.5275590551181" VPOS="1606.2992125984251" HPOS="1267.3228346456692" CONTENT="Détails" ID="tl_25_9" STYLEREFS="FONT0"/>
            <SP HEIGHT="51.968503937007874" WIDTH="16.53543307086614" VPOS="1606.2992125984251" HPOS="1445.6692913385828"/>
            <String HEIGHT="51.968503937007874" WIDTH="114.56692913385827" VPOS="1606.2992125984251" HPOS="1397.244094488189" CONTENT="sur" ID="tl_25_10" STYLEREFS="FONT0"/>
            <SP HEIGHT="51.968503937007874" WIDTH="16.53543307086614" VPOS="1606.2992125984251" HPOS="1511.8110236220473"/>
            <String HEIGHT="51.968503937007874" WIDTH="98.03149606299213" VPOS="1606.2992125984251" HPOS="1462.2047244094488" CONTENT="un" ID="tl_25_11" STYLEREFS="FONT0"/>
            <SP HEIGHT="51.968503937007874" WIDTH="16.53543307086614" VPOS="1606.2992125984251" HPOS="1560.236220472441"/>
            <String HEIGHT="51.968503937007874" WIDTH="146.45669291338584" VPOS="1606.2992125984251" HPOS="1511.8110236220473" CONTENT="livre" ID="tl_25_12" STYLEREFS="FONT0"/>
            <SP HEIGHT="51.968503937007874" WIDTH="16.53543307086614" VPOS="1606.2992125984251" HPOS="1658.267716535433"/>
            <String HEIGHT="51.968503937007874" WIDTH="129.92125984251967" VPOS="1606.2992125984251" HPOS="1593.3070866141732" CONTENT="contre" ID="tl_25_13" STYLEREFS="FONT0"/>
          </TextLine>
          <TextLine ID="tl_26" BASELINE="1436" HEIGHT="49.60629921259842" WIDTH="1205.9055118110236" VPOS="1646.4566929133857" HPOS="517.3228346456693">
            <String HEIGHT="49.60629921259842" WIDTH="184.251968503937" VPOS="1646.4566929133857" HPOS="500.78740157480314" CONTENT="Boileau" ID="tl_26_1" STYLEREFS="FONT0"/>
            <SP HEIGHT="49.60629921259842" WIDTH="16.53543307086614" VPOS="1646.4566929133857" HPOS="685.0393700787401"/>
            <String HEIGHT="49.60629921259842" WIDTH="116.92913385826772" VPOS="1646.4566929133857" HPOS="634.2519685039371" CONTENT="que" ID="tl_26_2" STYLEREFS="FONT0"/>
            <SP HEIGHT="49.60629921259842" WIDTH="16.53543307086614" VPOS="1646.4566929133857" HPOS="752.3622047244095"/>
            <String HEIGHT="49.60629921259842" WIDTH="151.1811023622047" VPOS="1646.4566929133857" HPOS="701.5748031496063" CONTENT="vient" ID="tl_26_3" STYLEREFS="FONT0"/>
            <SP HEIGHT="49.60629921259842" WIDTH="16.53543307086614" VPOS="1646.4566929133857" HPOS="852.7559055118111"/>
            <String HEIGHT="49.60629921259842" WIDTH="100.39370078740157" VPOS="1646.4566929133857" HPOS="801.9685039370079" CONTENT="de" ID="tl_26_4" STYLEREFS="FONT0"/>
            <SP HEIGHT="49.60629921259842" WIDTH="16.53543307086614" VPOS="1646.4566929133857" HPOS="902.3622047244095"/>
            <String HEIGHT="49.60629921259842" WIDTH="184.251968503937" VPOS="1646.4566929133857" HPOS="852.7559055118111" CONTENT="publier" ID="tl_26_5" STYLEREFS="FONT0"/>
            <SP HEIGHT="49.60629921259842" WIDTH="16.53543307086614" VPOS="1646.4566929133857" HPOS="1037.007874015748"/>
            <String HEIGHT="49.60629921259842" WIDTH="235.03937007874015" VPOS="1646.4566929133857" HPOS="986.2204724409448" CONTENT="Bonnecorse" ID="tl_26_6" STYLEREFS="FONT0"/>
            <SP HEIGHT="49.60629921259842" WIDTH="16.53543307086614" VPOS="1646.4566929133857" HPOS="1221.259842519685"/>
            <String HEIGHT="49.60629921259842" WIDTH="116.92913385826772" VPOS="1646.4566929133857" HPOS="1170.4724409448818" CONTENT="(un" ID="tl_26_7" STYLEREFS="FONT0"/>
            <SP HEIGHT="49.60629921259842" WIDTH="16.53543307086614" VPOS="1646.4566929133857" HPOS="1287.4015748031495"/>
            <String HEIGHT="49.60629921259842" WIDTH="151.1811023622047" VPOS="1646.4566929133857" HPOS="1237.7952755905512" CONTENT="poète" ID="tl_26_8" STYLEREFS="FONT0"/>
            <SP HEIGHT="49.60629921259842" WIDTH="16.53543307086614" VPOS="1646.4566929133857" HPOS="1387.7952755905512"/>
            <String HEIGHT="49.60629921259842" WIDTH="184.251968503937" VPOS="1646.4566929133857" HPOS="1338.1889763779527" CONTENT="victime" ID="tl_26_9" STYLEREFS="FONT0"/>
            <SP HEIGHT="49.60629921259842" WIDTH="16.53543307086614" VPOS="1646.4566929133857" HPOS="1522.4409448818897"/>
            <String HEIGHT="49.60629921259842" WIDTH="100.39370078740157" VPOS="1646.4566929133857" HPOS="1471.6535433070867" CONTENT="de" ID="tl_26_10" STYLEREFS="FONT0"/>
            <SP HEIGHT="49.60629921259842" WIDTH="16.53543307086614" VPOS="1646.4566929133857" HPOS="1572.0472440944882"/>
            <String HEIGHT="49.60629921259842" WIDTH="100.39370078740157" VPOS="1646.4566929133857" HPOS="1522.4409448818897" CONTENT="la" ID="tl_26_11" STYLEREFS="FONT0"/>
            <SP HEIGHT="49.60629921259842" WIDTH="16.53543307086614" VPOS="1646.4566929133857" HPOS="1622.8346456692914"/>
            <String HEIGHT="49.60629921259842" WIDTH="151.1811023622047" VPOS="1646.4566929133857" HPOS="1572.0472440944882" CONTENT="verve" ID="tl_26_12" STYLEREFS="FONT0"/>
            <SP HEIGHT="49.60629921259842" WIDTH="16.53543307086614" VPOS="1646.4566929133857" HPOS="1723.2283464566929"/>
            <String HEIGHT="49.60629921259842" WIDTH="67.32283464566929" VPOS="1646.4566929133857" HPOS="1655.9055118110236" CONTENT="du" ID="tl_26_13" STYLEREFS="FONT0"/>
          </TextLine>
          <TextLine ID="tl_27" BASELINE="1468" HEIGHT="49.60629921259842" WIDTH="1203.5433070866143" VPOS="1684.251968503937" HPOS="517.3228346456693">
            <String HEIGHT="49.60629921259842" WIDTH="240.9448818897638" VPOS="1684.251968503937" HPOS="500.78740157480314" CONTENT="satirique)." ID="tl_27_1" STYLEREFS="FONT0"/>
            <SP HEIGHT="49.60629921259842" WIDTH="16.53543307086614" VPOS="1684.251968503937" HPOS="741.7322834645669"/>
            <String HEIGHT="49.60629921259842" WIDTH="96.85039370078741" VPOS="1684.251968503937" HPOS="693.3070866141733" CONTENT="Il" ID="tl_27_2" STYLEREFS="FONT0"/>
            <SP HEIGHT="49.60629921259842" WIDTH="16.53543307086614" VPOS="1684.251968503937" HPOS="790.1574803149606"/>
            <String HEIGHT="49.60629921259842" WIDTH="96.85039370078741" VPOS="1684.251968503937" HPOS="741.7322834645669" CONTENT="le" ID="tl_27_3" STYLEREFS="FONT0"/>
            <SP HEIGHT="49.60629921259842" WIDTH="16.53543307086614" VPOS="1684.251968503937" HPOS="838.5826771653543"/>
            <String HEIGHT="49.60629921259842" WIDTH="160.62992125984252" VPOS="1684.251968503937" HPOS="790.1574803149606" CONTENT="trouve" ID="tl_27_4" STYLEREFS="FONT0"/>
            <SP HEIGHT="49.60629921259842" WIDTH="16.53543307086614" VPOS="1684.251968503937" HPOS="950.7874015748032"/>
            <String HEIGHT="49.60629921259842" WIDTH="128.74015748031496" VPOS="1684.251968503937" HPOS="902.3622047244095" CONTENT="bien" ID="tl_27_5" STYLEREFS="FONT0"/>
            <SP HEIGHT="49.60629921259842" WIDTH="16.53543307086614" VPOS="1684.251968503937" HPOS="1031.1023622047244"/>
            <String HEIGHT="49.60629921259842" WIDTH="144.09448818897638" VPOS="1684.251968503937" HPOS="982.6771653543307" CONTENT="hardi" ID="tl_27_6" STYLEREFS="FONT0"/>
            <SP HEIGHT="49.60629921259842" WIDTH="16.53543307086614" VPOS="1684.251968503937" HPOS="1126.7716535433071"/>
            <String HEIGHT="49.60629921259842" WIDTH="209.0551181102362" VPOS="1684.251968503937" HPOS="1079.5275590551182" CONTENT="d’envoyer" ID="tl_27_7" STYLEREFS="FONT0"/>
            <SP HEIGHT="49.60629921259842" WIDTH="16.53543307086614" VPOS="1684.251968503937" HPOS="1287.4015748031495"/>
            <String HEIGHT="49.60629921259842" WIDTH="96.85039370078741" VPOS="1684.251968503937" HPOS="1238.976377952756" CONTENT="un" ID="tl_27_8" STYLEREFS="FONT0"/>
            <SP HEIGHT="49.60629921259842" WIDTH="16.53543307086614" VPOS="1684.251968503937" HPOS="1335.8267716535433"/>
            <String HEIGHT="49.60629921259842" WIDTH="96.85039370078741" VPOS="1684.251968503937" HPOS="1287.4015748031495" CONTENT="si" ID="tl_27_9" STYLEREFS="FONT0"/>
            <SP HEIGHT="49.60629921259842" WIDTH="16.53543307086614" VPOS="1684.251968503937" HPOS="1384.251968503937"/>
            <String HEIGHT="49.60629921259842" WIDTH="175.98425196850394" VPOS="1684.251968503937" HPOS="1335.8267716535433" CONTENT="mauvais" ID="tl_27_10" STYLEREFS="FONT0"/>
            <SP HEIGHT="49.60629921259842" WIDTH="16.53543307086614" VPOS="1684.251968503937" HPOS="1511.8110236220473"/>
            <String HEIGHT="49.60629921259842" WIDTH="175.98425196850394" VPOS="1684.251968503937" HPOS="1464.5669291338584" CONTENT="ouvrage" ID="tl_27_11" STYLEREFS="FONT0"/>
            <SP HEIGHT="49.60629921259842" WIDTH="16.53543307086614" VPOS="1684.251968503937" HPOS="1640.5511811023623"/>
            <String HEIGHT="49.60629921259842" WIDTH="80.31496062992126" VPOS="1684.251968503937" HPOS="1592.1259842519685" CONTENT="à" ID="tl_27_12" STYLEREFS="FONT0"/>
            <SP HEIGHT="49.60629921259842" WIDTH="16.53543307086614" VPOS="1684.251968503937" HPOS="1672.4409448818897"/>
            <String HEIGHT="49.60629921259842" WIDTH="112.20472440944881" VPOS="1684.251968503937" HPOS="1608.6614173228347" CONTENT="Lyon," ID="tl_27_13" STYLEREFS="FONT0"/>
          </TextLine>
          <TextLine ID="tl_28" BASELINE="1500" HEIGHT="51.968503937007874" WIDTH="1204.724409448819" VPOS="1719.6850393700788" HPOS="517.3228346456693">
            <String HEIGHT="51.968503937007874" WIDTH="95.66929133858268" VPOS="1719.6850393700788" HPOS="501.9685039370079" CONTENT="où" ID="tl_28_1" STYLEREFS="FONT0"/>
            <SP HEIGHT="51.968503937007874" WIDTH="15.354330708661417" VPOS="1719.6850393700788" HPOS="596.4566929133858"/>
            <String HEIGHT="51.968503937007874" WIDTH="126.37795275590551" VPOS="1719.6850393700788" HPOS="549.2125984251968" CONTENT="l’on" ID="tl_28_2" STYLEREFS="FONT0"/>
            <SP HEIGHT="51.968503937007874" WIDTH="15.354330708661417" VPOS="1719.6850393700788" HPOS="675.5905511811023"/>
            <String HEIGHT="51.968503937007874" WIDTH="205.51181102362204" VPOS="1719.6850393700788" HPOS="628.3464566929134" CONTENT="obligeait" ID="tl_28_3" STYLEREFS="FONT0"/>
            <SP HEIGHT="51.968503937007874" WIDTH="15.354330708661417" VPOS="1719.6850393700788" HPOS="833.8582677165355"/>
            <String HEIGHT="51.968503937007874" WIDTH="205.51181102362204" VPOS="1719.6850393700788" HPOS="786.6141732283464" CONTENT="autrefois" ID="tl_28_4" STYLEREFS="FONT0"/>
            <SP HEIGHT="51.968503937007874" WIDTH="15.354330708661417" VPOS="1719.6850393700788" HPOS="993.3070866141733"/>
            <String HEIGHT="51.968503937007874" WIDTH="111.02362204724409" VPOS="1719.6850393700788" HPOS="944.8818897637796" CONTENT="les" ID="tl_28_5" STYLEREFS="FONT0"/>
            <SP HEIGHT="51.968503937007874" WIDTH="15.354330708661417" VPOS="1719.6850393700788" HPOS="1055.9055118110236"/>
            <String HEIGHT="51.968503937007874" WIDTH="190.15748031496062" VPOS="1719.6850393700788" HPOS="1008.6614173228346" CONTENT="méchants" ID="tl_28_6" STYLEREFS="FONT0"/>
            <SP HEIGHT="51.968503937007874" WIDTH="15.354330708661417" VPOS="1719.6850393700788" HPOS="1198.8188976377953"/>
            <String HEIGHT="51.968503937007874" WIDTH="205.51181102362204" VPOS="1719.6850393700788" HPOS="1151.5748031496064" CONTENT="écrivains" ID="tl_28_7" STYLEREFS="FONT0"/>
            <SP HEIGHT="51.968503937007874" WIDTH="15.354330708661417" VPOS="1719.6850393700788" HPOS="1357.0866141732283"/>
            <String HEIGHT="51.968503937007874" WIDTH="79.13385826771653" VPOS="1719.6850393700788" HPOS="1309.8425196850394" CONTENT="à" ID="tl_28_8" STYLEREFS="FONT0"/>
            <SP HEIGHT="51.968503937007874" WIDTH="15.354330708661417" VPOS="1719.6850393700788" HPOS="1388.976377952756"/>
            <String HEIGHT="51.968503937007874" WIDTH="174.8031496062992" VPOS="1719.6850393700788" HPOS="1341.732283464567" CONTENT="effacer" ID="tl_28_9" STYLEREFS="FONT0"/>
            <SP HEIGHT="51.968503937007874" WIDTH="15.354330708661417" VPOS="1719.6850393700788" HPOS="1516.5354330708662"/>
            <String HEIGHT="51.968503937007874" WIDTH="205.51181102362204" VPOS="1719.6850393700788" HPOS="1468.1102362204724" CONTENT="eux-mêmes" ID="tl_28_10" STYLEREFS="FONT0"/>
            <SP HEIGHT="51.968503937007874" WIDTH="15.354330708661417" VPOS="1719.6850393700788" HPOS="1674.8031496062993"/>
            <String HEIGHT="51.968503937007874" WIDTH="111.02362204724409" VPOS="1719.6850393700788" HPOS="1611.023622047244" CONTENT="leurs" ID="tl_28_11" STYLEREFS="FONT0"/>
          </TextLine>
          <TextLine ID="tl_29" BASELINE="1533" HEIGHT="59.05511811023622" WIDTH="1203.5433070866143" VPOS="1751.5748031496064" HPOS="518.503937007874">
            <String HEIGHT="59.05511811023622" WIDTH="155.90551181102362" VPOS="1751.5748031496064" HPOS="503.1496062992126" CONTENT="écrits" ID="tl_29_1" STYLEREFS="FONT0"/>
            <SP HEIGHT="59.05511811023622" WIDTH="15.354330708661417" VPOS="1751.5748031496064" HPOS="659.0551181102362"/>
            <String HEIGHT="59.05511811023622" WIDTH="125.19685039370079" VPOS="1751.5748031496064" HPOS="611.8110236220473" CONTENT="avec" ID="tl_29_2" STYLEREFS="FONT0"/>
            <SP HEIGHT="59.05511811023622" WIDTH="15.354330708661417" VPOS="1751.5748031496064" HPOS="737.007874015748"/>
            <String HEIGHT="59.05511811023622" WIDTH="93.30708661417323" VPOS="1751.5748031496064" HPOS="690.9448818897638" CONTENT="la" ID="tl_29_3" STYLEREFS="FONT0"/>
            <SP HEIGHT="59.05511811023622" WIDTH="15.354330708661417" VPOS="1751.5748031496064" HPOS="784.2519685039371"/>
            <String HEIGHT="59.05511811023622" WIDTH="172.44094488188978" VPOS="1751.5748031496064" HPOS="737.007874015748" CONTENT="langue." ID="tl_29_4" STYLEREFS="FONT0"/>
            <SP HEIGHT="59.05511811023622" WIDTH="15.354330708661417" VPOS="1751.5748031496064" HPOS="909.4488188976378"/>
            <String HEIGHT="59.05511811023622" WIDTH="77.95275590551181" VPOS="1751.5748031496064" HPOS="862.2047244094488" CONTENT="—" ID="tl_29_5" STYLEREFS="FONT0"/>
            <SP HEIGHT="59.05511811023622" WIDTH="15.354330708661417" VPOS="1751.5748031496064" HPOS="940.1574803149606"/>
            <String HEIGHT="59.05511811023622" WIDTH="93.30708661417323" VPOS="1751.5748031496064" HPOS="894.0944881889764" CONTENT="Il" ID="tl_29_6" STYLEREFS="FONT0"/>
            <SP HEIGHT="59.05511811023622" WIDTH="15.354330708661417" VPOS="1751.5748031496064" HPOS="987.4015748031496"/>
            <String HEIGHT="59.05511811023622" WIDTH="155.90551181102362" VPOS="1751.5748031496064" HPOS="940.1574803149606" CONTENT="refait" ID="tl_29_7" STYLEREFS="FONT0"/>
            <SP HEIGHT="59.05511811023622" WIDTH="15.354330708661417" VPOS="1751.5748031496064" HPOS="1097.244094488189"/>
            <String HEIGHT="59.05511811023622" WIDTH="140.5511811023622" VPOS="1751.5748031496064" HPOS="1050.0" CONTENT="ainsi" ID="tl_29_8" STYLEREFS="FONT0"/>
            <SP HEIGHT="59.05511811023622" WIDTH="15.354330708661417" VPOS="1751.5748031496064" HPOS="1190.5511811023623"/>
            <String HEIGHT="59.05511811023622" WIDTH="93.30708661417323" VPOS="1751.5748031496064" HPOS="1143.3070866141732" CONTENT="la" ID="tl_29_9" STYLEREFS="FONT0"/>
            <SP HEIGHT="59.05511811023622" WIDTH="15.354330708661417" VPOS="1751.5748031496064" HPOS="1237.7952755905512"/>
            <String HEIGHT="59.05511811023622" WIDTH="172.44094488188978" VPOS="1751.5748031496064" HPOS="1190.5511811023623" CONTENT="légende" ID="tl_29_10" STYLEREFS="FONT0"/>
            <SP HEIGHT="59.05511811023622" WIDTH="15.354330708661417" VPOS="1751.5748031496064" HPOS="1362.992125984252"/>
            <String HEIGHT="59.05511811023622" WIDTH="109.84251968503936" VPOS="1751.5748031496064" HPOS="1315.748031496063" CONTENT="que" ID="tl_29_11" STYLEREFS="FONT0"/>
            <SP HEIGHT="59.05511811023622" WIDTH="15.354330708661417" VPOS="1751.5748031496064" HPOS="1425.5905511811025"/>
            <String HEIGHT="59.05511811023622" WIDTH="203.1496062992126" VPOS="1751.5748031496064" HPOS="1378.3464566929133" CONTENT="Brossette" ID="tl_29_12" STYLEREFS="FONT0"/>
            <SP HEIGHT="59.05511811023622" WIDTH="15.354330708661417" VPOS="1751.5748031496064" HPOS="1581.4960629921259"/>
            <String HEIGHT="59.05511811023622" WIDTH="125.19685039370079" VPOS="1751.5748031496064" HPOS="1534.251968503937" CONTENT="veut" ID="tl_29_13" STYLEREFS="FONT0"/>
            <SP HEIGHT="59.05511811023622" WIDTH="15.354330708661417" VPOS="1751.5748031496064" HPOS="1659.4488188976377"/>
            <String HEIGHT="59.05511811023622" WIDTH="125.19685039370079" VPOS="1751.5748031496064" HPOS="1596.8503937007874" CONTENT="mettre" ID="tl_29_14" STYLEREFS="FONT0"/>
          </TextLine>
          <TextLine ID="tl_30" BASELINE="1566" HEIGHT="51.968503937007874" WIDTH="1203.5433070866143" VPOS="1797.6377952755906" HPOS="518.503937007874">
            <String HEIGHT="51.968503937007874" WIDTH="98.03149606299213" VPOS="1797.6377952755906" HPOS="501.9685039370079" CONTENT="au" ID="tl_30_1" STYLEREFS="FONT0"/>
            <SP HEIGHT="51.968503937007874" WIDTH="16.53543307086614" VPOS="1797.6377952755906" HPOS="600.0"/>
            <String HEIGHT="51.968503937007874" WIDTH="113.38582677165354" VPOS="1797.6377952755906" HPOS="551.5748031496063" CONTENT="bas" ID="tl_30_2" STYLEREFS="FONT0"/>
            <SP HEIGHT="51.968503937007874" WIDTH="16.53543307086614" VPOS="1797.6377952755906" HPOS="664.9606299212599"/>
            <String HEIGHT="51.968503937007874" WIDTH="98.03149606299213" VPOS="1797.6377952755906" HPOS="616.5354330708661" CONTENT="de" ID="tl_30_3" STYLEREFS="FONT0"/>
            <SP HEIGHT="51.968503937007874" WIDTH="16.53543307086614" VPOS="1797.6377952755906" HPOS="713.3858267716536"/>
            <String HEIGHT="51.968503937007874" WIDTH="113.38582677165354" VPOS="1797.6377952755906" HPOS="664.9606299212599" CONTENT="son" ID="tl_30_4" STYLEREFS="FONT0"/>
            <SP HEIGHT="51.968503937007874" WIDTH="16.53543307086614" VPOS="1797.6377952755906" HPOS="778.3464566929134"/>
            <String HEIGHT="51.968503937007874" WIDTH="211.41732283464566" VPOS="1797.6377952755906" HPOS="729.9212598425197" CONTENT="portrait," ID="tl_30_5" STYLEREFS="FONT0"/>
            <SP HEIGHT="51.968503937007874" WIDTH="16.53543307086614" VPOS="1797.6377952755906" HPOS="941.3385826771654"/>
            <String HEIGHT="51.968503937007874" WIDTH="98.03149606299213" VPOS="1797.6377952755906" HPOS="892.9133858267717" CONTENT="et" ID="tl_30_6" STYLEREFS="FONT0"/>
            <SP HEIGHT="51.968503937007874" WIDTH="16.53543307086614" VPOS="1797.6377952755906" HPOS="989.7637795275591"/>
            <String HEIGHT="51.968503937007874" WIDTH="129.92125984251967" VPOS="1797.6377952755906" HPOS="941.3385826771654" CONTENT="nous" ID="tl_30_7" STYLEREFS="FONT0"/>
            <SP HEIGHT="51.968503937007874" WIDTH="16.53543307086614" VPOS="1797.6377952755906" HPOS="1071.259842519685"/>
            <String HEIGHT="51.968503937007874" WIDTH="178.3464566929134" VPOS="1797.6377952755906" HPOS="1022.8346456692914" CONTENT="montre," ID="tl_30_8" STYLEREFS="FONT0"/>
            <SP HEIGHT="51.968503937007874" WIDTH="16.53543307086614" VPOS="1797.6377952755906" HPOS="1201.1811023622047"/>
            <String HEIGHT="51.968503937007874" WIDTH="113.38582677165354" VPOS="1797.6377952755906" HPOS="1152.755905511811" CONTENT="par" ID="tl_30_9" STYLEREFS="FONT0"/>
            <SP HEIGHT="51.968503937007874" WIDTH="16.53543307086614" VPOS="1797.6377952755906" HPOS="1266.1417322834645"/>
            <String HEIGHT="51.968503937007874" WIDTH="113.38582677165354" VPOS="1797.6377952755906" HPOS="1217.716535433071" CONTENT="ces" ID="tl_30_10" STYLEREFS="FONT0"/>
            <SP HEIGHT="51.968503937007874" WIDTH="16.53543307086614" VPOS="1797.6377952755906" HPOS="1332.283464566929"/>
            <String HEIGHT="51.968503937007874" WIDTH="146.45669291338584" VPOS="1797.6377952755906" HPOS="1282.6771653543308" CONTENT="vers," ID="tl_30_11" STYLEREFS="FONT0"/>
            <SP HEIGHT="51.968503937007874" WIDTH="16.53543307086614" VPOS="1797.6377952755906" HPOS="1429.1338582677165"/>
            <String HEIGHT="51.968503937007874" WIDTH="113.38582677165354" VPOS="1797.6377952755906" HPOS="1380.708661417323" CONTENT="que" ID="tl_30_12" STYLEREFS="FONT0"/>
            <SP HEIGHT="51.968503937007874" WIDTH="16.53543307086614" VPOS="1797.6377952755906" HPOS="1494.0944881889764"/>
            <String HEIGHT="51.968503937007874" WIDTH="98.03149606299213" VPOS="1797.6377952755906" HPOS="1445.6692913385828" CONTENT="sa" ID="tl_30_13" STYLEREFS="FONT0"/>
            <SP HEIGHT="51.968503937007874" WIDTH="16.53543307086614" VPOS="1797.6377952755906" HPOS="1543.7007874015749"/>
            <String HEIGHT="51.968503937007874" WIDTH="146.45669291338584" VPOS="1797.6377952755906" HPOS="1494.0944881889764" CONTENT="haine" ID="tl_30_14" STYLEREFS="FONT0"/>
            <SP HEIGHT="51.968503937007874" WIDTH="16.53543307086614" VPOS="1797.6377952755906" HPOS="1640.5511811023623"/>
            <String HEIGHT="51.968503937007874" WIDTH="98.03149606299213" VPOS="1797.6377952755906" HPOS="1592.1259842519685" CONTENT="de" ID="tl_30_15" STYLEREFS="FONT0"/>
            <SP HEIGHT="51.968503937007874" WIDTH="16.53543307086614" VPOS="1797.6377952755906" HPOS="1688.976377952756"/>
            <String HEIGHT="51.968503937007874" WIDTH="98.03149606299213" VPOS="1797.6377952755906" HPOS="1624.015748031496" CONTENT="Cha" SUBS_TYPE="HypPart1" SUBS_CONTENT="Chapelain" ID="tl_30_16" STYLEREFS="FONT0"/>
            <HYP CONTENT="-"/>
          </TextLine>
          <TextLine ID="tl_31" BASELINE="1598" HEIGHT="44.881889763779526" WIDTH="636.6141732283464" VPOS="1842.5196850393702" HPOS="518.503937007874">
            <String HEIGHT="44.881889763779526" WIDTH="154.7244094488189" VPOS="1842.5196850393702" HPOS="503.1496062992126" CONTENT="pelain" SUBS_TYPE="HypPart2" SUBS_CONTENT="Chapelain" ID="tl_31_1" STYLEREFS="FONT0"/>
            <SP HEIGHT="44.881889763779526" WIDTH="15.354330708661417" VPOS="1842.5196850393702" HPOS="657.8740157480315"/>
            <String HEIGHT="44.881889763779526" WIDTH="139.37007874015748" VPOS="1842.5196850393702" HPOS="611.8110236220473" CONTENT="était" ID="tl_31_2" STYLEREFS="FONT0"/>
            <SP HEIGHT="44.881889763779526" WIDTH="15.354330708661417" VPOS="1842.5196850393702" HPOS="751.1811023622047"/>
            <String HEIGHT="44.881889763779526" WIDTH="93.30708661417323" VPOS="1842.5196850393702" HPOS="705.1181102362204" CONTENT="sa" ID="tl_31_3" STYLEREFS="FONT0"/>
            <SP HEIGHT="44.881889763779526" WIDTH="15.354330708661417" VPOS="1842.5196850393702" HPOS="798.4251968503937"/>
            <String HEIGHT="44.881889763779526" WIDTH="217.3228346456693" VPOS="1842.5196850393702" HPOS="751.1811023622047" CONTENT="principale" ID="tl_31_4" STYLEREFS="FONT0"/>
            <SP HEIGHT="44.881889763779526" WIDTH="15.354330708661417" VPOS="1842.5196850393702" HPOS="968.503937007874"/>
            <String HEIGHT="44.881889763779526" WIDTH="248.03149606299212" VPOS="1842.5196850393702" HPOS="907.0866141732283" CONTENT="préoccupation:" ID="tl_31_5" STYLEREFS="FONT0"/>
          </TextLine>
        </TextBlock>
        <TextBlock ID="r_1_10" HEIGHT="70.86614173228347" WIDTH="459.4488188976378" VPOS="1888.5826771653544" HPOS="760.6299212598425">
          <TextLine ID="tl_32" BASELINE="1631" HEIGHT="36.61417322834646" WIDTH="416.92913385826773" VPOS="1889.763779527559" HPOS="761.8110236220473">
            <String HEIGHT="36.61417322834646" WIDTH="86.22047244094489" VPOS="1889.763779527559" HPOS="747.6377952755905" CONTENT="Ne" ID="tl_32_1" STYLEREFS="FONT0"/>
            <SP HEIGHT="36.61417322834646" WIDTH="14.173228346456693" VPOS="1889.763779527559" HPOS="833.8582677165355"/>
            <String HEIGHT="36.61417322834646" WIDTH="172.44094488188978" VPOS="1889.763779527559" HPOS="790.1574803149606" CONTENT="cherchez" ID="tl_32_2" STYLEREFS="FONT0"/>
            <SP HEIGHT="36.61417322834646" WIDTH="14.173228346456693" VPOS="1889.763779527559" HPOS="962.5984251968504"/>
            <String HEIGHT="36.61417322834646" WIDTH="158.26771653543307" VPOS="1889.763779527559" HPOS="920.0787401574803" CONTENT="comment" ID="tl_32_3" STYLEREFS="FONT0"/>
            <SP HEIGHT="36.61417322834646" WIDTH="14.173228346456693" VPOS="1889.763779527559" HPOS="1078.3464566929133"/>
            <String HEIGHT="36.61417322834646" WIDTH="158.26771653543307" VPOS="1889.763779527559" HPOS="1020.4724409448819" CONTENT="s’appelle" ID="tl_32_4" STYLEREFS="FONT0"/>
          </TextLine>
          <TextLine ID="tl_33" BASELINE="1658" HEIGHT="35.43307086614173" WIDTH="457.0866141732283" VPOS="1922.8346456692914" HPOS="761.8110236220473">
            <String HEIGHT="35.43307086614173" WIDTH="201.96850393700788" VPOS="1922.8346456692914" HPOS="748.8188976377953" CONTENT="L’escrivain" ID="tl_33_1" STYLEREFS="FONT0"/>
            <SP HEIGHT="35.43307086614173" WIDTH="12.992125984251969" VPOS="1922.8346456692914" HPOS="949.6062992125984"/>
            <String HEIGHT="35.43307086614173" WIDTH="120.4724409448819" VPOS="1922.8346456692914" HPOS="909.4488188976378" CONTENT="peint" ID="tl_33_2" STYLEREFS="FONT0"/>
            <SP HEIGHT="35.43307086614173" WIDTH="12.992125984251969" VPOS="1922.8346456692914" HPOS="1031.1023622047244"/>
            <String HEIGHT="35.43307086614173" WIDTH="107.48031496062993" VPOS="1922.8346456692914" HPOS="990.9448818897638" CONTENT="dans" ID="tl_33_3" STYLEREFS="FONT0"/>
            <SP HEIGHT="35.43307086614173" WIDTH="12.992125984251969" VPOS="1922.8346456692914" HPOS="1098.4251968503936"/>
            <String HEIGHT="35.43307086614173" WIDTH="80.31496062992126" VPOS="1922.8346456692914" HPOS="1057.0866141732283" CONTENT="ce" ID="tl_33_4" STYLEREFS="FONT0"/>
            <SP HEIGHT="35.43307086614173" WIDTH="12.992125984251969" VPOS="1922.8346456692914" HPOS="1138.5826771653544"/>
            <String HEIGHT="35.43307086614173" WIDTH="134.64566929133858" VPOS="1922.8346456692914" HPOS="1084.251968503937" CONTENT="tableau:" ID="tl_33_5" STYLEREFS="FONT0"/>
          </TextLine>
        </TextBlock>
        <TextBlock ID="r_1_11" HEIGHT="40.15748031496063" WIDTH="601.1811023622047" VPOS="1953.5433070866143" HPOS="667.3228346456693">
          <TextLine ID="tl_34" BASELINE="1687" HEIGHT="37.79527559055118" WIDTH="598.8188976377953" VPOS="1954.724409448819" HPOS="668.503937007874">
            <String HEIGHT="37.79527559055118" WIDTH="66.14173228346456" VPOS="1954.724409448819" HPOS="655.511811023622" CONTENT="A" ID="tl_34_1" STYLEREFS="FONT0"/>
            <SP HEIGHT="37.79527559055118" WIDTH="12.992125984251969" VPOS="1954.724409448819" HPOS="721.6535433070866"/>
            <String HEIGHT="37.79527559055118" WIDTH="119.29133858267717" VPOS="1954.724409448819" HPOS="681.496062992126" CONTENT="l’air" ID="tl_34_2" STYLEREFS="FONT0"/>
            <SP HEIGHT="37.79527559055118" WIDTH="12.992125984251969" VPOS="1954.724409448819" HPOS="801.9685039370079"/>
            <String HEIGHT="37.79527559055118" WIDTH="106.2992125984252" VPOS="1954.724409448819" HPOS="761.8110236220473" CONTENT="dont" ID="tl_34_3" STYLEREFS="FONT0"/>
            <SP HEIGHT="37.79527559055118" WIDTH="12.992125984251969" VPOS="1954.724409448819" HPOS="868.1102362204724"/>
            <String HEIGHT="37.79527559055118" WIDTH="80.31496062992126" VPOS="1954.724409448819" HPOS="827.9527559055118" CONTENT="il" ID="tl_34_4" STYLEREFS="FONT0"/>
            <SP HEIGHT="37.79527559055118" WIDTH="12.992125984251969" VPOS="1954.724409448819" HPOS="908.2677165354331"/>
            <String HEIGHT="37.79527559055118" WIDTH="146.45669291338584" VPOS="1954.724409448819" HPOS="868.1102362204724" CONTENT="regarde" ID="tl_34_5" STYLEREFS="FONT0"/>
            <SP HEIGHT="37.79527559055118" WIDTH="12.992125984251969" VPOS="1954.724409448819" HPOS="1014.5669291338583"/>
            <String HEIGHT="37.79527559055118" WIDTH="80.31496062992126" VPOS="1954.724409448819" HPOS="974.4094488188977" CONTENT="et" ID="tl_34_6" STYLEREFS="FONT0"/>
            <SP HEIGHT="37.79527559055118" WIDTH="12.992125984251969" VPOS="1954.724409448819" HPOS="1054.724409448819"/>
            <String HEIGHT="37.79527559055118" WIDTH="133.46456692913387" VPOS="1954.724409448819" HPOS="1014.5669291338583" CONTENT="montre" ID="tl_34_7" STYLEREFS="FONT0"/>
            <SP HEIGHT="37.79527559055118" WIDTH="12.992125984251969" VPOS="1954.724409448819" HPOS="1148.0314960629921"/>
            <String HEIGHT="37.79527559055118" WIDTH="80.31496062992126" VPOS="1954.724409448819" HPOS="1107.8740157480315" CONTENT="la" ID="tl_34_8" STYLEREFS="FONT0"/>
            <SP HEIGHT="37.79527559055118" WIDTH="12.992125984251969" VPOS="1954.724409448819" HPOS="1187.007874015748"/>
            <String HEIGHT="37.79527559055118" WIDTH="133.46456692913387" VPOS="1954.724409448819" HPOS="1133.8582677165355" CONTENT="Pucelle," ID="tl_34_9" STYLEREFS="FONT0"/>
          </TextLine>
        </TextBlock>
        <TextBlock ID="r_1_12" HEIGHT="36.61417322834646" WIDTH="361.4173228346457" VPOS="1988.976377952756" HPOS="760.6299212598425">
          <TextLine ID="tl_35" BASELINE="1714" HEIGHT="36.61417322834646" WIDTH="360.23622047244095" VPOS="1987.7952755905512" HPOS="761.8110236220473">
            <String HEIGHT="36.61417322834646" WIDTH="93.30708661417323" VPOS="1987.7952755905512" HPOS="748.8188976377953" CONTENT="Qui" ID="tl_35_1" STYLEREFS="FONT0"/>
            <SP HEIGHT="36.61417322834646" WIDTH="12.992125984251969" VPOS="1987.7952755905512" HPOS="842.1259842519685"/>
            <String HEIGHT="36.61417322834646" WIDTH="80.31496062992126" VPOS="1987.7952755905512" HPOS="801.9685039370079" CONTENT="ne" ID="tl_35_2" STYLEREFS="FONT0"/>
            <SP HEIGHT="36.61417322834646" WIDTH="12.992125984251969" VPOS="1987.7952755905512" HPOS="882.2834645669292"/>
            <String HEIGHT="36.61417322834646" WIDTH="239.76377952755905" VPOS="1987.7952755905512" HPOS="842.1259842519685" CONTENT="reconnoistroit" ID="tl_35_3" STYLEREFS="FONT0"/>
            <SP HEIGHT="36.61417322834646" WIDTH="12.992125984251969" VPOS="1987.7952755905512" HPOS="1081.8897637795276"/>
            <String HEIGHT="36.61417322834646" WIDTH="93.30708661417323" VPOS="1987.7952755905512" HPOS="1028.740157480315" CONTENT="B***." ID="tl_35_4" STYLEREFS="FONT0"/>
          </TextLine>
        </TextBlock>
        <TextBlock ID="r_1_13" HEIGHT="121.65354330708661" WIDTH="1282.6771653543308" VPOS="2019.6850393700788" HPOS="440.5511811023622">
          <TextLine ID="tl_36" BASELINE="1771" HEIGHT="70.86614173228347" WIDTH="1280.3149606299212" VPOS="2020.8661417322835" HPOS="441.73228346456693">
            <String HEIGHT="70.86614173228347" WIDTH="154.7244094488189" VPOS="2020.8661417322835" HPOS="419.29133858267716" CONTENT="18." ID="tl_36_1" STYLEREFS="FONT0"/>
            <SP HEIGHT="70.86614173228347" WIDTH="22.440944881889763" VPOS="2020.8661417322835" HPOS="574.0157480314961"/>
            <String HEIGHT="70.86614173228347" WIDTH="198.4251968503937" VPOS="2020.8661417322835" HPOS="507.87401574803147" CONTENT="LE" ID="tl_36_2" STYLEREFS="FONT1"/>
            <SP HEIGHT="70.86614173228347" WIDTH="22.440944881889763" VPOS="2020.8661417322835" HPOS="706.2992125984252"/>
            <String HEIGHT="70.86614173228347" WIDTH="287.00787401574803" VPOS="2020.8661417322835" HPOS="640.1574803149606" CONTENT="MÊME." ID="tl_36_3" STYLEREFS="FONT1"/>
            <SP HEIGHT="70.86614173228347" WIDTH="22.440944881889763" VPOS="2020.8661417322835" HPOS="927.1653543307086"/>
            <String HEIGHT="70.86614173228347" WIDTH="132.28346456692913" VPOS="2020.8661417322835" HPOS="861.0236220472441" CONTENT="L." ID="tl_36_4" STYLEREFS="FONT0"/>
            <SP HEIGHT="70.86614173228347" WIDTH="22.440944881889763" VPOS="2020.8661417322835" HPOS="993.3070866141733"/>
            <String HEIGHT="70.86614173228347" WIDTH="132.28346456692913" VPOS="2020.8661417322835" HPOS="927.1653543307086" CONTENT="a." ID="tl_36_5" STYLEREFS="FONT0"/>
            <SP HEIGHT="70.86614173228347" WIDTH="22.440944881889763" VPOS="2020.8661417322835" HPOS="1059.4488188976377"/>
            <String HEIGHT="70.86614173228347" WIDTH="132.28346456692913" VPOS="2020.8661417322835" HPOS="993.3070866141733" CONTENT="s." ID="tl_36_6" STYLEREFS="FONT0"/>
            <SP HEIGHT="70.86614173228347" WIDTH="22.440944881889763" VPOS="2020.8661417322835" HPOS="1125.5905511811025"/>
            <String HEIGHT="70.86614173228347" WIDTH="132.28346456692913" VPOS="2020.8661417322835" HPOS="1059.4488188976377" CONTENT="au" ID="tl_36_7" STYLEREFS="FONT0"/>
            <SP HEIGHT="70.86614173228347" WIDTH="22.440944881889763" VPOS="2020.8661417322835" HPOS="1191.732283464567"/>
            <String HEIGHT="70.86614173228347" WIDTH="198.4251968503937" VPOS="2020.8661417322835" HPOS="1125.5905511811025" CONTENT="même;" ID="tl_36_8" STYLEREFS="FONT0"/>
            <SP HEIGHT="70.86614173228347" WIDTH="22.440944881889763" VPOS="2020.8661417322835" HPOS="1325.1968503937007"/>
            <String HEIGHT="70.86614173228347" WIDTH="220.86614173228347" VPOS="2020.8661417322835" HPOS="1259.0551181102362" CONTENT="Paris," ID="tl_36_9" STYLEREFS="FONT0"/>
            <SP HEIGHT="70.86614173228347" WIDTH="22.440944881889763" VPOS="2020.8661417322835" HPOS="1478.740157480315"/>
            <String HEIGHT="70.86614173228347" WIDTH="132.28346456692913" VPOS="2020.8661417322835" HPOS="1412.5984251968505" CONTENT="10" ID="tl_36_10" STYLEREFS="FONT0"/>
            <SP HEIGHT="70.86614173228347" WIDTH="22.440944881889763" VPOS="2020.8661417322835" HPOS="1544.8818897637796"/>
            <String HEIGHT="70.86614173228347" WIDTH="177.16535433070865" VPOS="2020.8661417322835" HPOS="1478.740157480315" CONTENT="nov." ID="tl_36_11" STYLEREFS="FONT0"/>
            <SP HEIGHT="70.86614173228347" WIDTH="22.440944881889763" VPOS="2020.8661417322835" HPOS="1655.9055118110236"/>
            <String HEIGHT="70.86614173228347" WIDTH="154.7244094488189" VPOS="2020.8661417322835" HPOS="1567.3228346456692" CONTENT="1699," ID="tl_36_12" STYLEREFS="FONT0"/>
          </TextLine>
          <TextLine ID="tl_37" BASELINE="1812" HEIGHT="51.968503937007874" WIDTH="497.244094488189" VPOS="2088.1889763779527" HPOS="491.33858267716533">
            <String HEIGHT="51.968503937007874" WIDTH="70.86614173228347" VPOS="2088.1889763779527" HPOS="477.1653543307087" CONTENT="2" ID="tl_37_1" STYLEREFS="FONT0"/>
            <SP HEIGHT="51.968503937007874" WIDTH="14.173228346456693" VPOS="2088.1889763779527" HPOS="548.0314960629921"/>
            <String HEIGHT="51.968503937007874" WIDTH="85.03937007874016" VPOS="2088.1889763779527" HPOS="505.51181102362204" CONTENT="p." ID="tl_37_2" STYLEREFS="FONT0"/>
            <SP HEIGHT="51.968503937007874" WIDTH="14.173228346456693" VPOS="2088.1889763779527" HPOS="590.5511811023622"/>
            <String HEIGHT="51.968503937007874" WIDTH="113.38582677165354" VPOS="2088.1889763779527" HPOS="548.0314960629921" CONTENT="pet." ID="tl_37_3" STYLEREFS="FONT0"/>
            <SP HEIGHT="51.968503937007874" WIDTH="14.173228346456693" VPOS="2088.1889763779527" HPOS="661.4173228346457"/>
            <String HEIGHT="51.968503937007874" WIDTH="127.55905511811024" VPOS="2088.1889763779527" HPOS="618.8976377952756" CONTENT="in-f." ID="tl_37_4" STYLEREFS="FONT0"/>
            <SP HEIGHT="51.968503937007874" WIDTH="14.173228346456693" VPOS="2088.1889763779527" HPOS="747.6377952755905"/>
            <String HEIGHT="51.968503937007874" WIDTH="170.07874015748033" VPOS="2088.1889763779527" HPOS="703.9370078740158" CONTENT="Belle" ID="tl_37_5" STYLEREFS="FONT2"/>
            <SP HEIGHT="51.968503937007874" WIDTH="14.173228346456693" VPOS="2088.1889763779527" HPOS="875.1968503937007"/>
            <String HEIGHT="51.968503937007874" WIDTH="170.07874015748033" VPOS="2088.1889763779527" HPOS="818.503937007874" CONTENT="pièce." ID="tl_37_6" STYLEREFS="FONT2"/>
          </TextLine>
        </TextBlock>
        <TextBlock ID="r_1_14" HEIGHT="283.46456692913387" WIDTH="1210.6299212598426" VPOS="2125.984251968504" HPOS="518.503937007874">
          <TextLine ID="tl_38" BASELINE="1843" HEIGHT="49.60629921259842" WIDTH="1164.5669291338584" VPOS="2127.165354330709" HPOS="557.4803149606299">
            <String HEIGHT="49.60629921259842" WIDTH="98.03149606299213" VPOS="2127.165354330709" HPOS="540.9448818897638" CONTENT="La" ID="tl_38_1" STYLEREFS="FONT0"/>
            <SP HEIGHT="49.60629921259842" WIDTH="16.53543307086614" VPOS="2127.165354330709" HPOS="638.9763779527559"/>
            <String HEIGHT="49.60629921259842" WIDTH="131.10236220472441" VPOS="2127.165354330709" HPOS="590.5511811023622" CONTENT="mort" ID="tl_38_2" STYLEREFS="FONT0"/>
            <SP HEIGHT="49.60629921259842" WIDTH="16.53543307086614" VPOS="2127.165354330709" HPOS="721.6535433070866"/>
            <String HEIGHT="49.60629921259842" WIDTH="98.03149606299213" VPOS="2127.165354330709" HPOS="672.0472440944882" CONTENT="de" ID="tl_38_3" STYLEREFS="FONT0"/>
            <SP HEIGHT="49.60629921259842" WIDTH="16.53543307086614" VPOS="2127.165354330709" HPOS="771.2598425196851"/>
            <String HEIGHT="49.60629921259842" WIDTH="164.17322834645668" VPOS="2127.165354330709" HPOS="721.6535433070866" CONTENT="Racine" ID="tl_38_4" STYLEREFS="FONT0"/>
            <SP HEIGHT="49.60629921259842" WIDTH="16.53543307086614" VPOS="2127.165354330709" HPOS="885.8267716535433"/>
            <String HEIGHT="49.60629921259842" WIDTH="114.56692913385827" VPOS="2127.165354330709" HPOS="836.2204724409448" CONTENT="lui" ID="tl_38_5" STYLEREFS="FONT0"/>
            <SP HEIGHT="49.60629921259842" WIDTH="16.53543307086614" VPOS="2127.165354330709" HPOS="950.7874015748032"/>
            <String HEIGHT="49.60629921259842" WIDTH="81.49606299212599" VPOS="2127.165354330709" HPOS="902.3622047244095" CONTENT="a" ID="tl_38_6" STYLEREFS="FONT0"/>
            <SP HEIGHT="49.60629921259842" WIDTH="16.53543307086614" VPOS="2127.165354330709" HPOS="983.8582677165355"/>
            <String HEIGHT="49.60629921259842" WIDTH="164.17322834645668" VPOS="2127.165354330709" HPOS="934.2519685039371" CONTENT="laissé" ID="tl_38_7" STYLEREFS="FONT0"/>
            <SP HEIGHT="49.60629921259842" WIDTH="16.53543307086614" VPOS="2127.165354330709" HPOS="1098.4251968503936"/>
            <String HEIGHT="49.60629921259842" WIDTH="98.03149606299213" VPOS="2127.165354330709" HPOS="1050.0" CONTENT="un" ID="tl_38_8" STYLEREFS="FONT0"/>
            <SP HEIGHT="49.60629921259842" WIDTH="16.53543307086614" VPOS="2127.165354330709" HPOS="1148.0314960629921"/>
            <String HEIGHT="49.60629921259842" WIDTH="229.13385826771653" VPOS="2127.165354330709" HPOS="1098.4251968503936" CONTENT="prodigieux" ID="tl_38_9" STYLEREFS="FONT0"/>
            <SP HEIGHT="49.60629921259842" WIDTH="16.53543307086614" VPOS="2127.165354330709" HPOS="1328.740157480315"/>
            <String HEIGHT="49.60629921259842" WIDTH="245.66929133858267" VPOS="2127.165354330709" HPOS="1279.1338582677165" CONTENT="accablement" ID="tl_38_10" STYLEREFS="FONT0"/>
            <SP HEIGHT="49.60629921259842" WIDTH="16.53543307086614" VPOS="2127.165354330709" HPOS="1524.8031496062993"/>
            <String HEIGHT="49.60629921259842" WIDTH="245.66929133858267" VPOS="2127.165354330709" HPOS="1476.3779527559054" CONTENT="d’affaires." ID="tl_38_11" STYLEREFS="FONT0"/>
            <SP HEIGHT="49.60629921259842" WIDTH="16.53543307086614" VPOS="2127.165354330709" HPOS="1722.0472440944882"/>
            <String HEIGHT="49.60629921259842" WIDTH="66.14173228346456" VPOS="2127.165354330709" HPOS="1655.9055118110236" CONTENT="Il" ID="tl_38_12" STYLEREFS="FONT0"/>
          </TextLine>
          <TextLine ID="tl_39" BASELINE="1876" HEIGHT="49.60629921259842" WIDTH="1208.267716535433" VPOS="2166.1417322834645" HPOS="519.6850393700787">
            <String HEIGHT="49.60629921259842" WIDTH="179.5275590551181" VPOS="2166.1417322834645" HPOS="504.3307086614173" CONTENT="remercie" ID="tl_39_1" STYLEREFS="FONT0"/>
            <SP HEIGHT="49.60629921259842" WIDTH="15.354330708661417" VPOS="2166.1417322834645" HPOS="683.8582677165355"/>
            <String HEIGHT="49.60629921259842" WIDTH="193.70078740157481" VPOS="2166.1417322834645" HPOS="638.9763779527559" CONTENT="Brossette" ID="tl_39_2" STYLEREFS="FONT0"/>
            <SP HEIGHT="49.60629921259842" WIDTH="15.354330708661417" VPOS="2166.1417322834645" HPOS="832.6771653543307"/>
            <String HEIGHT="49.60629921259842" WIDTH="89.76377952755905" VPOS="2166.1417322834645" HPOS="787.7952755905512" CONTENT="de" ID="tl_39_3" STYLEREFS="FONT0"/>
            <SP HEIGHT="49.60629921259842" WIDTH="15.354330708661417" VPOS="2166.1417322834645" HPOS="877.5590551181102"/>
            <String HEIGHT="49.60629921259842" WIDTH="164.17322834645668" VPOS="2166.1417322834645" HPOS="832.6771653543307" CONTENT="l'envoi" ID="tl_39_4" STYLEREFS="FONT0"/>
            <SP HEIGHT="49.60629921259842" WIDTH="15.354330708661417" VPOS="2166.1417322834645" HPOS="996.8503937007874"/>
            <String HEIGHT="49.60629921259842" WIDTH="89.76377952755905" VPOS="2166.1417322834645" HPOS="951.9685039370079" CONTENT="du" ID="tl_39_5" STYLEREFS="FONT0"/>
            <SP HEIGHT="49.60629921259842" WIDTH="15.354330708661417" VPOS="2166.1417322834645" HPOS="1041.732283464567"/>
            <String HEIGHT="49.60629921259842" WIDTH="312.99212598425197" VPOS="2166.1417322834645" HPOS="996.8503937007874" CONTENT="Télémaque," ID="tl_39_6" STYLEREFS="FONT2"/>
            <SP HEIGHT="49.60629921259842" WIDTH="15.354330708661417" VPOS="2166.1417322834645" HPOS="1309.8425196850394"/>
            <String HEIGHT="49.60629921259842" WIDTH="134.64566929133858" VPOS="2166.1417322834645" HPOS="1264.9606299212599" CONTENT="qu'il" ID="tl_39_7" STYLEREFS="FONT0"/>
            <SP HEIGHT="49.60629921259842" WIDTH="15.354330708661417" VPOS="2166.1417322834645" HPOS="1399.6062992125985"/>
            <String HEIGHT="49.60629921259842" WIDTH="134.64566929133858" VPOS="2166.1417322834645" HPOS="1354.724409448819" CONTENT="vient" ID="tl_39_8" STYLEREFS="FONT0"/>
            <SP HEIGHT="49.60629921259842" WIDTH="15.354330708661417" VPOS="2166.1417322834645" HPOS="1489.3700787401574"/>
            <String HEIGHT="49.60629921259842" WIDTH="89.76377952755905" VPOS="2166.1417322834645" HPOS="1444.4881889763778" CONTENT="de" ID="tl_39_9" STYLEREFS="FONT0"/>
            <SP HEIGHT="49.60629921259842" WIDTH="15.354330708661417" VPOS="2166.1417322834645" HPOS="1534.251968503937"/>
            <String HEIGHT="49.60629921259842" WIDTH="119.29133858267717" VPOS="2166.1417322834645" HPOS="1489.3700787401574" CONTENT="lire" ID="tl_39_10" STYLEREFS="FONT0"/>
            <SP HEIGHT="49.60629921259842" WIDTH="15.354330708661417" VPOS="2166.1417322834645" HPOS="1608.6614173228347"/>
            <String HEIGHT="49.60629921259842" WIDTH="119.29133858267717" VPOS="2166.1417322834645" HPOS="1563.7795275590552" CONTENT="avec" ID="tl_39_11" STYLEREFS="FONT0"/>
            <SP HEIGHT="49.60629921259842" WIDTH="15.354330708661417" VPOS="2166.1417322834645" HPOS="1683.0708661417323"/>
            <String HEIGHT="49.60629921259842" WIDTH="103.93700787401575" VPOS="2166.1417322834645" HPOS="1624.015748031496" CONTENT="beau" SUBS_TYPE="HypPart1" SUBS_CONTENT="beaucoup" ID="tl_39_12" STYLEREFS="FONT0"/>
            <HYP CONTENT="-"/>
          </TextLine>
          <TextLine ID="tl_40" BASELINE="1913" HEIGHT="54.330708661417326" WIDTH="1203.5433070866143" VPOS="2205.1181102362207" HPOS="520.8661417322835">
            <String HEIGHT="54.330708661417326" WIDTH="132.28346456692913" VPOS="2205.1181102362207" HPOS="504.3307086614173" CONTENT="coup" SUBS_TYPE="HypPart2" SUBS_CONTENT="beaucoup" ID="tl_40_1" STYLEREFS="FONT0"/>
            <SP HEIGHT="54.330708661417326" WIDTH="16.53543307086614" VPOS="2205.1181102362207" HPOS="636.6141732283464"/>
            <String HEIGHT="54.330708661417326" WIDTH="230.31496062992127" VPOS="2205.1181102362207" HPOS="587.007874015748" CONTENT="d’avidité." ID="tl_40_2" STYLEREFS="FONT0"/>
            <SP HEIGHT="54.330708661417326" WIDTH="16.53543307086614" VPOS="2205.1181102362207" HPOS="817.3228346456693"/>
            <String HEIGHT="54.330708661417326" WIDTH="99.21259842519684" VPOS="2205.1181102362207" HPOS="767.7165354330708" CONTENT="Il" ID="tl_40_3" STYLEREFS="FONT0"/>
            <SP HEIGHT="54.330708661417326" WIDTH="16.53543307086614" VPOS="2205.1181102362207" HPOS="866.9291338582677"/>
            <String HEIGHT="54.330708661417326" WIDTH="263.38582677165357" VPOS="2205.1181102362207" HPOS="817.3228346456693" CONTENT="souhaiterait" ID="tl_40_4" STYLEREFS="FONT0"/>
            <SP HEIGHT="54.330708661417326" WIDTH="16.53543307086614" VPOS="2205.1181102362207" HPOS="1081.8897637795276"/>
            <String HEIGHT="54.330708661417326" WIDTH="115.74803149606299" VPOS="2205.1181102362207" HPOS="1032.283464566929" CONTENT="que" ID="tl_40_5" STYLEREFS="FONT0"/>
            <SP HEIGHT="54.330708661417326" WIDTH="16.53543307086614" VPOS="2205.1181102362207" HPOS="1146.8503937007874"/>
            <String HEIGHT="54.330708661417326" WIDTH="99.21259842519684" VPOS="2205.1181102362207" HPOS="1098.4251968503936" CONTENT="M." ID="tl_40_6" STYLEREFS="FONT0"/>
            <SP HEIGHT="54.330708661417326" WIDTH="16.53543307086614" VPOS="2205.1181102362207" HPOS="1196.4566929133857"/>
            <String HEIGHT="54.330708661417326" WIDTH="99.21259842519684" VPOS="2205.1181102362207" HPOS="1146.8503937007874" CONTENT="de" ID="tl_40_7" STYLEREFS="FONT0"/>
            <SP HEIGHT="54.330708661417326" WIDTH="16.53543307086614" VPOS="2205.1181102362207" HPOS="1246.0629921259842"/>
            <String HEIGHT="54.330708661417326" WIDTH="181.88976377952756" VPOS="2205.1181102362207" HPOS="1196.4566929133857" CONTENT="Cambrai" ID="tl_40_8" STYLEREFS="FONT0"/>
            <SP HEIGHT="54.330708661417326" WIDTH="16.53543307086614" VPOS="2205.1181102362207" HPOS="1378.3464566929133"/>
            <String HEIGHT="54.330708661417326" WIDTH="115.74803149606299" VPOS="2205.1181102362207" HPOS="1328.740157480315" CONTENT="eût" ID="tl_40_9" STYLEREFS="FONT0"/>
            <SP HEIGHT="54.330708661417326" WIDTH="16.53543307086614" VPOS="2205.1181102362207" HPOS="1444.4881889763778"/>
            <String HEIGHT="54.330708661417326" WIDTH="148.8188976377953" VPOS="2205.1181102362207" HPOS="1394.8818897637796" CONTENT="rendu" ID="tl_40_10" STYLEREFS="FONT0"/>
            <SP HEIGHT="54.330708661417326" WIDTH="16.53543307086614" VPOS="2205.1181102362207" HPOS="1542.5196850393702"/>
            <String HEIGHT="54.330708661417326" WIDTH="115.74803149606299" VPOS="2205.1181102362207" HPOS="1494.0944881889764" CONTENT="son" ID="tl_40_11" STYLEREFS="FONT0"/>
            <SP HEIGHT="54.330708661417326" WIDTH="16.53543307086614" VPOS="2205.1181102362207" HPOS="1608.6614173228347"/>
            <String HEIGHT="54.330708661417326" WIDTH="165.35433070866142" VPOS="2205.1181102362207" HPOS="1559.0551181102362" CONTENT="Mentor" ID="tl_40_12" STYLEREFS="FONT0"/>
            <SP HEIGHT="54.330708661417326" WIDTH="16.53543307086614" VPOS="2205.1181102362207" HPOS="1724.4094488188975"/>
            <String HEIGHT="54.330708661417326" WIDTH="66.14173228346456" VPOS="2205.1181102362207" HPOS="1658.267716535433" CONTENT="un" ID="tl_40_13" STYLEREFS="FONT0"/>
          </TextLine>
          <TextLine ID="tl_41" BASELINE="1945" HEIGHT="53.1496062992126" WIDTH="1202.3622047244094" VPOS="2244.0944881889764" HPOS="522.0472440944882">
            <String HEIGHT="53.1496062992126" WIDTH="112.20472440944881" VPOS="2244.0944881889764" HPOS="505.51181102362204" CONTENT="peu" ID="tl_41_1" STYLEREFS="FONT0"/>
            <SP HEIGHT="53.1496062992126" WIDTH="16.53543307086614" VPOS="2244.0944881889764" HPOS="617.7165354330708"/>
            <String HEIGHT="53.1496062992126" WIDTH="144.09448818897638" VPOS="2244.0944881889764" HPOS="570.4724409448819" CONTENT="moins" ID="tl_41_2" STYLEREFS="FONT0"/>
            <SP HEIGHT="53.1496062992126" WIDTH="16.53543307086614" VPOS="2244.0944881889764" HPOS="714.5669291338583"/>
            <String HEIGHT="53.1496062992126" WIDTH="256.2992125984252" VPOS="2244.0944881889764" HPOS="666.1417322834645" CONTENT="prédicateur." ID="tl_41_3" STYLEREFS="FONT0"/>
            <SP HEIGHT="53.1496062992126" WIDTH="16.53543307086614" VPOS="2244.0944881889764" HPOS="922.4409448818898"/>
            <String HEIGHT="53.1496062992126" WIDTH="175.98425196850394" VPOS="2244.0944881889764" HPOS="875.1968503937007" CONTENT="Homère," ID="tl_41_4" STYLEREFS="FONT0"/>
            <SP HEIGHT="53.1496062992126" WIDTH="16.53543307086614" VPOS="2244.0944881889764" HPOS="1051.1811023622047"/>
            <String HEIGHT="53.1496062992126" WIDTH="112.20472440944881" VPOS="2244.0944881889764" HPOS="1002.7559055118111" CONTENT="qui" ID="tl_41_5" STYLEREFS="FONT0"/>
            <SP HEIGHT="53.1496062992126" WIDTH="16.53543307086614" VPOS="2244.0944881889764" HPOS="1114.9606299212599"/>
            <String HEIGHT="53.1496062992126" WIDTH="112.20472440944881" VPOS="2244.0944881889764" HPOS="1066.5354330708662" CONTENT="est" ID="tl_41_6" STYLEREFS="FONT0"/>
            <SP HEIGHT="53.1496062992126" WIDTH="16.53543307086614" VPOS="2244.0944881889764" HPOS="1179.9212598425197"/>
            <String HEIGHT="53.1496062992126" WIDTH="128.74015748031496" VPOS="2244.0944881889764" HPOS="1131.4960629921259" CONTENT="tout" ID="tl_41_7" STYLEREFS="FONT0"/>
            <SP HEIGHT="53.1496062992126" WIDTH="16.53543307086614" VPOS="2244.0944881889764" HPOS="1259.0551181102362"/>
            <String HEIGHT="53.1496062992126" WIDTH="175.98425196850394" VPOS="2244.0944881889764" HPOS="1211.8110236220473" CONTENT="action," ID="tl_41_8" STYLEREFS="FONT0"/>
            <SP HEIGHT="53.1496062992126" WIDTH="16.53543307086614" VPOS="2244.0944881889764" HPOS="1387.7952755905512"/>
            <String HEIGHT="53.1496062992126" WIDTH="112.20472440944881" VPOS="2244.0944881889764" HPOS="1339.3700787401574" CONTENT="est" ID="tl_41_9" STYLEREFS="FONT0"/>
            <SP HEIGHT="53.1496062992126" WIDTH="16.53543307086614" VPOS="2244.0944881889764" HPOS="1451.5748031496064"/>
            <String HEIGHT="53.1496062992126" WIDTH="128.74015748031496" VPOS="2244.0944881889764" HPOS="1404.3307086614172" CONTENT="plus" ID="tl_41_10" STYLEREFS="FONT0"/>
            <SP HEIGHT="53.1496062992126" WIDTH="16.53543307086614" VPOS="2244.0944881889764" HPOS="1531.8897637795276"/>
            <String HEIGHT="53.1496062992126" WIDTH="240.9448818897638" VPOS="2244.0944881889764" HPOS="1483.4645669291338" CONTENT="instructif." ID="tl_41_11" STYLEREFS="FONT0"/>
            <SP HEIGHT="53.1496062992126" WIDTH="16.53543307086614" VPOS="2244.0944881889764" HPOS="1724.4094488188975"/>
            <String HEIGHT="53.1496062992126" WIDTH="63.77952755905512" VPOS="2244.0944881889764" HPOS="1660.6299212598426" CONTENT="Si" ID="tl_41_12" STYLEREFS="FONT0"/>
          </TextLine>
          <TextLine ID="tl_42" BASELINE="1977" HEIGHT="53.1496062992126" WIDTH="1204.724409448819" VPOS="2281.8897637795276" HPOS="520.8661417322835">
            <String HEIGHT="53.1496062992126" WIDTH="129.92125984251967" VPOS="2281.8897637795276" HPOS="504.3307086614173" CONTENT="l’on" ID="tl_42_1" STYLEREFS="FONT0"/>
            <SP HEIGHT="53.1496062992126" WIDTH="16.53543307086614" VPOS="2281.8897637795276" HPOS="634.2519685039371"/>
            <String HEIGHT="53.1496062992126" WIDTH="179.5275590551181" VPOS="2281.8897637795276" HPOS="585.8267716535433" CONTENT="compare" ID="tl_42_2" STYLEREFS="FONT0"/>
            <SP HEIGHT="53.1496062992126" WIDTH="16.53543307086614" VPOS="2281.8897637795276" HPOS="765.3543307086615"/>
            <String HEIGHT="53.1496062992126" WIDTH="113.38582677165354" VPOS="2281.8897637795276" HPOS="715.7480314960629" CONTENT="cet" ID="tl_42_3" STYLEREFS="FONT0"/>
            <SP HEIGHT="53.1496062992126" WIDTH="16.53543307086614" VPOS="2281.8897637795276" HPOS="830.3149606299213"/>
            <String HEIGHT="53.1496062992126" WIDTH="179.5275590551181" VPOS="2281.8897637795276" HPOS="781.8897637795276" CONTENT="ouvrage" ID="tl_42_4" STYLEREFS="FONT0"/>
            <SP HEIGHT="53.1496062992126" WIDTH="16.53543307086614" VPOS="2281.8897637795276" HPOS="960.2362204724409"/>
            <String HEIGHT="53.1496062992126" WIDTH="113.38582677165354" VPOS="2281.8897637795276" HPOS="911.8110236220473" CONTENT="aux" ID="tl_42_5" STYLEREFS="FONT0"/>
            <SP HEIGHT="53.1496062992126" WIDTH="16.53543307086614" VPOS="2281.8897637795276" HPOS="1025.1968503937007"/>
            <String HEIGHT="53.1496062992126" WIDTH="309.4488188976378" VPOS="2281.8897637795276" HPOS="976.7716535433071" CONTENT="Maximes," ID="tl_42_6" STYLEREFS="FONT2"/>
            <SP HEIGHT="53.1496062992126" WIDTH="16.53543307086614" VPOS="2281.8897637795276" HPOS="1286.2204724409448"/>
            <String HEIGHT="53.1496062992126" WIDTH="98.03149606299213" VPOS="2281.8897637795276" HPOS="1236.6141732283465" CONTENT="M." ID="tl_42_7" STYLEREFS="FONT0"/>
            <SP HEIGHT="53.1496062992126" WIDTH="16.53543307086614" VPOS="2281.8897637795276" HPOS="1334.6456692913387"/>
            <String HEIGHT="53.1496062992126" WIDTH="98.03149606299213" VPOS="2281.8897637795276" HPOS="1286.2204724409448" CONTENT="de" ID="tl_42_8" STYLEREFS="FONT0"/>
            <SP HEIGHT="53.1496062992126" WIDTH="16.53543307086614" VPOS="2281.8897637795276" HPOS="1384.251968503937"/>
            <String HEIGHT="53.1496062992126" WIDTH="179.5275590551181" VPOS="2281.8897637795276" HPOS="1334.6456692913387" CONTENT="Cambrai" ID="tl_42_9" STYLEREFS="FONT0"/>
            <SP HEIGHT="53.1496062992126" WIDTH="16.53543307086614" VPOS="2281.8897637795276" HPOS="1514.1732283464567"/>
            <String HEIGHT="53.1496062992126" WIDTH="162.99212598425197" VPOS="2281.8897637795276" HPOS="1464.5669291338584" CONTENT="paraît" ID="tl_42_10" STYLEREFS="FONT0"/>
            <SP HEIGHT="53.1496062992126" WIDTH="16.53543307086614" VPOS="2281.8897637795276" HPOS="1627.5590551181103"/>
            <String HEIGHT="53.1496062992126" WIDTH="162.99212598425197" VPOS="2281.8897637795276" HPOS="1562.5984251968505" CONTENT="beaucoup" ID="tl_42_11" STYLEREFS="FONT0"/>
          </TextLine>
          <TextLine ID="tl_43" BASELINE="2010" HEIGHT="53.1496062992126" WIDTH="1203.5433070866143" VPOS="2320.8661417322833" HPOS="522.0472440944882">
            <String HEIGHT="53.1496062992126" WIDTH="183.0708661417323" VPOS="2320.8661417322833" HPOS="506.6929133858268" CONTENT="meilleur" ID="tl_43_1" STYLEREFS="FONT0"/>
            <SP HEIGHT="53.1496062992126" WIDTH="15.354330708661417" VPOS="2320.8661417322833" HPOS="689.7637795275591"/>
            <String HEIGHT="53.1496062992126" WIDTH="137.00787401574803" VPOS="2320.8661417322833" HPOS="643.7007874015748" CONTENT="poète" ID="tl_43_2" STYLEREFS="FONT0"/>
            <SP HEIGHT="53.1496062992126" WIDTH="15.354330708661417" VPOS="2320.8661417322833" HPOS="780.7086614173228"/>
            <String HEIGHT="53.1496062992126" WIDTH="106.2992125984252" VPOS="2320.8661417322833" HPOS="735.8267716535433" CONTENT="que" ID="tl_43_3" STYLEREFS="FONT0"/>
            <SP HEIGHT="53.1496062992126" WIDTH="15.354330708661417" VPOS="2320.8661417322833" HPOS="842.1259842519685"/>
            <String HEIGHT="53.1496062992126" WIDTH="227.95275590551182" VPOS="2320.8661417322833" HPOS="796.0629921259842" CONTENT="théologien." ID="tl_43_4" STYLEREFS="FONT0"/>
            <SP HEIGHT="53.1496062992126" WIDTH="15.354330708661417" VPOS="2320.8661417322833" HPOS="1025.1968503937007"/>
            <String HEIGHT="53.1496062992126" WIDTH="75.59055118110236" VPOS="2320.8661417322833" HPOS="979.1338582677165" CONTENT="—" ID="tl_43_5" STYLEREFS="FONT0"/>
            <SP HEIGHT="53.1496062992126" WIDTH="15.354330708661417" VPOS="2320.8661417322833" HPOS="1054.724409448819"/>
            <String HEIGHT="53.1496062992126" WIDTH="152.36220472440945" VPOS="2320.8661417322833" HPOS="1009.8425196850394" CONTENT="Cette," ID="tl_43_6" STYLEREFS="FONT0"/>
            <SP HEIGHT="53.1496062992126" WIDTH="15.354330708661417" VPOS="2320.8661417322833" HPOS="1162.2047244094488"/>
            <String HEIGHT="53.1496062992126" WIDTH="152.36220472440945" VPOS="2320.8661417322833" HPOS="1116.1417322834645" CONTENT="lettre" ID="tl_43_7" STYLEREFS="FONT0"/>
            <SP HEIGHT="53.1496062992126" WIDTH="15.354330708661417" VPOS="2320.8661417322833" HPOS="1268.5039370078741"/>
            <String HEIGHT="53.1496062992126" WIDTH="198.4251968503937" VPOS="2320.8661417322833" HPOS="1222.4409448818897" CONTENT="contenant" ID="tl_43_8" STYLEREFS="FONT0"/>
            <SP HEIGHT="53.1496062992126" WIDTH="15.354330708661417" VPOS="2320.8661417322833" HPOS="1420.8661417322835"/>
            <String HEIGHT="53.1496062992126" WIDTH="198.4251968503937" VPOS="2320.8661417322833" HPOS="1374.8031496062993" CONTENT="plusieurs" ID="tl_43_9" STYLEREFS="FONT0"/>
            <SP HEIGHT="53.1496062992126" WIDTH="15.354330708661417" VPOS="2320.8661417322833" HPOS="1573.2283464566929"/>
            <String HEIGHT="53.1496062992126" WIDTH="213.7795275590551" VPOS="2320.8661417322833" HPOS="1511.8110236220473" CONTENT="corrections," ID="tl_43_10" STYLEREFS="FONT0"/>
          </TextLine>
          <TextLine ID="tl_44" BASELINE="2039" HEIGHT="49.60629921259842" WIDTH="1201.1811023622047" VPOS="2358.6614173228345" HPOS="522.0472440944882">
            <String HEIGHT="49.60629921259842" WIDTH="171.25984251968504" VPOS="2358.6614173228345" HPOS="506.6929133858268" CONTENT="Boileau" ID="tl_44_1" STYLEREFS="FONT0"/>
            <SP HEIGHT="49.60629921259842" WIDTH="15.354330708661417" VPOS="2358.6614173228345" HPOS="677.9527559055118"/>
            <String HEIGHT="49.60629921259842" WIDTH="125.19685039370079" VPOS="2358.6614173228345" HPOS="630.7086614173228" CONTENT="s’en" ID="tl_44_2" STYLEREFS="FONT0"/>
            <SP HEIGHT="49.60629921259842" WIDTH="15.354330708661417" VPOS="2358.6614173228345" HPOS="755.9055118110236"/>
            <String HEIGHT="49.60629921259842" WIDTH="171.25984251968504" VPOS="2358.6614173228345" HPOS="708.6614173228346" CONTENT="excuse," ID="tl_44_3" STYLEREFS="FONT0"/>
            <SP HEIGHT="49.60629921259842" WIDTH="15.354330708661417" VPOS="2358.6614173228345" HPOS="881.1023622047244"/>
            <String HEIGHT="49.60629921259842" WIDTH="93.30708661417323" VPOS="2358.6614173228345" HPOS="833.8582677165355" CONTENT="en" ID="tl_44_4" STYLEREFS="FONT0"/>
            <SP HEIGHT="49.60629921259842" WIDTH="15.354330708661417" VPOS="2358.6614173228345" HPOS="927.1653543307086"/>
            <String HEIGHT="49.60629921259842" WIDTH="203.1496062992126" VPOS="2358.6614173228345" HPOS="881.1023622047244" CONTENT="déclarant" ID="tl_44_5" STYLEREFS="FONT0"/>
            <SP HEIGHT="49.60629921259842" WIDTH="15.354330708661417" VPOS="2358.6614173228345" HPOS="1083.0708661417323"/>
            <String HEIGHT="49.60629921259842" WIDTH="140.5511811023622" VPOS="2358.6614173228345" HPOS="1037.007874015748" CONTENT="qu’il" ID="tl_44_6" STYLEREFS="FONT0"/>
            <SP HEIGHT="49.60629921259842" WIDTH="15.354330708661417" VPOS="2358.6614173228345" HPOS="1177.5590551181103"/>
            <String HEIGHT="49.60629921259842" WIDTH="155.90551181102362" VPOS="2358.6614173228345" HPOS="1130.3149606299212" CONTENT="serait" ID="tl_44_7" STYLEREFS="FONT0"/>
            <SP HEIGHT="49.60629921259842" WIDTH="15.354330708661417" VPOS="2358.6614173228345" HPOS="1286.2204724409448"/>
            <String HEIGHT="49.60629921259842" WIDTH="125.19685039370079" VPOS="2358.6614173228345" HPOS="1240.1574803149606" CONTENT="fort" ID="tl_44_8" STYLEREFS="FONT0"/>
            <SP HEIGHT="49.60629921259842" WIDTH="15.354330708661417" VPOS="2358.6614173228345" HPOS="1364.1732283464567"/>
            <String HEIGHT="49.60629921259842" WIDTH="218.50393700787401" VPOS="2358.6614173228345" HPOS="1318.1102362204724" CONTENT="embarrassé" ID="tl_44_9" STYLEREFS="FONT0"/>
            <SP HEIGHT="49.60629921259842" WIDTH="15.354330708661417" VPOS="2358.6614173228345" HPOS="1536.6141732283465"/>
            <String HEIGHT="49.60629921259842" WIDTH="93.30708661417323" VPOS="2358.6614173228345" HPOS="1489.3700787401574" CONTENT="de" ID="tl_44_10" STYLEREFS="FONT0"/>
            <SP HEIGHT="49.60629921259842" WIDTH="15.354330708661417" VPOS="2358.6614173228345" HPOS="1582.6771653543308"/>
            <String HEIGHT="49.60629921259842" WIDTH="93.30708661417323" VPOS="2358.6614173228345" HPOS="1536.6141732283465" CONTENT="la" ID="tl_44_11" STYLEREFS="FONT0"/>
            <SP HEIGHT="49.60629921259842" WIDTH="15.354330708661417" VPOS="2358.6614173228345" HPOS="1629.9212598425197"/>
            <String HEIGHT="49.60629921259842" WIDTH="155.90551181102362" VPOS="2358.6614173228345" HPOS="1567.3228346456692" CONTENT="récrire." ID="tl_44_12" STYLEREFS="FONT0"/>
          </TextLine>
        </TextBlock>
        <TextBlock ID="r_1_15" HEIGHT="118.11023622047244" WIDTH="1280.3149606299212" VPOS="2401.181102362205" HPOS="445.2755905511811">
          <TextLine ID="tl_45" BASELINE="2092" HEIGHT="68.50393700787401" WIDTH="1277.9527559055118" VPOS="2402.3622047244094" HPOS="446.45669291338584">
            <String HEIGHT="68.50393700787401" WIDTH="157.08661417322836" VPOS="2402.3622047244094" HPOS="424.01574803149606" CONTENT="19." ID="tl_45_1" STYLEREFS="FONT0"/>
            <SP HEIGHT="68.50393700787401" WIDTH="22.440944881889763" VPOS="2402.3622047244094" HPOS="581.1023622047244"/>
            <String HEIGHT="68.50393700787401" WIDTH="201.96850393700788" VPOS="2402.3622047244094" HPOS="513.7795275590552" CONTENT="LE" ID="tl_45_2" STYLEREFS="FONT1"/>
            <SP HEIGHT="68.50393700787401" WIDTH="22.440944881889763" VPOS="2402.3622047244094" HPOS="715.7480314960629"/>
            <String HEIGHT="68.50393700787401" WIDTH="291.73228346456693" VPOS="2402.3622047244094" HPOS="648.4251968503937" CONTENT="MÊME." ID="tl_45_3" STYLEREFS="FONT1"/>
            <SP HEIGHT="68.50393700787401" WIDTH="22.440944881889763" VPOS="2402.3622047244094" HPOS="940.1574803149606"/>
            <String HEIGHT="68.50393700787401" WIDTH="134.64566929133858" VPOS="2402.3622047244094" HPOS="872.8346456692914" CONTENT="L." ID="tl_45_4" STYLEREFS="FONT0"/>
            <SP HEIGHT="68.50393700787401" WIDTH="22.440944881889763" VPOS="2402.3622047244094" HPOS="1007.4803149606299"/>
            <String HEIGHT="68.50393700787401" WIDTH="134.64566929133858" VPOS="2402.3622047244094" HPOS="940.1574803149606" CONTENT="a." ID="tl_45_5" STYLEREFS="FONT0"/>
            <SP HEIGHT="68.50393700787401" WIDTH="22.440944881889763" VPOS="2402.3622047244094" HPOS="1074.8031496062993"/>
            <String HEIGHT="68.50393700787401" WIDTH="134.64566929133858" VPOS="2402.3622047244094" HPOS="1007.4803149606299" CONTENT="s." ID="tl_45_6" STYLEREFS="FONT0"/>
            <SP HEIGHT="68.50393700787401" WIDTH="22.440944881889763" VPOS="2402.3622047244094" HPOS="1140.9448818897638"/>
            <String HEIGHT="68.50393700787401" WIDTH="134.64566929133858" VPOS="2402.3622047244094" HPOS="1074.8031496062993" CONTENT="au" ID="tl_45_7" STYLEREFS="FONT0"/>
            <SP HEIGHT="68.50393700787401" WIDTH="22.440944881889763" VPOS="2402.3622047244094" HPOS="1208.267716535433"/>
            <String HEIGHT="68.50393700787401" WIDTH="201.96850393700788" VPOS="2402.3622047244094" HPOS="1140.9448818897638" CONTENT="même;" ID="tl_45_8" STYLEREFS="FONT0"/>
            <SP HEIGHT="68.50393700787401" WIDTH="22.440944881889763" VPOS="2402.3622047244094" HPOS="1342.9133858267717"/>
            <String HEIGHT="68.50393700787401" WIDTH="224.40944881889763" VPOS="2402.3622047244094" HPOS="1275.5905511811025" CONTENT="Paris," ID="tl_45_9" STYLEREFS="FONT0"/>
            <SP HEIGHT="68.50393700787401" WIDTH="22.440944881889763" VPOS="2402.3622047244094" HPOS="1500.0"/>
            <String HEIGHT="68.50393700787401" WIDTH="112.20472440944881" VPOS="2402.3622047244094" HPOS="1432.6771653543308" CONTENT="8" ID="tl_45_10" STYLEREFS="FONT0"/>
            <SP HEIGHT="68.50393700787401" WIDTH="22.440944881889763" VPOS="2402.3622047244094" HPOS="1544.8818897637796"/>
            <String HEIGHT="68.50393700787401" WIDTH="179.5275590551181" VPOS="2402.3622047244094" HPOS="1477.5590551181103" CONTENT="août" ID="tl_45_11" STYLEREFS="FONT0"/>
            <SP HEIGHT="68.50393700787401" WIDTH="22.440944881889763" VPOS="2402.3622047244094" HPOS="1657.0866141732283"/>
            <String HEIGHT="68.50393700787401" WIDTH="157.08661417322836" VPOS="2402.3622047244094" HPOS="1567.3228346456692" CONTENT="1701," ID="tl_45_12" STYLEREFS="FONT0"/>
          </TextLine>
          <TextLine ID="tl_46" BASELINE="2132" HEIGHT="49.60629921259842" WIDTH="498.4251968503937" VPOS="2468.503937007874" HPOS="493.7007874015748">
            <String HEIGHT="49.60629921259842" WIDTH="70.86614173228347" VPOS="2468.503937007874" HPOS="479.5275590551181" CONTENT="2" ID="tl_46_1" STYLEREFS="FONT0"/>
            <SP HEIGHT="49.60629921259842" WIDTH="14.173228346456693" VPOS="2468.503937007874" HPOS="550.3937007874016"/>
            <String HEIGHT="49.60629921259842" WIDTH="85.03937007874016" VPOS="2468.503937007874" HPOS="507.87401574803147" CONTENT="p." ID="tl_46_2" STYLEREFS="FONT0"/>
            <SP HEIGHT="49.60629921259842" WIDTH="14.173228346456693" VPOS="2468.503937007874" HPOS="592.9133858267717"/>
            <String HEIGHT="49.60629921259842" WIDTH="113.38582677165354" VPOS="2468.503937007874" HPOS="550.3937007874016" CONTENT="pet." ID="tl_46_3" STYLEREFS="FONT0"/>
            <SP HEIGHT="49.60629921259842" WIDTH="14.173228346456693" VPOS="2468.503937007874" HPOS="664.9606299212599"/>
            <String HEIGHT="49.60629921259842" WIDTH="128.74015748031496" VPOS="2468.503937007874" HPOS="622.4409448818898" CONTENT="in-4." ID="tl_46_4" STYLEREFS="FONT0"/>
            <SP HEIGHT="49.60629921259842" WIDTH="14.173228346456693" VPOS="2468.503937007874" HPOS="750.0"/>
            <String HEIGHT="49.60629921259842" WIDTH="171.25984251968504" VPOS="2468.503937007874" HPOS="707.4803149606299" CONTENT="Jolie" ID="tl_46_5" STYLEREFS="FONT2"/>
            <SP HEIGHT="49.60629921259842" WIDTH="14.173228346456693" VPOS="2468.503937007874" HPOS="878.7401574803149"/>
            <String HEIGHT="49.60629921259842" WIDTH="171.25984251968504" VPOS="2468.503937007874" HPOS="820.8661417322835" CONTENT="pièce." ID="tl_46_6" STYLEREFS="FONT2"/>
          </TextLine>
        </TextBlock>
        <TextBlock ID="r_1_16" HEIGHT="203.1496062992126" WIDTH="1210.6299212598426" VPOS="2505.1181102362207" HPOS="519.6850393700787">
          <TextLine ID="tl_47" BASELINE="2169" HEIGHT="55.511811023622045" WIDTH="1168.1102362204724" VPOS="2506.299212598425" HPOS="558.6614173228346">
            <String HEIGHT="55.511811023622045" WIDTH="177.16535433070865" VPOS="2506.299212598425" HPOS="543.3070866141733" CONTENT="Relative" ID="tl_47_1" STYLEREFS="FONT0"/>
            <SP HEIGHT="55.511811023622045" WIDTH="15.354330708661417" VPOS="2506.299212598425" HPOS="721.6535433070866"/>
            <String HEIGHT="55.511811023622045" WIDTH="74.40944881889764" VPOS="2506.299212598425" HPOS="676.7716535433071" CONTENT="à" ID="tl_47_2" STYLEREFS="FONT0"/>
            <SP HEIGHT="55.511811023622045" WIDTH="15.354330708661417" VPOS="2506.299212598425" HPOS="751.1811023622047"/>
            <String HEIGHT="55.511811023622045" WIDTH="88.58267716535433" VPOS="2506.299212598425" HPOS="706.2992125984252" CONTENT="la" ID="tl_47_3" STYLEREFS="FONT0"/>
            <SP HEIGHT="55.511811023622045" WIDTH="15.354330708661417" VPOS="2506.299212598425" HPOS="794.8818897637796"/>
            <String HEIGHT="55.511811023622045" WIDTH="222.04724409448818" VPOS="2506.299212598425" HPOS="751.1811023622047" CONTENT="publication" ID="tl_47_4" STYLEREFS="FONT0"/>
            <SP HEIGHT="55.511811023622045" WIDTH="15.354330708661417" VPOS="2506.299212598425" HPOS="973.2283464566929"/>
            <String HEIGHT="55.511811023622045" WIDTH="88.58267716535433" VPOS="2506.299212598425" HPOS="928.3464566929134" CONTENT="de" ID="tl_47_5" STYLEREFS="FONT0"/>
            <SP HEIGHT="55.511811023622045" WIDTH="15.354330708661417" VPOS="2506.299212598425" HPOS="1016.9291338582677"/>
            <String HEIGHT="55.511811023622045" WIDTH="103.93700787401575" VPOS="2506.299212598425" HPOS="973.2283464566929" CONTENT="ses" ID="tl_47_6" STYLEREFS="FONT0"/>
            <SP HEIGHT="55.511811023622045" WIDTH="15.354330708661417" VPOS="2506.299212598425" HPOS="1075.984251968504"/>
            <String HEIGHT="55.511811023622045" WIDTH="251.5748031496063" VPOS="2506.299212598425" HPOS="1032.283464566929" CONTENT="Œuvres" ID="tl_47_7" STYLEREFS="FONT2"/>
            <SP HEIGHT="55.511811023622045" WIDTH="15.354330708661417" VPOS="2506.299212598425" HPOS="1282.6771653543308"/>
            <String HEIGHT="55.511811023622045" WIDTH="103.93700787401575" VPOS="2506.299212598425" HPOS="1238.976377952756" CONTENT="par" ID="tl_47_8" STYLEREFS="FONT0"/>
            <SP HEIGHT="55.511811023622045" WIDTH="15.354330708661417" VPOS="2506.299212598425" HPOS="1342.9133858267717"/>
            <String HEIGHT="55.511811023622045" WIDTH="88.58267716535433" VPOS="2506.299212598425" HPOS="1298.0314960629921" CONTENT="le" ID="tl_47_9" STYLEREFS="FONT0"/>
            <SP HEIGHT="55.511811023622045" WIDTH="15.354330708661417" VPOS="2506.299212598425" HPOS="1386.6141732283465"/>
            <String HEIGHT="55.511811023622045" WIDTH="177.16535433070865" VPOS="2506.299212598425" HPOS="1342.9133858267717" CONTENT="libraire" ID="tl_47_10" STYLEREFS="FONT0"/>
            <SP HEIGHT="55.511811023622045" WIDTH="15.354330708661417" VPOS="2506.299212598425" HPOS="1520.0787401574803"/>
            <String HEIGHT="55.511811023622045" WIDTH="192.51968503937007" VPOS="2506.299212598425" HPOS="1475.1968503937007" CONTENT="Robustel." ID="tl_47_11" STYLEREFS="FONT0"/>
            <SP HEIGHT="55.511811023622045" WIDTH="15.354330708661417" VPOS="2506.299212598425" HPOS="1667.716535433071"/>
            <String HEIGHT="55.511811023622045" WIDTH="88.58267716535433" VPOS="2506.299212598425" HPOS="1622.8346456692914" CONTENT="Il" ID="tl_47_12" STYLEREFS="FONT0"/>
            <SP HEIGHT="55.511811023622045" WIDTH="15.354330708661417" VPOS="2506.299212598425" HPOS="1711.4173228346456"/>
            <String HEIGHT="55.511811023622045" WIDTH="74.40944881889764" VPOS="2506.299212598425" HPOS="1667.716535433071" CONTENT="y" ID="tl_47_13" STYLEREFS="FONT0"/>
            <SP HEIGHT="55.511811023622045" WIDTH="15.354330708661417" VPOS="2506.299212598425" HPOS="1742.1259842519685"/>
            <String HEIGHT="55.511811023622045" WIDTH="44.881889763779526" VPOS="2506.299212598425" HPOS="1681.8897637795276" CONTENT="a" ID="tl_47_14" STYLEREFS="FONT0"/>
          </TextLine>
          <TextLine ID="tl_48" BASELINE="2197" HEIGHT="51.968503937007874" WIDTH="1205.9055118110236" VPOS="2542.9133858267714" HPOS="523.2283464566929">
            <String HEIGHT="51.968503937007874" WIDTH="115.74803149606299" VPOS="2542.9133858267714" HPOS="506.6929133858268" CONTENT="une" ID="tl_48_1" STYLEREFS="FONT0"/>
            <SP HEIGHT="51.968503937007874" WIDTH="16.53543307086614" VPOS="2542.9133858267714" HPOS="622.4409448818898"/>
            <String HEIGHT="51.968503937007874" WIDTH="181.88976377952756" VPOS="2542.9133858267714" HPOS="572.8346456692914" CONTENT="édition" ID="tl_48_2" STYLEREFS="FONT0"/>
            <SP HEIGHT="51.968503937007874" WIDTH="16.53543307086614" VPOS="2542.9133858267714" HPOS="754.7244094488188"/>
            <String HEIGHT="51.968503937007874" WIDTH="99.21259842519684" VPOS="2542.9133858267714" HPOS="705.1181102362204" CONTENT="en" ID="tl_48_3" STYLEREFS="FONT0"/>
            <SP HEIGHT="51.968503937007874" WIDTH="16.53543307086614" VPOS="2542.9133858267714" HPOS="804.3307086614174"/>
            <String HEIGHT="51.968503937007874" WIDTH="148.8188976377953" VPOS="2542.9133858267714" HPOS="754.7244094488188" CONTENT="grand" ID="tl_48_4" STYLEREFS="FONT0"/>
            <SP HEIGHT="51.968503937007874" WIDTH="16.53543307086614" VPOS="2542.9133858267714" HPOS="903.5433070866142"/>
            <String HEIGHT="51.968503937007874" WIDTH="99.21259842519684" VPOS="2542.9133858267714" HPOS="853.9370078740158" CONTENT="et" ID="tl_48_5" STYLEREFS="FONT0"/>
            <SP HEIGHT="51.968503937007874" WIDTH="16.53543307086614" VPOS="2542.9133858267714" HPOS="953.1496062992126"/>
            <String HEIGHT="51.968503937007874" WIDTH="115.74803149606299" VPOS="2542.9133858267714" HPOS="903.5433070866142" CONTENT="une" ID="tl_48_6" STYLEREFS="FONT0"/>
            <SP HEIGHT="51.968503937007874" WIDTH="16.53543307086614" VPOS="2542.9133858267714" HPOS="1019.2913385826772"/>
            <String HEIGHT="51.968503937007874" WIDTH="181.88976377952756" VPOS="2542.9133858267714" HPOS="969.6850393700787" CONTENT="édition" ID="tl_48_7" STYLEREFS="FONT0"/>
            <SP HEIGHT="51.968503937007874" WIDTH="16.53543307086614" VPOS="2542.9133858267714" HPOS="1150.3937007874015"/>
            <String HEIGHT="51.968503937007874" WIDTH="99.21259842519684" VPOS="2542.9133858267714" HPOS="1101.9685039370079" CONTENT="en" ID="tl_48_8" STYLEREFS="FONT0"/>
            <SP HEIGHT="51.968503937007874" WIDTH="16.53543307086614" VPOS="2542.9133858267714" HPOS="1200.0"/>
            <String HEIGHT="51.968503937007874" WIDTH="165.35433070866142" VPOS="2542.9133858267714" HPOS="1150.3937007874015" CONTENT="petit." ID="tl_48_9" STYLEREFS="FONT0"/>
            <SP HEIGHT="51.968503937007874" WIDTH="16.53543307086614" VPOS="2542.9133858267714" HPOS="1315.748031496063"/>
            <String HEIGHT="51.968503937007874" WIDTH="99.21259842519684" VPOS="2542.9133858267714" HPOS="1266.1417322834645" CONTENT="On" ID="tl_48_10" STYLEREFS="FONT0"/>
            <SP HEIGHT="51.968503937007874" WIDTH="16.53543307086614" VPOS="2542.9133858267714" HPOS="1365.3543307086613"/>
            <String HEIGHT="51.968503937007874" WIDTH="82.67716535433071" VPOS="2542.9133858267714" HPOS="1315.748031496063" CONTENT="a" ID="tl_48_11" STYLEREFS="FONT0"/>
            <SP HEIGHT="51.968503937007874" WIDTH="16.53543307086614" VPOS="2542.9133858267714" HPOS="1398.4251968503936"/>
            <String HEIGHT="51.968503937007874" WIDTH="181.88976377952756" VPOS="2542.9133858267714" HPOS="1348.8188976377953" CONTENT="d’abord" ID="tl_48_12" STYLEREFS="FONT0"/>
            <SP HEIGHT="51.968503937007874" WIDTH="16.53543307086614" VPOS="2542.9133858267714" HPOS="1530.708661417323"/>
            <String HEIGHT="51.968503937007874" WIDTH="165.35433070866142" VPOS="2542.9133858267714" HPOS="1481.1023622047244" CONTENT="débité" ID="tl_48_13" STYLEREFS="FONT0"/>
            <SP HEIGHT="51.968503937007874" WIDTH="16.53543307086614" VPOS="2542.9133858267714" HPOS="1646.4566929133857"/>
            <String HEIGHT="51.968503937007874" WIDTH="99.21259842519684" VPOS="2542.9133858267714" HPOS="1596.8503937007874" CONTENT="la" ID="tl_48_14" STYLEREFS="FONT0"/>
            <SP HEIGHT="51.968503937007874" WIDTH="16.53543307086614" VPOS="2542.9133858267714" HPOS="1696.0629921259842"/>
            <String HEIGHT="51.968503937007874" WIDTH="99.21259842519684" VPOS="2542.9133858267714" HPOS="1629.9212598425197" CONTENT="pre" SUBS_TYPE="HypPart1" SUBS_CONTENT="première," ID="tl_48_15" STYLEREFS="FONT0"/>
            <HYP CONTENT="-"/>
          </TextLine>
          <TextLine ID="tl_49" BASELINE="2230" HEIGHT="53.1496062992126" WIDTH="1205.9055118110236" VPOS="2580.7086614173227" HPOS="522.0472440944882">
            <String HEIGHT="53.1496062992126" WIDTH="160.62992125984252" VPOS="2580.7086614173227" HPOS="505.51181102362204" CONTENT="mière," SUBS_TYPE="HypPart2" SUBS_CONTENT="première," ID="tl_49_1" STYLEREFS="FONT0"/>
            <SP HEIGHT="53.1496062992126" WIDTH="16.53543307086614" VPOS="2580.7086614173227" HPOS="667.3228346456693"/>
            <String HEIGHT="53.1496062992126" WIDTH="112.20472440944881" VPOS="2580.7086614173227" HPOS="618.8976377952756" CONTENT="qui" ID="tl_49_2" STYLEREFS="FONT0"/>
            <SP HEIGHT="53.1496062992126" WIDTH="16.53543307086614" VPOS="2580.7086614173227" HPOS="731.1023622047244"/>
            <String HEIGHT="53.1496062992126" WIDTH="112.20472440944881" VPOS="2580.7086614173227" HPOS="682.6771653543307" CONTENT="est" ID="tl_49_3" STYLEREFS="FONT0"/>
            <SP HEIGHT="53.1496062992126" WIDTH="16.53543307086614" VPOS="2580.7086614173227" HPOS="794.8818897637796"/>
            <String HEIGHT="53.1496062992126" WIDTH="96.85039370078741" VPOS="2580.7086614173227" HPOS="747.6377952755905" CONTENT="au" ID="tl_49_4" STYLEREFS="FONT0"/>
            <SP HEIGHT="53.1496062992126" WIDTH="16.53543307086614" VPOS="2580.7086614173227" HPOS="843.3070866141733"/>
            <String HEIGHT="53.1496062992126" WIDTH="145.2755905511811" VPOS="2580.7086614173227" HPOS="794.8818897637796" CONTENT="moins" ID="tl_49_5" STYLEREFS="FONT0"/>
            <SP HEIGHT="53.1496062992126" WIDTH="16.53543307086614" VPOS="2580.7086614173227" HPOS="940.1574803149606"/>
            <String HEIGHT="53.1496062992126" WIDTH="96.85039370078741" VPOS="2580.7086614173227" HPOS="891.7322834645669" CONTENT="la" ID="tl_49_6" STYLEREFS="FONT0"/>
            <SP HEIGHT="53.1496062992126" WIDTH="16.53543307086614" VPOS="2580.7086614173227" HPOS="988.5826771653543"/>
            <String HEIGHT="53.1496062992126" WIDTH="257.4803149606299" VPOS="2580.7086614173227" HPOS="940.1574803149606" CONTENT="quarantième," ID="tl_49_7" STYLEREFS="FONT0"/>
            <SP HEIGHT="53.1496062992126" WIDTH="16.53543307086614" VPOS="2580.7086614173227" HPOS="1197.6377952755906"/>
            <String HEIGHT="53.1496062992126" WIDTH="96.85039370078741" VPOS="2580.7086614173227" HPOS="1149.2125984251968" CONTENT="et" ID="tl_49_8" STYLEREFS="FONT0"/>
            <SP HEIGHT="53.1496062992126" WIDTH="16.53543307086614" VPOS="2580.7086614173227" HPOS="1246.0629921259842"/>
            <String HEIGHT="53.1496062992126" WIDTH="112.20472440944881" VPOS="2580.7086614173227" HPOS="1197.6377952755906" CONTENT="qui" ID="tl_49_9" STYLEREFS="FONT0"/>
            <SP HEIGHT="53.1496062992126" WIDTH="16.53543307086614" VPOS="2580.7086614173227" HPOS="1309.8425196850394"/>
            <String HEIGHT="53.1496062992126" WIDTH="209.0551181102362" VPOS="2580.7086614173227" HPOS="1261.4173228346456" CONTENT="deviendra" ID="tl_49_10" STYLEREFS="FONT0"/>
            <SP HEIGHT="53.1496062992126" WIDTH="16.53543307086614" VPOS="2580.7086614173227" HPOS="1470.4724409448818"/>
            <String HEIGHT="53.1496062992126" WIDTH="128.74015748031496" VPOS="2580.7086614173227" HPOS="1422.0472440944882" CONTENT="fort" ID="tl_49_11" STYLEREFS="FONT0"/>
            <SP HEIGHT="53.1496062992126" WIDTH="16.53543307086614" VPOS="2580.7086614173227" HPOS="1550.7874015748032"/>
            <String HEIGHT="53.1496062992126" WIDTH="145.2755905511811" VPOS="2580.7086614173227" HPOS="1502.3622047244094" CONTENT="rare." ID="tl_49_12" STYLEREFS="FONT0"/>
            <SP HEIGHT="53.1496062992126" WIDTH="16.53543307086614" VPOS="2580.7086614173227" HPOS="1647.6377952755906"/>
            <String HEIGHT="53.1496062992126" WIDTH="80.31496062992126" VPOS="2580.7086614173227" HPOS="1599.2125984251968" CONTENT="—" ID="tl_49_13" STYLEREFS="FONT0"/>
            <SP HEIGHT="53.1496062992126" WIDTH="16.53543307086614" VPOS="2580.7086614173227" HPOS="1679.5275590551182"/>
            <String HEIGHT="53.1496062992126" WIDTH="96.85039370078741" VPOS="2580.7086614173227" HPOS="1631.1023622047244" CONTENT="Il" ID="tl_49_14" STYLEREFS="FONT0"/>
            <SP HEIGHT="53.1496062992126" WIDTH="16.53543307086614" VPOS="2580.7086614173227" HPOS="1727.9527559055118"/>
            <String HEIGHT="53.1496062992126" WIDTH="63.77952755905512" VPOS="2580.7086614173227" HPOS="1664.1732283464567" CONTENT="ne" ID="tl_49_15" STYLEREFS="FONT0"/>
          </TextLine>
          <TextLine ID="tl_50" BASELINE="2262" HEIGHT="53.1496062992126" WIDTH="1207.0866141732283" VPOS="2618.503937007874" HPOS="520.8661417322835">
            <String HEIGHT="53.1496062992126" WIDTH="118.11023622047244" VPOS="2618.503937007874" HPOS="506.6929133858268" CONTENT="sait" ID="tl_50_1" STYLEREFS="FONT0"/>
            <SP HEIGHT="53.1496062992126" WIDTH="14.173228346456693" VPOS="2618.503937007874" HPOS="623.6220472440945"/>
            <String HEIGHT="53.1496062992126" WIDTH="88.58267716535433" VPOS="2618.503937007874" HPOS="579.9212598425197" CONTENT="si" ID="tl_50_2" STYLEREFS="FONT0"/>
            <SP HEIGHT="53.1496062992126" WIDTH="14.173228346456693" VPOS="2618.503937007874" HPOS="668.503937007874"/>
            <String HEIGHT="53.1496062992126" WIDTH="102.75590551181102" VPOS="2618.503937007874" HPOS="623.6220472440945" CONTENT="les" ID="tl_50_3" STYLEREFS="FONT0"/>
            <SP HEIGHT="53.1496062992126" WIDTH="14.173228346456693" VPOS="2618.503937007874" HPOS="726.3779527559055"/>
            <String HEIGHT="53.1496062992126" WIDTH="132.28346456692913" VPOS="2618.503937007874" HPOS="682.6771653543307" CONTENT="trois" ID="tl_50_4" STYLEREFS="FONT0"/>
            <SP HEIGHT="53.1496062992126" WIDTH="14.173228346456693" VPOS="2618.503937007874" HPOS="814.9606299212599"/>
            <String HEIGHT="53.1496062992126" WIDTH="177.16535433070865" VPOS="2618.503937007874" HPOS="771.2598425196851" CONTENT="pistoles" ID="tl_50_5" STYLEREFS="FONT0"/>
            <SP HEIGHT="53.1496062992126" WIDTH="14.173228346456693" VPOS="2618.503937007874" HPOS="947.2440944881889"/>
            <String HEIGHT="53.1496062992126" WIDTH="102.75590551181102" VPOS="2618.503937007874" HPOS="903.5433070866142" CONTENT="que" ID="tl_50_6" STYLEREFS="FONT0"/>
            <SP HEIGHT="53.1496062992126" WIDTH="14.173228346456693" VPOS="2618.503937007874" HPOS="1006.2992125984252"/>
            <String HEIGHT="53.1496062992126" WIDTH="191.33858267716536" VPOS="2618.503937007874" HPOS="962.5984251968504" CONTENT="Brossette" ID="tl_50_7" STYLEREFS="FONT0"/>
            <SP HEIGHT="53.1496062992126" WIDTH="14.173228346456693" VPOS="2618.503937007874" HPOS="1153.9370078740158"/>
            <String HEIGHT="53.1496062992126" WIDTH="73.22834645669292" VPOS="2618.503937007874" HPOS="1110.236220472441" CONTENT="a" ID="tl_50_8" STYLEREFS="FONT0"/>
            <SP HEIGHT="53.1496062992126" WIDTH="14.173228346456693" VPOS="2618.503937007874" HPOS="1183.4645669291338"/>
            <String HEIGHT="53.1496062992126" WIDTH="132.28346456692913" VPOS="2618.503937007874" HPOS="1138.5826771653544" CONTENT="mises" ID="tl_50_9" STYLEREFS="FONT0"/>
            <SP HEIGHT="53.1496062992126" WIDTH="14.173228346456693" VPOS="2618.503937007874" HPOS="1272.0472440944882"/>
            <String HEIGHT="53.1496062992126" WIDTH="118.11023622047244" VPOS="2618.503937007874" HPOS="1227.1653543307086" CONTENT="pour" ID="tl_50_10" STYLEREFS="FONT0"/>
            <SP HEIGHT="53.1496062992126" WIDTH="14.173228346456693" VPOS="2618.503937007874" HPOS="1345.275590551181"/>
            <String HEIGHT="53.1496062992126" WIDTH="102.75590551181102" VPOS="2618.503937007874" HPOS="1301.5748031496064" CONTENT="lui" ID="tl_50_11" STYLEREFS="FONT0"/>
            <SP HEIGHT="53.1496062992126" WIDTH="14.173228346456693" VPOS="2618.503937007874" HPOS="1404.3307086614172"/>
            <String HEIGHT="53.1496062992126" WIDTH="73.22834645669292" VPOS="2618.503937007874" HPOS="1359.4488188976377" CONTENT="à" ID="tl_50_12" STYLEREFS="FONT0"/>
            <SP HEIGHT="53.1496062992126" WIDTH="14.173228346456693" VPOS="2618.503937007874" HPOS="1433.8582677165355"/>
            <String HEIGHT="53.1496062992126" WIDTH="88.58267716535433" VPOS="2618.503937007874" HPOS="1388.976377952756" CONTENT="la" ID="tl_50_13" STYLEREFS="FONT0"/>
            <SP HEIGHT="53.1496062992126" WIDTH="14.173228346456693" VPOS="2618.503937007874" HPOS="1477.5590551181103"/>
            <String HEIGHT="53.1496062992126" WIDTH="161.81102362204723" VPOS="2618.503937007874" HPOS="1433.8582677165355" CONTENT="loterie" ID="tl_50_14" STYLEREFS="FONT0"/>
            <SP HEIGHT="53.1496062992126" WIDTH="14.173228346456693" VPOS="2618.503937007874" HPOS="1595.6692913385828"/>
            <String HEIGHT="53.1496062992126" WIDTH="88.58267716535433" VPOS="2618.503937007874" HPOS="1550.7874015748032" CONTENT="ne" ID="tl_50_15" STYLEREFS="FONT0"/>
            <SP HEIGHT="53.1496062992126" WIDTH="14.173228346456693" VPOS="2618.503937007874" HPOS="1639.3700787401574"/>
            <String HEIGHT="53.1496062992126" WIDTH="118.11023622047244" VPOS="2618.503937007874" HPOS="1595.6692913385828" CONTENT="sont" ID="tl_50_16" STYLEREFS="FONT0"/>
            <SP HEIGHT="53.1496062992126" WIDTH="14.173228346456693" VPOS="2618.503937007874" HPOS="1713.7795275590552"/>
            <String HEIGHT="53.1496062992126" WIDTH="73.22834645669292" VPOS="2618.503937007874" HPOS="1654.724409448819" CONTENT="pas" ID="tl_50_17" STYLEREFS="FONT0"/>
          </TextLine>
          <TextLine ID="tl_51" BASELINE="2292" HEIGHT="35.43307086614173" WIDTH="244.48818897637796" VPOS="2671.6535433070867" HPOS="520.8661417322835">
            <String HEIGHT="35.43307086614173" WIDTH="129.92125984251967" VPOS="2671.6535433070867" HPOS="506.6929133858268" CONTENT="trois" ID="tl_51_1" STYLEREFS="FONT0"/>
            <SP HEIGHT="35.43307086614173" WIDTH="14.173228346456693" VPOS="2671.6535433070867" HPOS="635.4330708661417"/>
            <String HEIGHT="35.43307086614173" WIDTH="129.92125984251967" VPOS="2671.6535433070867" HPOS="592.9133858267717" CONTENT="louis" ID="tl_51_2" STYLEREFS="FONT0"/>
            <SP HEIGHT="35.43307086614173" WIDTH="14.173228346456693" VPOS="2671.6535433070867" HPOS="721.6535433070866"/>
            <String HEIGHT="35.43307086614173" WIDTH="100.39370078740157" VPOS="2671.6535433070867" HPOS="664.9606299212599" CONTENT="d'or." ID="tl_51_3" STYLEREFS="FONT0"/>
          </TextLine>
        </TextBlock>
        <TextBlock ID="r_1_17" HEIGHT="125.19685039370079" WIDTH="1283.8582677165355" VPOS="2702.3622047244094" HPOS="445.2755905511811">
          <TextLine ID="tl_52" BASELINE="2349" HEIGHT="70.86614173228347" WIDTH="1281.4960629921259" VPOS="2703.5433070866143" HPOS="446.45669291338584">
            <String HEIGHT="70.86614173228347" WIDTH="154.7244094488189" VPOS="2703.5433070866143" HPOS="424.01574803149606" CONTENT="20." ID="tl_52_1" STYLEREFS="FONT0"/>
            <SP HEIGHT="70.86614173228347" WIDTH="22.440944881889763" VPOS="2703.5433070866143" HPOS="578.7401574803149"/>
            <String HEIGHT="70.86614173228347" WIDTH="198.4251968503937" VPOS="2703.5433070866143" HPOS="512.5984251968504" CONTENT="LE" ID="tl_52_2" STYLEREFS="FONT1"/>
            <SP HEIGHT="70.86614173228347" WIDTH="22.440944881889763" VPOS="2703.5433070866143" HPOS="711.0236220472441"/>
            <String HEIGHT="70.86614173228347" WIDTH="287.00787401574803" VPOS="2703.5433070866143" HPOS="644.8818897637796" CONTENT="MÊME." ID="tl_52_3" STYLEREFS="FONT1"/>
            <SP HEIGHT="70.86614173228347" WIDTH="22.440944881889763" VPOS="2703.5433070866143" HPOS="933.0708661417323"/>
            <String HEIGHT="70.86614173228347" WIDTH="132.28346456692913" VPOS="2703.5433070866143" HPOS="865.7480314960629" CONTENT="L." ID="tl_52_4" STYLEREFS="FONT0"/>
            <SP HEIGHT="70.86614173228347" WIDTH="22.440944881889763" VPOS="2703.5433070866143" HPOS="999.2125984251968"/>
            <String HEIGHT="70.86614173228347" WIDTH="132.28346456692913" VPOS="2703.5433070866143" HPOS="933.0708661417323" CONTENT="a." ID="tl_52_5" STYLEREFS="FONT0"/>
            <SP HEIGHT="70.86614173228347" WIDTH="22.440944881889763" VPOS="2703.5433070866143" HPOS="1065.3543307086613"/>
            <String HEIGHT="70.86614173228347" WIDTH="132.28346456692913" VPOS="2703.5433070866143" HPOS="999.2125984251968" CONTENT="s." ID="tl_52_6" STYLEREFS="FONT0"/>
            <SP HEIGHT="70.86614173228347" WIDTH="22.440944881889763" VPOS="2703.5433070866143" HPOS="1131.4960629921259"/>
            <String HEIGHT="70.86614173228347" WIDTH="132.28346456692913" VPOS="2703.5433070866143" HPOS="1065.3543307086613" CONTENT="au" ID="tl_52_7" STYLEREFS="FONT0"/>
            <SP HEIGHT="70.86614173228347" WIDTH="22.440944881889763" VPOS="2703.5433070866143" HPOS="1197.6377952755906"/>
            <String HEIGHT="70.86614173228347" WIDTH="198.4251968503937" VPOS="2703.5433070866143" HPOS="1131.4960629921259" CONTENT="même;" ID="tl_52_8" STYLEREFS="FONT0"/>
            <SP HEIGHT="70.86614173228347" WIDTH="22.440944881889763" VPOS="2703.5433070866143" HPOS="1329.9212598425197"/>
            <String HEIGHT="70.86614173228347" WIDTH="220.86614173228347" VPOS="2703.5433070866143" HPOS="1263.7795275590552" CONTENT="Paris," ID="tl_52_9" STYLEREFS="FONT0"/>
            <SP HEIGHT="70.86614173228347" WIDTH="22.440944881889763" VPOS="2703.5433070866143" HPOS="1484.6456692913387"/>
            <String HEIGHT="70.86614173228347" WIDTH="111.02362204724409" VPOS="2703.5433070866143" HPOS="1418.5039370078741" CONTENT="9" ID="tl_52_10" STYLEREFS="FONT0"/>
            <SP HEIGHT="70.86614173228347" WIDTH="22.440944881889763" VPOS="2703.5433070866143" HPOS="1529.5275590551182"/>
            <String HEIGHT="70.86614173228347" WIDTH="198.4251968503937" VPOS="2703.5433070866143" HPOS="1463.3858267716535" CONTENT="janv." ID="tl_52_11" STYLEREFS="FONT0"/>
            <SP HEIGHT="70.86614173228347" WIDTH="22.440944881889763" VPOS="2703.5433070866143" HPOS="1661.8110236220473"/>
            <String HEIGHT="70.86614173228347" WIDTH="154.7244094488189" VPOS="2703.5433070866143" HPOS="1573.2283464566929" CONTENT="1705," ID="tl_52_12" STYLEREFS="FONT0"/>
          </TextLine>
          <TextLine ID="tl_53" BASELINE="2393" HEIGHT="56.69291338582677" WIDTH="543.3070866141733" VPOS="2769.685039370079" HPOS="492.5196850393701">
            <String HEIGHT="56.69291338582677" WIDTH="100.39370078740157" VPOS="2769.685039370079" HPOS="472.4409448818898" CONTENT="2" ID="tl_53_1" STYLEREFS="FONT0"/>
            <SP HEIGHT="56.69291338582677" WIDTH="20.078740157480315" VPOS="2769.685039370079" HPOS="572.8346456692914"/>
            <String HEIGHT="56.69291338582677" WIDTH="120.4724409448819" VPOS="2769.685039370079" HPOS="512.5984251968504" CONTENT="p." ID="tl_53_2" STYLEREFS="FONT0"/>
            <SP HEIGHT="56.69291338582677" WIDTH="20.078740157480315" VPOS="2769.685039370079" HPOS="633.0708661417323"/>
            <String HEIGHT="56.69291338582677" WIDTH="180.70866141732284" VPOS="2769.685039370079" HPOS="572.8346456692914" CONTENT="in-8," ID="tl_53_3" STYLEREFS="FONT0"/>
            <SP HEIGHT="56.69291338582677" WIDTH="20.078740157480315" VPOS="2769.685039370079" HPOS="753.5433070866142"/>
            <String HEIGHT="56.69291338582677" WIDTH="180.70866141732284" VPOS="2769.685039370079" HPOS="693.3070866141733" CONTENT="trace" ID="tl_53_4" STYLEREFS="FONT0"/>
            <SP HEIGHT="56.69291338582677" WIDTH="20.078740157480315" VPOS="2769.685039370079" HPOS="875.1968503937007"/>
            <String HEIGHT="56.69291338582677" WIDTH="120.4724409448819" VPOS="2769.685039370079" HPOS="814.9606299212599" CONTENT="de" ID="tl_53_5" STYLEREFS="FONT0"/>
            <SP HEIGHT="56.69291338582677" WIDTH="20.078740157480315" VPOS="2769.685039370079" HPOS="935.4330708661417"/>
            <String HEIGHT="56.69291338582677" WIDTH="180.70866141732284" VPOS="2769.685039370079" HPOS="855.1181102362204" CONTENT="cachet." ID="tl_53_6" STYLEREFS="FONT0"/>
          </TextLine>
        </TextBlock>
        <TextBlock ID="r_1_18" HEIGHT="105.11811023622047" WIDTH="1210.6299212598426" VPOS="2798.031496062992" HPOS="522.0472440944882">
          <TextLine ID="tl_54" BASELINE="2424" HEIGHT="63.77952755905512" WIDTH="1170.4724409448818" VPOS="2799.212598425197" HPOS="561.0236220472441">
            <String HEIGHT="63.77952755905512" WIDTH="197.24409448818898" VPOS="2799.212598425197" HPOS="544.488188976378" CONTENT="Relative" ID="tl_54_1" STYLEREFS="FONT0"/>
            <SP HEIGHT="63.77952755905512" WIDTH="16.53543307086614" VPOS="2799.212598425197" HPOS="742.9133858267717"/>
            <String HEIGHT="63.77952755905512" WIDTH="82.67716535433071" VPOS="2799.212598425197" HPOS="693.3070866141733" CONTENT="à" ID="tl_54_2" STYLEREFS="FONT0"/>
            <SP HEIGHT="63.77952755905512" WIDTH="16.53543307086614" VPOS="2799.212598425197" HPOS="774.8031496062993"/>
            <String HEIGHT="63.77952755905512" WIDTH="115.74803149606299" VPOS="2799.212598425197" HPOS="726.3779527559055" CONTENT="son" ID="tl_54_3" STYLEREFS="FONT0"/>
            <SP HEIGHT="63.77952755905512" WIDTH="16.53543307086614" VPOS="2799.212598425197" HPOS="840.9448818897638"/>
            <String HEIGHT="63.77952755905512" WIDTH="197.24409448818898" VPOS="2799.212598425197" HPOS="791.3385826771654" CONTENT="portrait" ID="tl_54_4" STYLEREFS="FONT0"/>
            <SP HEIGHT="63.77952755905512" WIDTH="16.53543307086614" VPOS="2799.212598425197" HPOS="989.7637795275591"/>
            <String HEIGHT="63.77952755905512" WIDTH="148.8188976377953" VPOS="2799.212598425197" HPOS="940.1574803149606" CONTENT="gravé" ID="tl_54_5" STYLEREFS="FONT0"/>
            <SP HEIGHT="63.77952755905512" WIDTH="16.53543307086614" VPOS="2799.212598425197" HPOS="1088.976377952756"/>
            <String HEIGHT="63.77952755905512" WIDTH="132.28346456692913" VPOS="2799.212598425197" HPOS="1039.3700787401574" CONTENT="(par" ID="tl_54_6" STYLEREFS="FONT0"/>
            <SP HEIGHT="63.77952755905512" WIDTH="16.53543307086614" VPOS="2799.212598425197" HPOS="1170.4724409448818"/>
            <String HEIGHT="63.77952755905512" WIDTH="197.24409448818898" VPOS="2799.212598425197" HPOS="1122.0472440944882" CONTENT="Drevet)," ID="tl_54_7" STYLEREFS="FONT0"/>
            <SP HEIGHT="63.77952755905512" WIDTH="16.53543307086614" VPOS="2799.212598425197" HPOS="1319.291338582677"/>
            <String HEIGHT="63.77952755905512" WIDTH="115.74803149606299" VPOS="2799.212598425197" HPOS="1269.6850393700788" CONTENT="que" ID="tl_54_8" STYLEREFS="FONT0"/>
            <SP HEIGHT="63.77952755905512" WIDTH="16.53543307086614" VPOS="2799.212598425197" HPOS="1385.4330708661416"/>
            <String HEIGHT="63.77952755905512" WIDTH="165.35433070866142" VPOS="2799.212598425197" HPOS="1335.8267716535433" CONTENT="désire" ID="tl_54_9" STYLEREFS="FONT0"/>
            <SP HEIGHT="63.77952755905512" WIDTH="16.53543307086614" VPOS="2799.212598425197" HPOS="1501.1811023622047"/>
            <String HEIGHT="63.77952755905512" WIDTH="230.31496062992127" VPOS="2799.212598425197" HPOS="1451.5748031496064" CONTENT="Brossette." ID="tl_54_10" STYLEREFS="FONT0"/>
            <SP HEIGHT="63.77952755905512" WIDTH="16.53543307086614" VPOS="2799.212598425197" HPOS="1681.8897637795276"/>
            <String HEIGHT="63.77952755905512" WIDTH="99.21259842519684" VPOS="2799.212598425197" HPOS="1632.283464566929" CONTENT="Il" ID="tl_54_11" STYLEREFS="FONT0"/>
            <SP HEIGHT="63.77952755905512" WIDTH="16.53543307086614" VPOS="2799.212598425197" HPOS="1731.4960629921259"/>
            <String HEIGHT="63.77952755905512" WIDTH="66.14173228346456" VPOS="2799.212598425197" HPOS="1665.3543307086613" CONTENT="en" ID="tl_54_12" STYLEREFS="FONT0"/>
          </TextLine>
          <TextLine ID="tl_55" BASELINE="2457" HEIGHT="53.1496062992126" WIDTH="1205.9055118110236" VPOS="2848.818897637795" HPOS="523.2283464566929">
            <String HEIGHT="53.1496062992126" WIDTH="145.2755905511811" VPOS="2848.818897637795" HPOS="506.6929133858268" CONTENT="donne" ID="tl_55_1" STYLEREFS="FONT0"/>
            <SP HEIGHT="53.1496062992126" WIDTH="16.53543307086614" VPOS="2848.818897637795" HPOS="651.9685039370079"/>
            <String HEIGHT="53.1496062992126" WIDTH="96.85039370078741" VPOS="2848.818897637795" HPOS="603.5433070866142" CONTENT="la" ID="tl_55_2" STYLEREFS="FONT0"/>
            <SP HEIGHT="53.1496062992126" WIDTH="16.53543307086614" VPOS="2848.818897637795" HPOS="700.3937007874016"/>
            <String HEIGHT="53.1496062992126" WIDTH="192.51968503937007" VPOS="2848.818897637795" HPOS="651.9685039370079" CONTENT="légende," ID="tl_55_3" STYLEREFS="FONT0"/>
            <SP HEIGHT="53.1496062992126" WIDTH="16.53543307086614" VPOS="2848.818897637795" HPOS="844.488188976378"/>
            <String HEIGHT="53.1496062992126" WIDTH="96.85039370078741" VPOS="2848.818897637795" HPOS="796.0629921259842" CONTENT="où" ID="tl_55_4" STYLEREFS="FONT0"/>
            <SP HEIGHT="53.1496062992126" WIDTH="16.53543307086614" VPOS="2848.818897637795" HPOS="892.9133858267717"/>
            <String HEIGHT="53.1496062992126" WIDTH="96.85039370078741" VPOS="2848.818897637795" HPOS="844.488188976378" CONTENT="on" ID="tl_55_5" STYLEREFS="FONT0"/>
            <SP HEIGHT="53.1496062992126" WIDTH="16.53543307086614" VPOS="2848.818897637795" HPOS="941.3385826771654"/>
            <String HEIGHT="53.1496062992126" WIDTH="112.20472440944881" VPOS="2848.818897637795" HPOS="892.9133858267717" CONTENT="lui" ID="tl_55_6" STYLEREFS="FONT0"/>
            <SP HEIGHT="53.1496062992126" WIDTH="16.53543307086614" VPOS="2848.818897637795" HPOS="1005.1181102362204"/>
            <String HEIGHT="53.1496062992126" WIDTH="145.2755905511811" VPOS="2848.818897637795" HPOS="957.8740157480315" CONTENT="faire" ID="tl_55_7" STYLEREFS="FONT0"/>
            <SP HEIGHT="53.1496062992126" WIDTH="16.53543307086614" VPOS="2848.818897637795" HPOS="1101.9685039370079"/>
            <String HEIGHT="53.1496062992126" WIDTH="128.74015748031496" VPOS="2848.818897637795" HPOS="1053.5433070866143" CONTENT="dire" ID="tl_55_8" STYLEREFS="FONT0"/>
            <SP HEIGHT="53.1496062992126" WIDTH="16.53543307086614" VPOS="2848.818897637795" HPOS="1182.283464566929"/>
            <String HEIGHT="53.1496062992126" WIDTH="112.20472440944881" VPOS="2848.818897637795" HPOS="1133.8582677165355" CONTENT="ces" ID="tl_55_9" STYLEREFS="FONT0"/>
            <SP HEIGHT="53.1496062992126" WIDTH="16.53543307086614" VPOS="2848.818897637795" HPOS="1247.244094488189"/>
            <String HEIGHT="53.1496062992126" WIDTH="160.62992125984252" VPOS="2848.818897637795" HPOS="1198.8188976377953" CONTENT="choses" ID="tl_55_10" STYLEREFS="FONT0"/>
            <SP HEIGHT="53.1496062992126" WIDTH="16.53543307086614" VPOS="2848.818897637795" HPOS="1359.4488188976377"/>
            <String HEIGHT="53.1496062992126" WIDTH="145.2755905511811" VPOS="2848.818897637795" HPOS="1311.023622047244" CONTENT="qu'il" ID="tl_55_11" STYLEREFS="FONT0"/>
            <SP HEIGHT="53.1496062992126" WIDTH="16.53543307086614" VPOS="2848.818897637795" HPOS="1456.2992125984251"/>
            <String HEIGHT="53.1496062992126" WIDTH="112.20472440944881" VPOS="2848.818897637795" HPOS="1407.8740157480315" CONTENT="n'a" ID="tl_55_12" STYLEREFS="FONT0"/>
            <SP HEIGHT="53.1496062992126" WIDTH="16.53543307086614" VPOS="2848.818897637795" HPOS="1520.0787401574803"/>
            <String HEIGHT="53.1496062992126" WIDTH="160.62992125984252" VPOS="2848.818897637795" HPOS="1471.6535433070867" CONTENT="jamais" ID="tl_55_13" STYLEREFS="FONT0"/>
            <SP HEIGHT="53.1496062992126" WIDTH="16.53543307086614" VPOS="2848.818897637795" HPOS="1632.283464566929"/>
            <String HEIGHT="53.1496062992126" WIDTH="160.62992125984252" VPOS="2848.818897637795" HPOS="1568.5039370078741" CONTENT="pensées:" ID="tl_55_14" STYLEREFS="FONT0"/>
          </TextLine>
        </TextBlock>
        <GraphicalElement ID="r_2" HEIGHT="8.26771653543307" WIDTH="148.8188976377953" VPOS="86.22047244094489" HPOS="520.8661417322835"/>
        <GraphicalElement ID="r_3" HEIGHT="25.984251968503937" WIDTH="601.1811023622047" VPOS="3250.3937007874015" HPOS="1456.2992125984251"/>
        <GraphicalElement ID="r_4" HEIGHT="12.992125984251969" WIDTH="581.1023622047244" VPOS="3266.9291338582675" HPOS="492.5196850393701"/>
        <GraphicalElement ID="r_5" HEIGHT="11.811023622047244" WIDTH="166.53543307086613" VPOS="3268.1102362204724" HPOS="308.26771653543307"/>
        <GraphicalElement ID="r_6" HEIGHT="5.905511811023622" WIDTH="140.5511811023622" VPOS="3274.015748031496" HPOS="1282.6771653543308"/>
        <GraphicalElement ID="r_7" HEIGHT="196.06299212598427" WIDTH="9.448818897637794" VPOS="1820.0787401574803" HPOS="2097.6377952755906"/>
        <GraphicalElement ID="r_8" HEIGHT="426.37795275590554" WIDTH="9.448818897637794" VPOS="155.90551181102362" HPOS="2092.9133858267714"/>
        <GraphicalElement ID="r_9" HEIGHT="172.44094488188978" WIDTH="5.905511811023622" VPOS="740.5511811023622" HPOS="2097.6377952755906"/>
      </PrintSpace>
    </Page>
  </Layout>
</alto>
