2147.244094488189 3351.968503937008
972.0472440944882 429.9212598425197 188.9763779527559 44.881889763779526 —
1047.6377952755906 429.9212598425197 188.9763779527559 44.881889763779526 6
1085.4330708661416 429.9212598425197 113.38582677165354 44.881889763779526 —

705.1181102362204 507.87401574803147 108.66141732283465 37.79527559055118 Sans
773.6220472440945 507.87401574803147 137.00787401574803 37.79527559055118 peine,
869.2913385826772 507.87401574803147 68.50393700787401 37.79527559055118 à
896.4566929133858 507.87401574803147 81.49606299212599 37.79527559055118 la
937.7952755905512 507.87401574803147 137.00787401574803 37.79527559055118 Raison
1033.4645669291338 507.87401574803147 218.50393700787401 37.79527559055118 asservissant
1210.6299212598426 507.87401574803147 81.49606299212599 37.79527559055118 la
1237.7952755905512 507.87401574803147 95.66929133858268 37.79527559055118 Rime,

702.7559055118111 540.9448818897638 86.22047244094489 35.43307086614173 Et
745.2755905511812 540.9448818897638 129.92125984251967 35.43307086614173 mesme
832.6771653543307 540.9448818897638 86.22047244094489 35.43307086614173 en
875.1968503937007 540.9448818897638 158.26771653543307 35.43307086614173 imitant
990.9448818897638 540.9448818897638 173.6220472440945 35.43307086614173 toujours
1106.6929133858268 540.9448818897638 158.26771653543307 35.43307086614173 original.

702.7559055118111 572.8346456692914 107.48031496062993 35.43307086614173 J’ay
770.0787401574803 572.8346456692914 120.4724409448819 35.43307086614173 sceû,
850.3937007874016 572.8346456692914 107.48031496062993 35.43307086614173 dans
917.7165354330708 572.8346456692914 94.48818897637796 35.43307086614173 mes
970.8661417322835 572.8346456692914 161.81102362204723 35.43307086614173 escrits,
1092.5196850393702 572.8346456692914 134.64566929133858 35.43307086614173 docte,
1185.8267716535433 572.8346456692914 147.63779527559055 35.43307086614173 enjoué,
1280.3149606299212 572.8346456692914 134.64566929133858 35.43307086614173 sublime,

700.3937007874016 607.0866141732283 201.96850393700788 31.88976377952756 Rassembler
858.6614173228346 607.0866141732283 86.22047244094489 31.88976377952756 en
902.3622047244095 607.0866141732283 100.39370078740157 31.88976377952756 moi
960.2362204724409 607.0866141732283 144.09448818897638 31.88976377952756 Perse,
1060.6299212598426 607.0866141732283 144.09448818897638 31.88976377952756 Horace
1161.023622047244 607.0866141732283 86.22047244094489 31.88976377952756 et
1190.5511811023623 607.0866141732283 144.09448818897638 31.88976377952756 Juvenal.

437.00787401574803 644.8818897637796 154.7244094488189 64.96062992125984 21.
525.5905511811023 644.8818897637796 199.60629921259843 64.96062992125984 LE
659.0551181102362 644.8818897637796 287.00787401574803 64.96062992125984 MÊME.
879.9212598425197 644.8818897637796 132.28346456692913 64.96062992125984 L.
946.0629921259842 644.8818897637796 132.28346456692913 64.96062992125984 a.
1012.2047244094488 644.8818897637796 132.28346456692913 64.96062992125984 s.
1078.3464566929133 644.8818897637796 132.28346456692913 64.96062992125984 au
1144.4881889763778 644.8818897637796 199.60629921259843 64.96062992125984 même;
1277.9527559055118 644.8818897637796 220.86614173228347 64.96062992125984 Paris,
1432.6771653543308 644.8818897637796 132.28346456692913 64.96062992125984 11
1498.8188976377953 644.8818897637796 177.16535433070865 64.96062992125984 déc.
1587.4015748031495 644.8818897637796 154.7244094488189 64.96062992125984 1710,

494.88188976377955 705.1181102362204 64.96062992125984 47.24409448818898 2
520.8661417322835 705.1181102362204 77.95275590551181 47.24409448818898 p.
559.8425196850394 705.1181102362204 116.92913385826772 47.24409448818898 in-8.
637.7952755905512 705.1181102362204 155.90551181102362 47.24409448818898 Jolie
742.9133858267717 705.1181102362204 155.90551181102362 47.24409448818898 pièce.

553.9370078740158 757.0866141732283 175.98425196850394 44.881889763779526 Tableau
682.6771653543307 757.0866141732283 127.55905511811024 44.881889763779526 fort
761.8110236220473 757.0866141732283 159.4488188976378 44.881889763779526 triste
874.0157480314961 757.0866141732283 95.66929133858268 44.881889763779526 de
921.2598425196851 757.0866141732283 112.20472440944881 44.881889763779526 son
986.2204724409448 757.0866141732283 127.55905511811024 44.881889763779526 état
1065.3543307086613 757.0866141732283 95.66929133858268 44.881889763779526 de
1113.7795275590552 757.0866141732283 159.4488188976378 44.881889763779526 santé:
1224.8031496062993 757.0866141732283 95.66929133858268 44.881889763779526 il
1273.2283464566929 757.0866141732283 95.66929133858268 44.881889763779526 ne
1320.4724409448818 757.0866141732283 159.4488188976378 44.881889763779526 marche
1432.6771653543308 757.0866141732283 127.55905511811024 44.881889763779526 plus
1512.992125984252 757.0866141732283 207.8740157480315 44.881889763779526 qu'appuyé
1655.9055118110236 757.0866141732283 80.31496062992126 44.881889763779526 aux

514.9606299212599 792.5196850393701 128.74015748031496 46.06299212598425 bras
596.4566929133858 792.5196850393701 96.85039370078741 46.06299212598425 de
644.8818897637796 792.5196850393701 113.38582677165354 46.06299212598425 ses
708.6614173228346 792.5196850393701 177.16535433070865 46.06299212598425 valets,
837.4015748031496 792.5196850393701 96.85039370078741 46.06299212598425 et
885.8267716535433 792.5196850393701 145.2755905511811 46.06299212598425 aller
982.6771653543307 792.5196850393701 128.74015748031496 46.06299212598425 d'un
1064.1732283464567 792.5196850393701 128.74015748031496 46.06299212598425 bout
1144.4881889763778 792.5196850393701 80.31496062992126 46.06299212598425 à
1176.3779527559054 792.5196850393701 177.16535433070865 46.06299212598425 l’autre
1305.1181102362204 792.5196850393701 96.85039370078741 46.06299212598425 de
1353.5433070866143 792.5196850393701 96.85039370078741 46.06299212598425 sa
1401.9685039370079 792.5196850393701 177.16535433070865 46.06299212598425 chambre
1531.8897637795276 792.5196850393701 113.38582677165354 46.06299212598425 est
1595.6692913385828 792.5196850393701 128.74015748031496 46.06299212598425 pour
1660.6299212598426 792.5196850393701 80.31496062992126 46.06299212598425 lui

517.3228346456693 830.3149606299213 95.66929133858268 48.425196850393704 un
564.5669291338583 830.3149606299213 159.4488188976378 48.425196850393704 voyage
675.5905511811023 830.3149606299213 127.55905511811024 48.425196850393704 très
754.7244094488188 830.3149606299213 142.91338582677164 48.425196850393704 long.
850.3937007874016 830.3149606299213 111.02362204724409 48.425196850393704 Son
914.1732283464567 830.3149606299213 159.4488188976378 48.425196850393704 esprit
1025.1968503937007 830.3149606299213 142.91338582677164 48.425196850393704 n'est
1120.8661417322835 830.3149606299213 142.91338582677164 48.425196850393704 point
1216.5354330708662 830.3149606299213 191.33858267716536 48.425196850393704 diminué:
1359.4488188976377 830.3149606299213 95.66929133858268 48.425196850393704 il
1406.6929133858268 830.3149606299213 206.69291338582678 48.425196850393704 travaille
1566.1417322834645 830.3149606299213 79.13385826771653 48.425196850393704 à
1598.0314960629921 830.3149606299213 111.02362204724409 48.425196850393704 une
1645.275590551181 830.3149606299213 95.66929133858268 48.425196850393704 nou-

514.9606299212599 868.1102362204724 145.2755905511811 44.881889763779526 velle
611.8110236220473 868.1102362204724 177.16535433070865 44.881889763779526 édition
741.7322834645669 868.1102362204724 96.85039370078741 44.881889763779526 de
790.1574803149606 868.1102362204724 113.38582677165354 44.881889763779526 ses
855.1181102362204 868.1102362204724 177.16535433070865 44.881889763779526 œuvres,
983.8582677165355 868.1102362204724 113.38582677165354 44.881889763779526 qui
1048.8188976377953 868.1102362204724 128.74015748031496 44.881889763779526 sera
1129.1338582677165 868.1102362204724 323.62204724409446 44.881889763779526 considérablement
1404.3307086614172 868.1102362204724 226.77165354330708 44.881889763779526 augmentée.
1566.1417322834645 868.1102362204724 177.16535433070865 44.881889763779526 Peut

513.7795275590552 905.9055118110236 96.85039370078741 46.06299212598425 le
562.2047244094488 905.9055118110236 113.38582677165354 46.06299212598425 vin
627.1653543307086 905.9055118110236 96.85039370078741 46.06299212598425 de
675.5905511811023 905.9055118110236 193.70078740157481 46.06299212598425 Condrieu
820.8661417322835 905.9055118110236 128.74015748031496 46.06299212598425 (vin
902.3622047244095 905.9055118110236 145.2755905511811 46.06299212598425 blanc
999.2125984251968 905.9055118110236 161.81102362204723 46.06299212598425 estimé
1111.4173228346456 905.9055118110236 128.74015748031496 46.06299212598425 dans
1192.9133858267717 905.9055118110236 96.85039370078741 46.06299212598425 le
1241.3385826771653 905.9055118110236 210.23622047244095 46.06299212598425 Lyonnais)
1403.1496062992126 905.9055118110236 113.38582677165354 46.06299212598425 lui
1466.9291338582677 905.9055118110236 275.1968503937008 46.06299212598425 réjouira-t-il
1677.1653543307086 905.9055118110236 64.96062992125984 46.06299212598425 le

513.7795275590552 944.8818897637796 141.73228346456693 44.881889763779526 cœur,
608.2677165354331 944.8818897637796 111.02362204724409 44.881889763779526 qui
670.8661417322835 944.8818897637796 111.02362204724409 44.881889763779526 est
734.6456692913385 944.8818897637796 94.48818897637796 44.881889763779526 ce
781.8897637795276 944.8818897637796 141.73228346456693 44.881889763779526 qu’il
876.3779527559055 944.8818897637796 79.13385826771653 44.881889763779526 a
908.2677165354331 944.8818897637796 94.48818897637796 44.881889763779526 de
955.511811023622 944.8818897637796 126.37795275590551 44.881889763779526 plus
1034.6456692913387 944.8818897637796 173.6220472440945 44.881889763779526 malade.
1161.023622047244 944.8818897637796 111.02362204724409 44.881889763779526 (Il
1224.8031496062993 944.8818897637796 158.26771653543307 44.881889763779526 mourut
1335.8267716535433 944.8818897637796 111.02362204724409 44.881889763779526 six
1398.4251968503936 944.8818897637796 126.37795275590551 44.881889763779526 mois
1462.2047244094488 944.8818897637796 141.73228346456693 44.881889763779526 après.)

434.6456692913386 988.5826771653543 150.0 67.32283464566929 22.
519.6850393700787 988.5826771653543 192.51968503937007 67.32283464566929 LE
648.4251968503937 988.5826771653543 278.74015748031496 67.32283464566929 MÊME.
863.3858267716536 988.5826771653543 213.7795275590551 67.32283464566929 Lettre
1012.2047244094488 988.5826771653543 128.74015748031496 67.32283464566929 de
1077.1653543307086 988.5826771653543 235.03937007874015 67.32283464566929 Boileau
1248.4251968503936 988.5826771653543 107.48031496062993 67.32283464566929 à
1290.9448818897638 988.5826771653543 235.03937007874015 67.32283464566929 Racine,
1462.2047244094488 988.5826771653543 213.7795275590551 67.32283464566929 écrite
1590.9448818897638 988.5826771653543 150.0 67.32283464566929 (pour

480.70866141732284 1046.4566929133857 292.9133858267717 53.1496062992126 Brossette)
711.0236220472441 1046.4566929133857 125.19685039370079 53.1496062992126 de
773.6220472440945 1046.4566929133857 125.19685039370079 53.1496062992126 la
837.4015748031496 1046.4566929133857 167.71653543307087 53.1496062992126 main
941.3385826771654 1046.4566929133857 125.19685039370079 53.1496062992126 de
1003.9370078740158 1046.4566929133857 188.9763779527559 53.1496062992126 J.-B.
1130.3149606299212 1046.4566929133857 230.31496062992127 53.1496062992126 Racine,
1298.0314960629921 1046.4566929133857 167.71653543307087 53.1496062992126 avec
1401.9685039370079 1046.4566929133857 146.45669291338584 53.1496062992126 des
1465.748031496063 1046.4566929133857 271.65354330708664 53.1496062992126 corrections

480.70866141732284 1087.7952755905512 125.19685039370079 56.69291338582677 et
543.3070866141733 1087.7952755905512 125.19685039370079 56.69291338582677 un
605.9055118110236 1087.7952755905512 355.51181102362204 56.69291338582677 post-scriptum
898.8188976377953 1087.7952755905512 125.19685039370079 56.69291338582677 de
961.4173228346457 1087.7952755905512 146.45669291338584 56.69291338582677 dix
1045.275590551181 1087.7952755905512 209.0551181102362 56.69291338582677 lignes
1191.732283464567 1087.7952755905512 167.71653543307087 56.69291338582677 aut.
1295.6692913385828 1087.7952755905512 125.19685039370079 56.69291338582677 de
1358.267716535433 1087.7952755905512 250.39370078740157 56.69291338582677 Boileau;
1525.984251968504 1087.7952755905512 209.0551181102362 56.69291338582677 Auteuil,

487.79527559055117 1133.8582677165355 114.56692913385827 47.24409448818898 19
544.488188976378 1133.8582677165355 152.36220472440945 47.24409448818898 mai,
640.1574803149606 1133.8582677165355 95.66929133858268 47.24409448818898 2
677.9527559055118 1133.8582677165355 114.56692913385827 47.24409448818898 p.
735.8267716535433 1133.8582677165355 133.46456692913387 47.24409448818898 1/2
792.5196850393701 1133.8582677165355 133.46456692913387 47.24409448818898 in

550.3937007874016 1189.3700787401574 162.99212598425197 46.06299212598425 Epître
664.9606299212599 1189.3700787401574 211.41732283464566 46.06299212598425 curieuse,
827.9527559055118 1189.3700787401574 129.92125984251967 46.06299212598425 dans
909.4488188976378 1189.3700787401574 196.06299212598427 46.06299212598425 laquelle
1055.9055118110236 1189.3700787401574 98.03149606299213 46.06299212598425 il
1105.5118110236222 1189.3700787401574 146.45669291338584 46.06299212598425 parle
1202.3622047244094 1189.3700787401574 98.03149606299213 46.06299212598425 de
1251.9685039370079 1189.3700787401574 98.03149606299213 46.06299212598425 la
1300.3937007874015 1189.3700787401574 179.5275590551181 46.06299212598425 maladie
1431.4960629921259 1189.3700787401574 98.03149606299213 46.06299212598425 de
1479.9212598425197 1189.3700787401574 227.95275590551182 46.06299212598425 Furetière,
1642.9133858267717 1189.3700787401574 98.03149606299213 46.06299212598425 qui,

511.4173228346457 1223.6220472440946 178.3464566929134 49.60629921259842 croyant
641.3385826771654 1223.6220472440946 178.3464566929134 49.60629921259842 mourir,
772.4409448818898 1223.6220472440946 178.3464566929134 49.60629921259842 voulait
902.3622047244095 1223.6220472440946 178.3464566929134 49.60629921259842 envoyer
1032.283464566929 1223.6220472440946 162.99212598425197 49.60629921259842 quérir
1145.6692913385828 1223.6220472440946 129.92125984251967 49.60629921259842 tous
1227.1653543307086 1223.6220472440946 113.38582677165354 49.60629921259842 les
1292.1259842519685 1223.6220472440946 178.3464566929134 49.60629921259842 membres
1422.0472440944882 1223.6220472440946 98.03149606299213 49.60629921259842 de
1471.6535433070867 1223.6220472440946 227.95275590551182 49.60629921259842 l'Académie
1633.4645669291338 1223.6220472440946 98.03149606299213 49.60629921259842 pour

514.9606299212599 1264.9606299212599 125.19685039370079 42.51968503937008 leur
592.9133858267717 1264.9606299212599 140.5511811023622 42.51968503937008 faire
686.2204724409448 1264.9606299212599 155.90551181102362 42.51968503937008 amende
796.0629921259842 1264.9606299212599 203.1496062992126 42.51968503937008 honorable
953.1496062992126 1264.9606299212599 93.30708661417323 42.51968503937008 de
999.2125984251968 1264.9606299212599 109.84251968503936 42.51968503937008 son
1061.8110236220473 1264.9606299212599 281.1023622047244 42.51968503937008 Factum.
1296.8503937007874 1264.9606299212599 93.30708661417323 42.51968503937008 Le
1344.0944881889764 1264.9606299212599 265.748031496063 42.51968503937008 post-scriptum
1562.5984251968505 1264.9606299212599 93.30708661417323 42.51968503937008 se
1594.4881889763778 1264.9606299212599 140.5511811023622 42.51968503937008 termine

511.4173228346457 1301.5748031496064 120.4724409448819 46.06299212598425 par
581.1023622047244 1301.5748031496064 120.4724409448819 46.06299212598425 une
649.6062992125984 1301.5748031496064 224.40944881889763 46.06299212598425 épigramme
822.0472440944882 1301.5748031496064 172.44094488188978 46.06299212598425 contre
942.5196850393701 1301.5748031496064 120.4724409448819 46.06299212598425 les
1011.0236220472441 1301.5748031496064 138.18897637795277 46.06299212598425 eaux
1097.244094488189 1301.5748031496064 103.93700787401575 46.06299212598425 de
1149.2125984251968 1301.5748031496064 240.9448818897638 46.06299212598425 Bourbonne,
1339.3700787401574 1301.5748031496064 240.9448818897638 46.06299212598425 auxquelles
1528.3464566929133 1301.5748031496064 103.93700787401575 46.06299212598425 il
1580.3149606299212 1301.5748031496064 154.7244094488189 46.06299212598425 avait
1666.5354330708662 1301.5748031496064 68.50393700787401 46.06299212598425 eu

510.23622047244095 1339.3700787401574 219.68503937007873 41.338582677165356 vainement
679.1338582677165 1339.3700787401574 185.43307086614172 41.338582677165356 recours
813.7795275590552 1339.3700787401574 134.64566929133858 41.338582677165356 pour
897.6377952755905 1339.3700787401574 118.11023622047244 41.338582677165356 une
966.1417322834645 1339.3700787401574 185.43307086614172 41.338582677165356 maladie
1100.7874015748032 1339.3700787401574 101.5748031496063 41.338582677165356 du
1133.8582677165355 1339.3700787401574 152.36220472440945 41.338582677165356 larynx.

433.46456692913387 1379.5275590551182 122.83464566929133 72.04724409448819 23.
504.3307086614173 1379.5275590551182 158.26771653543307 72.04724409448819 LE
609.4488188976378 1379.5275590551182 229.13385826771653 72.04724409448819 MÊME.
785.4330708661417 1379.5275590551182 264.56692913385825 72.04724409448819 Epitaphe
996.8503937007874 1379.5275590551182 105.11811023622047 72.04724409448819 de
1050.0 1379.5275590551182 264.56692913385825 72.04724409448819 Racine,
1261.4173228346456 1379.5275590551182 158.26771653543307 72.04724409448819 pièce
1366.5354330708662 1379.5275590551182 158.26771653543307 72.04724409448819 aut.,
1472.8346456692914 1379.5275590551182 88.58267716535433 72.04724409448819 1
1508.267716535433 1379.5275590551182 105.11811023622047 72.04724409448819 p.
1543.7007874015749 1379.5275590551182 122.83464566929133 72.04724409448819 in

549.2125984251968 1452.755905511811 200.78740157480314 43.7007874015748 Hommage
694.488188976378 1452.755905511811 219.68503937007873 43.7007874015748 touchant
859.8425196850394 1452.755905511811 164.17322834645668 43.7007874015748 rendu
968.503937007874 1452.755905511811 90.94488188976378 43.7007874015748 à
1005.1181102362204 1452.755905511811 109.84251968503936 43.7007874015748 la
1060.6299212598426 1452.755905511811 200.78740157480314 43.7007874015748 mémoire
1205.9055118110236 1452.755905511811 146.45669291338584 43.7007874015748 d'un
1298.0314960629921 1452.755905511811 127.55905511811024 43.7007874015748 ami
1371.259842519685 1452.755905511811 127.55905511811024 43.7007874015748 par
1444.4881889763778 1452.755905511811 109.84251968503936 43.7007874015748 un
1498.8188976377953 1452.755905511811 146.45669291338584 43.7007874015748 ami.
1589.763779527559 1452.755905511811 90.94488188976378 43.7007874015748 A
1608.6614173228347 1452.755905511811 127.55905511811024 43.7007874015748 cette

511.4173228346457 1490.5511811023623 135.82677165354332 44.881889763779526 pièce
602.3622047244095 1490.5511811023623 105.11811023622047 44.881889763779526 est
662.5984251968504 1490.5511811023623 151.1811023622047 44.881889763779526 jointe
767.7165354330708 1490.5511811023623 90.94488188976378 44.881889763779526 la
812.5984251968504 1490.5511811023623 180.70866141732284 44.881889763779526 première
948.4251968503937 1490.5511811023623 196.06299212598427 44.881889763779526 rédaction
1099.6062992125985 1490.5511811023623 90.94488188976378 44.881889763779526 de
1144.4881889763778 1490.5511811023623 180.70866141732284 44.881889763779526 Boileau,
1280.3149606299212 1490.5511811023623 151.1811023622047 44.881889763779526 écrite
1385.4330708661416 1490.5511811023623 105.11811023622047 44.881889763779526 par
1446.8503937007874 1490.5511811023623 165.35433070866142 44.881889763779526 l'abbé,
1567.3228346456692 1490.5511811023623 105.11811023622047 44.881889763779526 son
1612.2047244094488 1490.5511811023623 120.4724409448819 44.881889763779526 frère,

512.5984251968504 1528.3464566929133 121.65354330708661 42.51968503937008 mais
589.3700787401575 1528.3464566929133 183.0708661417323 42.51968503937008 corrigée
726.3779527559055 1528.3464566929133 107.48031496062993 42.51968503937008 par
787.7952755905512 1528.3464566929133 121.65354330708661 42.51968503937008 lui:
864.5669291338583 1528.3464566929133 137.00787401574803 42.51968503937008 elles
955.511811023622 1528.3464566929133 167.71653543307087 42.51968503937008 offrent
1078.3464566929133 1528.3464566929133 107.48031496062993 42.51968503937008 des
1138.5826771653544 1528.3464566929133 198.4251968503937 42.51968503937008 variantes
1276.7716535433071 1528.3464566929133 183.0708661417323 42.51968503937008 sensibles.

428.74015748031496 1569.6850393700788 140.5511811023622 69.68503937007874 24.
509.0551181102362 1569.6850393700788 180.70866141732284 69.68503937007874 LE
629.5275590551181 1569.6850393700788 261.0236220472441 69.68503937007874 MÊME.
830.3149606299213 1569.6850393700788 200.78740157480314 69.68503937007874 Les
970.8661417322835 1569.6850393700788 180.70866141732284 69.68503937007874 Héros
1091.3385826771653 1569.6850393700788 120.4724409448819 69.68503937007874 de
1150.3937007874015 1569.6850393700788 281.1023622047244 69.68503937007874 roman,
1371.259842519685 1569.6850393700788 261.0236220472441 69.68503937007874 manuscrit
1551.9685039370079 1569.6850393700788 180.70866141732284 69.68503937007874 autog.,

479.5275590551181 1628.740157480315 112.20472440944881 46.06299212598425 23
536.2204724409448 1628.740157480315 112.20472440944881 46.06299212598425 p.
572.8346456692914 1628.740157480315 131.10236220472441 46.06299212598425 in

548.0314960629921 1684.251968503937 243.30708661417322 43.7007874015748 Intéressant
742.9133858267717 1684.251968503937 226.77165354330708 43.7007874015748 manuscrit,
921.2598425196851 1684.251968503937 129.92125984251967 43.7007874015748 avec
1002.7559055118111 1684.251968503937 161.81102362204723 43.7007874015748 toutes
1116.1417322834645 1684.251968503937 113.38582677165354 43.7007874015748 les
1181.1023622047244 1684.251968503937 243.30708661417322 43.7007874015748 corrections
1375.984251968504 1684.251968503937 96.85039370078741 43.7007874015748 de
1424.4094488188975 1684.251968503937 194.88188976377953 43.7007874015748 Boileau,
1570.8661417322835 1684.251968503937 129.92125984251967 43.7007874015748 mais
1635.8267716535433 1684.251968503937 96.85039370078741 43.7007874015748 mal-

509.0551181102362 1723.2283464566929 259.84251968503935 43.7007874015748 heureusement
720.4724409448819 1723.2283464566929 210.23622047244095 43.7007874015748 incomplet
882.2834645669292 1723.2283464566929 96.85039370078741 43.7007874015748 de
930.7086614173228 1723.2283464566929 194.88188976377953 43.7007874015748 quelques
1075.984251968504 1723.2283464566929 145.2755905511811 43.7007874015748 pages
1174.015748031496 1723.2283464566929 81.49606299212599 43.7007874015748 à
1205.9055118110236 1723.2283464566929 96.85039370078741 43.7007874015748 la
1238.976377952756 1723.2283464566929 96.85039370078741 43.7007874015748 fin.

429.9212598425197 1765.748031496063 141.73228346456693 68.50393700787401 25.
510.23622047244095 1765.748031496063 181.88976377952756 68.50393700787401 LE
631.8897637795276 1765.748031496063 262.20472440944883 68.50393700787401 MÊME.
833.8582677165355 1765.748031496063 181.88976377952756 68.50393700787401 Pièce
955.511811023622 1765.748031496063 181.88976377952756 68.50393700787401 aut.,
1075.984251968504 1765.748031496063 141.73228346456693 68.50393700787401 3/4
1157.4803149606298 1765.748031496063 121.65354330708661 68.50393700787401 de
1217.716535433071 1765.748031496063 121.65354330708661 68.50393700787401 p.
1257.8740157480315 1765.748031496063 141.73228346456693 68.50393700787401 in

549.2125984251968 1837.7952755905512 173.6220472440945 46.06299212598425 Fragment
679.1338582677165 1837.7952755905512 86.22047244094489 46.06299212598425 de
721.6535433070866 1837.7952755905512 86.22047244094489 46.06299212598425 la
765.3543307086615 1837.7952755905512 158.26771653543307 46.06299212598425 préface
881.1023622047244 1837.7952755905512 115.74803149606299 46.06299212598425 pour
953.1496062992126 1837.7952755905512 187.79527559055117 46.06299212598425 l'édition
1097.244094488189 1837.7952755905512 86.22047244094489 46.06299212598425 de
1140.9448818897638 1837.7952755905512 101.5748031496063 46.06299212598425 scs
1198.8188976377953 1837.7952755905512 274.01574803149606 46.06299212598425 OEuvres,
1429.1338582677165 1837.7952755905512 86.22047244094489 46.06299212598425 de
1472.8346456692914 1837.7952755905512 129.92125984251967 46.06299212598425 1713.
1559.0551181102362 1837.7952755905512 86.22047244094489 46.06299212598425 Il
1588.5826771653544 1837.7952755905512 144.09448818897638 46.06299212598425 repousse

509.0551181102362 1873.2283464566929 93.30708661417323 48.425196850393704 la
555.1181102362204 1873.2283464566929 200.78740157480314 48.425196850393704 paternité
709.8425196850394 1873.2283464566929 93.30708661417323 48.425196850393704 de
757.0866141732283 1873.2283464566929 200.78740157480314 48.425196850393704 plusieurs
911.8110236220473 1873.2283464566929 170.07874015748033 48.425196850393704 satires
1034.6456692913387 1873.2283464566929 139.37007874015748 48.425196850393704 qu'on
1127.9527559055118 1873.2283464566929 108.66141732283465 48.425196850393704 lui
1189.3700787401574 1873.2283464566929 200.78740157480314 48.425196850393704 attribue;
1344.0944881889764 1873.2283464566929 124.01574803149606 48.425196850393704 mais
1422.0472440944882 1873.2283464566929 93.30708661417323 48.425196850393704 il
1468.1102362204724 1873.2283464566929 139.37007874015748 48.425196850393704 avoue
1561.4173228346456 1873.2283464566929 108.66141732283465 48.425196850393704 que
1622.8346456692914 1873.2283464566929 108.66141732283465 48.425196850393704 lui
1670.0787401574803 1873.2283464566929 61.41732283464567 48.425196850393704 et

509.0551181102362 1911.023622047244 157.08661417322836 49.60629921259842 Racine
618.8976377952756 1911.023622047244 125.19685039370079 49.60629921259842 sont
696.8503937007874 1911.023622047244 125.19685039370079 49.60629921259842 pour
774.8031496062993 1911.023622047244 172.44094488188978 49.60629921259842 quelque
900.0 1911.023622047244 140.5511811023622 49.60629921259842 chose
994.488188976378 1911.023622047244 125.19685039370079 49.60629921259842 dans
1072.4409448818897 1911.023622047244 94.48818897637796 49.60629921259842 la
1119.6850393700788 1911.023622047244 219.68503937007873 49.60629921259842 Parodie
1292.1259842519685 1911.023622047244 94.48818897637796 49.60629921259842 du
1339.3700787401574 1911.023622047244 187.79527559055117 49.60629921259842 Cid,
1479.9212598425197 1911.023622047244 172.44094488188978 49.60629921259842 publiée
1605.1181102362204 1911.023622047244 109.84251968503936 49.60629921259842 par
1652.3622047244094 1911.023622047244 77.95275590551181 49.60629921259842 Fu

498.4251968503937 1948.8188976377953 135.82677165354332 31.88976377952756 retière.

426.37795275590554 1991.3385826771653 154.7244094488189 68.50393700787401 26.
514.9606299212599 1991.3385826771653 198.4251968503937 68.50393700787401 LE
647.2440944881889 1991.3385826771653 287.00787401574803 68.50393700787401 MÊME.
868.1102362204724 1991.3385826771653 177.16535433070865 68.50393700787401 Deux
979.1338582677165 1991.3385826771653 220.86614173228347 68.50393700787401 pièces
1132.6771653543308 1991.3385826771653 132.28346456692913 68.50393700787401 de
1198.8188976377953 1991.3385826771653 177.16535433070865 68.50393700787401 vers
1309.8425196850394 1991.3385826771653 198.4251968503937 68.50393700787401 aut.,
1442.1259842519685 1991.3385826771653 177.16535433070865 68.50393700787401 avec
1530.708661417323 1991.3385826771653 198.4251968503937 68.50393700787401 ratures

478.34645669291336 2051.5748031496064 116.92913385826772 48.425196850393704 et
536.2204724409448 2051.5748031496064 311.81102362204723 48.425196850393704 corrections,
790.1574803149606 2051.5748031496064 98.03149606299213 48.425196850393704 1
829.1338582677165 2051.5748031496064 116.92913385826772 48.425196850393704 p.
868.1102362204724 2051.5748031496064 137.00787401574803 48.425196850393704 in

544.488188976378 2102.3622047244094 179.5275590551181 47.24409448818898 Quatrain
680.3149606299213 2102.3622047244094 89.76377952755905 47.24409448818898 de
725.1968503937007 2102.3622047244094 224.40944881889763 47.24409448818898 Charpentier
904.7244094488188 2102.3622047244094 89.76377952755905 47.24409448818898 et
949.6062992125984 2102.3622047244094 150.0 47.24409448818898 dixain
1054.724409448819 2102.3622047244094 89.76377952755905 47.24409448818898 de
1099.6062992125985 2102.3622047244094 165.35433070866142 47.24409448818898 Boileau
1218.8976377952756 2102.3622047244094 105.11811023622047 47.24409448818898 sur
1279.1338582677165 2102.3622047244094 89.76377952755905 47.24409448818898 ce
1324.015748031496 2102.3622047244094 105.11811023622047 47.24409448818898 mot
1384.251968503937 2102.3622047244094 89.76377952755905 47.24409448818898 de
1413.7795275590552 2102.3622047244094 315.3543307086614 47.24409448818898 l'Antologie:

506.6929133858268 2140.1574803149606 137.00787401574803 47.24409448818898 «Ego
592.9133858267717 2140.1574803149606 172.44094488188978 47.24409448818898 quidem
713.3858267716536 2140.1574803149606 223.22834645669292 47.24409448818898 cantabam,
885.8267716535433 2140.1574803149606 223.22834645669292 47.24409448818898 scribebat
1057.0866141732283 2140.1574803149606 137.00787401574803 47.24409448818898 vero
1143.3070866141732 2140.1574803149606 154.7244094488189 47.24409448818898 divus
1246.0629921259842 2140.1574803149606 223.22834645669292 47.24409448818898 Homerus.»
1418.5039370078741 2140.1574803149606 102.75590551181102 47.24409448818898 Le
1470.4724409448818 2140.1574803149606 172.44094488188978 47.24409448818898 dixain
1590.9448818897638 2140.1574803149606 102.75590551181102 47.24409448818898 de
1625.1968503937007 2140.1574803149606 102.75590551181102 47.24409448818898 Boi-

507.87401574803147 2181.496062992126 124.01574803149606 40.15748031496063 leau
584.6456692913385 2181.496062992126 139.37007874015748 40.15748031496063 finit
677.9527559055118 2181.496062992126 108.66141732283465 40.15748031496063 par
739.3700787401575 2181.496062992126 93.30708661417323 40.15748031496063 ce
770.0787401574803 2181.496062992126 108.66141732283465 40.15748031496063 vers:

813.7795275590552 2231.1023622047246 82.67716535433071 33.07086614173228 Je
855.1181102362204 2231.1023622047246 179.5275590551181 33.07086614173228 chantois,
993.3070866141733 2231.1023622047246 138.18897637795277 33.07086614173228 Homère
1075.984251968504 2231.1023622047246 165.35433070866142 33.07086614173228 escrivoit.

422.8346456692913 2262.9921259842517 154.7244094488189 72.04724409448819 27.
511.4173228346457 2262.9921259842517 199.60629921259843 72.04724409448819 LE
644.8818897637796 2262.9921259842517 287.00787401574803 72.04724409448819 MÊME.
865.7480314960629 2262.9921259842517 177.16535433070865 72.04724409448819 Deux
975.5905511811023 2262.9921259842517 220.86614173228347 72.04724409448819 pièces
1130.3149606299212 2262.9921259842517 132.28346456692913 72.04724409448819 de
1197.6377952755906 2262.9921259842517 177.16535433070865 72.04724409448819 vers
1307.4803149606298 2262.9921259842517 199.60629921259843 72.04724409448819 aut.,
1440.9448818897638 2262.9921259842517 177.16535433070865 72.04724409448819 avec
1528.3464566929133 2262.9921259842517 199.60629921259843 72.04724409448819 ratures

473.62204724409446 2326.771653543307 116.92913385826772 47.24409448818898 et
531.496062992126 2326.771653543307 311.81102362204723 47.24409448818898 corrections,
785.4330708661417 2326.771653543307 98.03149606299213 47.24409448818898 1
824.4094488188977 2326.771653543307 116.92913385826772 47.24409448818898 p.
863.3858267716536 2326.771653543307 137.00787401574803 47.24409448818898 in

542.1259842519685 2376.3779527559054 261.0236220472441 44.881889763779526 Enigme
757.0866141732283 2376.3779527559054 122.83464566929133 44.881889763779526 (sur
833.8582677165355 2376.3779527559054 92.1259842519685 44.881889763779526 la
881.1023622047244 2376.3779527559054 138.18897637795277 44.881889763779526 puce)
973.2283464566929 2376.3779527559054 92.1259842519685 44.881889763779526 et
1019.2913385826772 2376.3779527559054 168.89763779527559 44.881889763779526 vers
1142.1259842519685 2376.3779527559054 122.83464566929133 44.881889763779526 pour
1218.8976377952756 2376.3779527559054 153.54330708661416 44.881889763779526 mettre
1326.3779527559054 2376.3779527559054 92.1259842519685 44.881889763779526 au
1372.4409448818897 2376.3779527559054 107.48031496062993 44.881889763779526 bas
1435.0393700787401 2376.3779527559054 92.1259842519685 44.881889763779526 du
1481.1023622047244 2376.3779527559054 184.251968503937 44.881889763779526 portrait
1603.9370078740158 2376.3779527559054 122.83464566929133 44.881889763779526 de

505.51181102362204 2411.8110236220473 122.83464566929133 42.51968503937008 M.
587.007874015748 2411.8110236220473 204.33070866141733 42.51968503937008 Racine.
750.0 2411.8110236220473 95.66929133858268 42.51968503937008 Ces
804.3307086614174 2411.8110236220473 162.99212598425197 42.51968503937008 derniers
925.9842519685039 2411.8110236220473 108.66141732283465 42.51968503937008 vers
994.488188976378 2411.8110236220473 81.49606299212599 42.51968503937008 se
1034.6456692913387 2411.8110236220473 177.16535433070865 42.51968503937008 terminent
1170.4724409448818 2411.8110236220473 95.66929133858268 42.51968503937008 par
1224.8031496062993 2411.8110236220473 81.49606299212599 42.51968503937008 le
1266.1417322834645 2411.8110236220473 135.82677165354332 42.51968503937008 fameux
1360.6299212598426 2411.8110236220473 122.83464566929133 42.51968503937008 Il
1429.1338582677165 2411.8110236220473 122.83464566929133 42.51968503937008 sut

750.0 2461.417322834646 181.88976377952756 35.43307086614173 Surpasser
890.5511811023622 2461.417322834646 167.71653543307087 35.43307086614173 Euripide
1015.7480314960629 2461.417322834646 83.85826771653544 35.43307086614173 et
1058.267716535433 2461.417322834646 167.71653543307087 35.43307086614173 balancer
1170.4724409448818 2461.417322834646 167.71653543307087 35.43307086614173 Corneille.

415.748031496063 2496.850393700787 160.62992125984252 72.04724409448819 28.
506.6929133858268 2496.850393700787 206.69291338582678 72.04724409448819 LE
644.8818897637796 2496.850393700787 298.81889763779526 72.04724409448819 MÊME.
875.1968503937007 2496.850393700787 184.251968503937 72.04724409448819 Deux
990.9448818897638 2496.850393700787 230.31496062992127 72.04724409448819 pièces
1151.5748031496064 2496.850393700787 138.18897637795277 72.04724409448819 de
1220.0787401574803 2496.850393700787 184.251968503937 72.04724409448819 vers
1335.8267716535433 2496.850393700787 252.75590551181102 72.04724409448819 autog.,
1520.0787401574803 2496.850393700787 184.251968503937 72.04724409448819 avec
1612.2047244094488 2496.850393700787 114.56692913385827 72.04724409448819 ra-

468.8976377952756 2555.9055118110236 179.5275590551181 49.60629921259842 tures
588.1889763779527 2555.9055118110236 119.29133858267717 49.60629921259842 et
648.4251968503937 2555.9055118110236 318.8976377952756 49.60629921259842 corrections,
907.0866141732283 2555.9055118110236 99.21259842519684 49.60629921259842 1
947.2440944881889 2555.9055118110236 119.29133858267717 49.60629921259842 p.
987.4015748031496 2555.9055118110236 139.37007874015748 49.60629921259842 in

536.2204724409448 2606.6929133858266 198.4251968503937 48.425196850393704 Relative
685.0393700787401 2606.6929133858266 82.67716535433071 48.425196850393704 à
718.1102362204724 2606.6929133858266 99.21259842519684 48.425196850393704 la
767.7165354330708 2606.6929133858266 181.88976377952756 48.425196850393704 légende
898.8188976377953 2606.6929133858266 132.28346456692913 48.425196850393704 mise
981.496062992126 2606.6929133858266 115.74803149606299 48.425196850393704 par
1047.6377952755906 2606.6929133858266 99.21259842519684 48.425196850393704 M.
1097.244094488189 2606.6929133858266 99.21259842519684 48.425196850393704 Le
1146.8503937007874 2606.6929133858266 181.88976377952756 48.425196850393704 Verrier
1279.1338582677165 2606.6929133858266 99.21259842519684 48.425196850393704 au
1328.740157480315 2606.6929133858266 115.74803149606299 48.425196850393704 bas
1394.8818897637796 2606.6929133858266 99.21259842519684 48.425196850393704 du
1443.3070866141732 2606.6929133858266 198.4251968503937 48.425196850393704 portrait
1592.1259842519685 2606.6929133858266 99.21259842519684 48.425196850393704 de
1625.1968503937007 2606.6929133858266 99.21259842519684 48.425196850393704 Boi-

494.88188976377955 2645.6692913385828 129.92125984251967 46.06299212598425 leau
576.3779527559055 2645.6692913385828 145.2755905511811 46.06299212598425 gravé
673.2283464566929 2645.6692913385828 113.38582677165354 46.06299212598425 par
738.1889763779527 2645.6692913385828 178.3464566929134 46.06299212598425 Drevet.
866.9291338582677 2645.6692913385828 178.3464566929134 46.06299212598425 Boileau
996.8503937007874 2645.6692913385828 193.70078740157481 46.06299212598425 rapporte
1142.1259842519685 2645.6692913385828 96.85039370078741 46.06299212598425 le
1190.5511811023623 2645.6692913385828 145.2755905511811 46.06299212598425 texte
1287.4015748031495 2645.6692913385828 96.85039370078741 46.06299212598425 de
1335.8267716535433 2645.6692913385828 145.2755905511811 46.06299212598425 cette
1433.8582677165355 2645.6692913385828 178.3464566929134 46.06299212598425 légende
1562.5984251968505 2645.6692913385828 96.85039370078741 46.06299212598425 où
1611.023622047244 2645.6692913385828 96.85039370078741 46.06299212598425 on
1644.0944881889764 2645.6692913385828 80.31496062992126 46.06299212598425 lui

497.244094488189 2683.464566929134 124.01574803149606 44.881889763779526 fait
574.0157480314961 2683.464566929134 139.37007874015748 44.881889763779526 faire
667.3228346456693 2683.464566929134 108.66141732283465 44.881889763779526 son
728.7401574803149 2683.464566929134 139.37007874015748 44.881889763779526 éloge
822.0472440944882 2683.464566929134 200.78740157480314 44.881889763779526 lui-même,
976.7716535433071 2683.464566929134 93.30708661417323 44.881889763779526 et
1022.8346456692914 2683.464566929134 77.95275590551181 44.881889763779526 y
1054.724409448819 2683.464566929134 154.7244094488189 44.881889763779526 ajoute
1162.2047244094488 2683.464566929134 93.30708661417323 44.881889763779526 sa
1209.4488188976377 2683.464566929134 170.07874015748033 44.881889763779526 réponse
1333.4645669291338 2683.464566929134 93.30708661417323 44.881889763779526 en
1379.5275590551182 2683.464566929134 124.01574803149606 44.881889763779526 huit
1440.9448818897638 2683.464566929134 108.66141732283465 44.881889763779526 vers.

414.56692913385825 2728.3464566929133 152.36220472440945 63.77952755905512 29.
500.78740157480314 2728.3464566929133 196.06299212598427 63.77952755905512 LE
631.8897637795276 2728.3464566929133 283.46456692913387 63.77952755905512 MÊME.
850.3937007874016 2728.3464566929133 196.06299212598427 63.77952755905512 Pièce
980.3149606299213 2728.3464566929133 131.10236220472441 63.77952755905512 de
1046.4566929133857 2728.3464566929133 174.8031496062992 63.77952755905512 vers
1155.1181102362204 2728.3464566929133 131.10236220472441 63.77952755905512 de
1220.0787401574803 2728.3464566929133 261.0236220472441 63.77952755905512 Boileau,
1417.3228346456692 2728.3464566929133 174.8031496062992 63.77952755905512 avec
1525.984251968504 2728.3464566929133 152.36220472440945 63.77952755905512 une
1590.9448818897638 2728.3464566929133 131.10236220472441 63.77952755905512 note

461.81102362204723 2782.6771653543306 178.3464566929134 48.425196850393704 aut.,
581.1023622047244 2782.6771653543306 99.21259842519684 48.425196850393704 1
620.0787401574803 2782.6771653543306 119.29133858267717 48.425196850393704 p.
680.3149606299213 2782.6771653543306 158.26771653543307 48.425196850393704 in-8
759.4488188976378 2782.6771653543306 178.3464566929134 48.425196850393704 oblong.

532.6771653543307 2832.283464566929 250.39370078740157 50.78740157480315 Epigramme
735.8267716535433 2832.283464566929 93.30708661417323 50.78740157480315 de
781.8897637795276 2832.283464566929 93.30708661417323 50.78740157480315 M.
829.1338582677165 2832.283464566929 93.30708661417323 50.78740157480315 de
876.3779527559055 2832.283464566929 140.5511811023622 50.78740157480315 *
969.6850393700787 2832.283464566929 250.39370078740157 50.78740157480315 (Gourville).
1172.8346456692914 2832.283464566929 171.25984251968504 50.78740157480315 Boileau
1298.0314960629921 2832.283464566929 77.95275590551181 50.78740157480315 a
1328.740157480315 2832.283464566929 155.90551181102362 50.78740157480315 raturé
1438.5826771653544 2832.283464566929 93.30708661417323 50.78740157480315 le
1485.8267716535433 2832.283464566929 125.19685039370079 50.78740157480315 nom,
1563.7795275590552 2832.283464566929 125.19685039370079 50.78740157480315 mais
1641.732283464567 2832.283464566929 93.30708661417323 50.78740157480315 il
1672.4409448818897 2832.283464566929 47.24409448818898 50.78740157480315 a
