2228.740157480315 3366.1417322834645
959.0551181102362 451.18110236220474 184.251968503937 49.60629921259842 —
1032.283464566929 451.18110236220474 184.251968503937 49.60629921259842 7
1068.8976377952756 451.18110236220474 111.02362204724409 49.60629921259842 —

510.23622047244095 536.2204724409448 120.4724409448819 44.881889763779526 mis
579.9212598425197 536.2204724409448 102.75590551181102 44.881889763779526 de
630.7086614173228 536.2204724409448 102.75590551181102 44.881889763779526 sa
682.6771653543307 536.2204724409448 137.00787401574803 44.881889763779526 main
767.7165354330708 536.2204724409448 154.7244094488189 44.881889763779526 cette
871.6535433070866 536.2204724409448 137.00787401574803 44.881889763779526 note
956.6929133858267 536.2204724409448 102.75590551181102 44.881889763779526 en
1008.6614173228346 536.2204724409448 188.9763779527559 44.881889763779526 regard:
1145.6692913385828 536.2204724409448 171.25984251968504 44.881889763779526 «Cette
1266.1417322834645 536.2204724409448 154.7244094488189 44.881889763779526 pièce
1368.8976377952756 536.2204724409448 154.7244094488189 44.881889763779526 n’est
1471.6535433070867 536.2204724409448 154.7244094488189 44.881889763779526 bonne
1574.4094488188975 536.2204724409448 120.4724409448819 44.881889763779526 que
1626.3779527559054 536.2204724409448 102.75590551181102 44.881889763779526 pour

510.23622047244095 574.0157480314961 128.74015748031496 41.338582677165356 ceux
591.7322834645669 574.0157480314961 113.38582677165354 41.338582677165356 qui
655.511811023622 574.0157480314961 113.38582677165354 41.338582677165356 ont
720.4724409448819 574.0157480314961 145.2755905511811 41.338582677165356 connu
817.3228346456693 574.0157480314961 323.62204724409446 41.338582677165356 particulièrement
1092.5196850393702 574.0157480314961 145.2755905511811 41.338582677165356 celui
1189.3700787401574 574.0157480314961 128.74015748031496 41.338582677165356 dont
1269.6850393700788 574.0157480314961 96.85039370078741 41.338582677165356 on
1302.755905511811 574.0157480314961 145.2755905511811 41.338582677165356 parle.»

428.74015748031496 616.5354330708661 151.1811023622047 60.23622047244095 30.
514.9606299212599 616.5354330708661 194.88188976377953 60.23622047244095 LE
644.8818897637796 616.5354330708661 282.2834645669291 60.23622047244095 MÊME.
862.2047244094488 616.5354330708661 194.88188976377953 60.23622047244095 Pièce
992.1259842519685 616.5354330708661 129.92125984251967 60.23622047244095 de
1057.0866141732283 616.5354330708661 173.6220472440945 60.23622047244095 vers
1165.748031496063 616.5354330708661 194.88188976377953 60.23622047244095 aut.,
1295.6692913385828 616.5354330708661 173.6220472440945 60.23622047244095 avec
1404.3307086614172 616.5354330708661 217.3228346456693 60.23622047244095 fortes
1534.251968503937 616.5354330708661 194.88188976377953 60.23622047244095 ratures

479.5275590551181 676.7716535433071 121.65354330708661 47.24409448818898 et
539.7637795275591 676.7716535433071 322.4409448818898 47.24409448818898 corrections,
801.9685039370079 676.7716535433071 100.39370078740157 47.24409448818898 1
843.3070866141733 676.7716535433071 121.65354330708661 47.24409448818898 p.
903.5433070866142 676.7716535433071 161.81102362204723 47.24409448818898 in-8
983.8582677165355 676.7716535433071 181.88976377952756 47.24409448818898 oblong.

550.3937007874016 731.1023622047244 239.76377952755905 43.7007874015748 «Epigramme
738.1889763779527 731.1023622047244 119.29133858267717 43.7007874015748 sur
806.6929133858267 731.1023622047244 102.75590551181102 43.7007874015748 le
857.4803149606299 731.1023622047244 153.54330708661416 43.7007874015748 buste
960.2362204724409 731.1023622047244 102.75590551181102 43.7007874015748 de
1011.0236220472441 731.1023622047244 171.25984251968504 43.7007874015748 marbre
1131.4960629921259 731.1023622047244 119.29133858267717 43.7007874015748 que
1198.8188976377953 731.1023622047244 102.75590551181102 43.7007874015748 M.
1250.7874015748032 731.1023622047244 222.04724409448818 43.7007874015748 Girardon,
1422.0472440944882 731.1023622047244 239.76377952755905 43.7007874015748 l'illustre
1592.1259842519685 731.1023622047244 137.00787401574803 43.7007874015748 sculp-

511.4173228346457 771.2598425196851 141.73228346456693 34.25196850393701 teur,
605.9055118110236 771.2598425196851 79.13385826771653 34.25196850393701 a
636.6141732283464 771.2598425196851 141.73228346456693 34.25196850393701 faict
731.1023622047244 771.2598425196851 94.48818897637796 34.25196850393701 de
762.992125984252 771.2598425196851 109.84251968503936 34.25196850393701 moi.»

429.9212598425197 812.5984251968504 154.7244094488189 56.69291338582677 31.
518.503937007874 812.5984251968504 198.4251968503937 56.69291338582677 LE
650.7874015748032 812.5984251968504 287.00787401574803 56.69291338582677 MÊME.
871.6535433070866 812.5984251968504 198.4251968503937 56.69291338582677 Pièce
1003.9370078740158 812.5984251968504 198.4251968503937 56.69291338582677 aut.,
1136.2204724409448 812.5984251968504 177.16535433070865 56.69291338582677 avec
1247.244094488189 812.5984251968504 309.4488188976378 56.69291338582677 nombreuses
1489.3700787401574 812.5984251968504 243.30708661417322 56.69291338582677 ratures
1644.0944881889764 812.5984251968504 88.58267716535433 56.69291338582677 et

480.70866141732284 871.6535433070866 311.81102362204723 43.7007874015748 corrections,
733.4645669291339 871.6535433070866 96.85039370078741 43.7007874015748 7
772.4409448818898 871.6535433070866 116.92913385826772 43.7007874015748 p.
811.4173228346457 871.6535433070866 135.82677165354332 43.7007874015748 in

548.0314960629921 922.4409448818898 164.17322834645668 43.7007874015748 Préface
668.503937007874 922.4409448818898 89.76377952755905 43.7007874015748 de
713.3858267716536 922.4409448818898 89.76377952755905 43.7007874015748 sa
758.2677165354331 922.4409448818898 119.29133858267717 43.7007874015748 XIIe
832.6771653543307 922.4409448818898 164.17322834645668 43.7007874015748 Satire,
951.9685039370079 922.4409448818898 105.11811023622047 43.7007874015748 sur
1012.2047244094488 922.4409448818898 284.6456692913386 43.7007874015748 l'Equivoque,
1251.9685039370079 922.4409448818898 194.88188976377953 43.7007874015748 pièce
1400.7874015748032 922.4409448818898 119.29133858267717 43.7007874015748 fort
1476.3779527559054 922.4409448818898 239.76377952755905 43.7007874015748 intéressante
1655.9055118110236 922.4409448818898 74.40944881889764 43.7007874015748 par

509.0551181102362 961.4173228346457 224.40944881889763 41.338582677165356 elle-même,
686.2204724409448 961.4173228346457 96.85039370078741 41.338582677165356 et
734.6456692913385 961.4173228346457 112.20472440944881 41.338582677165356 par
798.4251968503937 961.4173228346457 112.20472440944881 41.338582677165356 les
862.2047244094488 961.4173228346457 256.2992125984252 41.338582677165356 corrections,
1071.259842519685 961.4173228346457 112.20472440944881 41.338582677165356 qui
1135.0393700787401 961.4173228346457 192.51968503937007 41.338582677165356 montrent
1280.3149606299212 961.4173228346457 128.74015748031496 41.338582677165356 avec
1360.6299212598426 961.4173228346457 128.74015748031496 41.338582677165356 quel
1439.763779527559 961.4173228346457 128.74015748031496 41.338582677165356 soin
1520.0787401574803 961.4173228346457 175.98425196850394 41.338582677165356 Boileau
1632.283464566929 961.4173228346457 96.85039370078741 41.338582677165356 tra-

507.87401574803147 1002.7559055118111 180.70866141732284 36.61417322834646 vaillait
643.7007874015748 1002.7559055118111 105.11811023622047 36.61417322834646 ses
688.5826771653543 1002.7559055118111 165.35433070866142 36.61417322834646 ouvrages.

432.2834645669291 1045.275590551181 122.83464566929133 61.41732283464567 32.
503.1496062992126 1045.275590551181 158.26771653543307 61.41732283464567 LE
608.2677165354331 1045.275590551181 227.95275590551182 61.41732283464567 MÊME.
783.0708661417323 1045.275590551181 281.1023622047244 61.41732283464567 Reproches
1012.2047244094488 1045.275590551181 105.11811023622047 61.41732283464567 de
1064.1732283464567 1045.275590551181 227.95275590551182 61.41732283464567 Chapelain
1240.1574803149606 1045.275590551181 87.4015748031496 61.41732283464567 à
1275.5905511811025 1045.275590551181 210.23622047244095 61.41732283464567 Boileau,
1432.6771653543308 1045.275590551181 158.26771653543307 61.41732283464567 poète
1538.976377952756 1045.275590551181 87.4015748031496 61.41732283464567 à
1555.5118110236222 1045.275590551181 175.98425196850394 61.41732283464567 deux

479.5275590551181 1104.3307086614172 335.43307086614175 47.24409448818898 tranchants,
759.4488188976378 1104.3307086614172 317.7165354330709 47.24409448818898 dialogue,
1020.4724409448819 1104.3307086614172 167.71653543307087 47.24409448818898 copie
1132.6771653543308 1104.3307086614172 112.20472440944881 47.24409448818898 du
1189.3700787401574 1104.3307086614172 186.61417322834646 47.24409448818898 temps,
1319.291338582677 1104.3307086614172 242.1259842519685 47.24409448818898 provenant
1505.9055118110236 1104.3307086614172 131.10236220472441 47.24409448818898 des
1562.5984251968505 1104.3307086614172 167.71653543307087 47.24409448818898 papiers

478.34645669291336 1148.0314960629921 119.29133858267717 44.881889763779526 de
538.5826771653543 1148.0314960629921 277.5590551181102 44.881889763779526 Brossette,
755.9055118110236 1148.0314960629921 99.21259842519684 44.881889763779526 6
794.8818897637796 1148.0314960629921 119.29133858267717 44.881889763779526 p.
835.0393700787401 1148.0314960629921 138.18897637795277 44.881889763779526 in

428.74015748031496 1207.0866141732283 150.0 49.60629921259842 33.
513.7795275590552 1207.0866141732283 385.03937007874015 49.60629921259842 BOILEAU
835.0393700787401 1207.0866141732283 298.81889763779526 49.60629921259842 (Jacques),
1070.0787401574803 1207.0866141732283 235.03937007874015 49.60629921259842 docteur
1241.3385826771653 1207.0866141732283 128.74015748031496 49.60629921259842 de
1305.1181102362204 1207.0866141732283 277.5590551181102 49.60629921259842 Sorbonne,
1518.8976377952756 1207.0866141732283 213.7795275590551 49.60629921259842 auteur
1647.6377952755906 1207.0866141732283 85.03937007874016 49.60629921259842 de

479.5275590551181 1255.5118110236222 295.2755905511811 49.60629921259842 l'Histoire
722.8346456692914 1255.5118110236222 121.65354330708661 49.60629921259842 des
792.5196850393701 1255.5118110236222 347.244094488189 49.60629921259842 Flagellants,
1086.6141732283465 1255.5118110236222 155.90551181102362 49.60629921259842 frère
1190.5511811023623 1255.5118110236222 103.93700787401575 49.60629921259842 du
1242.5196850393702 1255.5118110236222 155.90551181102362 49.60629921259842 grand
1329.9212598425197 1255.5118110236222 207.8740157480315 49.60629921259842 satirique.

522.0472440944882 1313.3858267716535 96.85039370078741 46.06299212598425 L.
570.4724409448819 1313.3858267716535 96.85039370078741 46.06299212598425 a.
618.8976377952756 1313.3858267716535 96.85039370078741 46.06299212598425 s.
668.503937007874 1313.3858267716535 96.85039370078741 46.06299212598425 (à
716.9291338582677 1313.3858267716535 178.3464566929134 46.06299212598425 l’abbée
845.6692913385826 1313.3858267716535 242.1259842519685 46.06299212598425 d’Estrées),
1040.5511811023623 1313.3858267716535 80.31496062992126 46.06299212598425 2
1072.4409448818897 1313.3858267716535 96.85039370078741 46.06299212598425 p.
1120.8661417322835 1313.3858267716535 145.2755905511811 46.06299212598425 in-8.
1217.716535433071 1313.3858267716535 193.70078740157481 46.06299212598425 Jolie
1347.6377952755906 1313.3858267716535 193.70078740157481 46.06299212598425 pièce.

545.6692913385826 1368.8976377952756 194.88188976377953 38.976377952755904 Relative
692.1259842519685 1368.8976377952756 98.03149606299213 38.976377952755904 au
740.5511811023622 1368.8976377952756 129.92125984251967 38.976377952755904 rang
822.0472440944882 1368.8976377952756 113.38582677165354 38.976377952755904 que
887.007874015748 1368.8976377952756 178.3464566929134 38.976377952755904 l'usage
1016.9291338582677 1368.8976377952756 178.3464566929134 38.976377952755904 assigne
1146.8503937007874 1368.8976377952756 113.38582677165354 38.976377952755904 aux
1211.8110236220473 1368.8976377952756 227.95275590551182 38.976377952755904 chevaliers
1390.1574803149606 1368.8976377952756 98.03149606299213 38.976377952755904 de
1439.763779527559 1368.8976377952756 178.3464566929134 38.976377952755904 l'ordre
1569.6850393700788 1368.8976377952756 98.03149606299213 38.976377952755904 du
1601.5748031496064 1368.8976377952756 129.92125984251967 38.976377952755904 Saint-

510.23622047244095 1407.8740157480315 148.8188976377953 36.61417322834646 Esprit
615.3543307086615 1407.8740157480315 119.29133858267717 36.61417322834646 dans
689.7637795275591 1407.8740157480315 103.93700787401575 36.61417322834646 les
748.8188976377953 1407.8740157480315 119.29133858267717 36.61417322834646 lits
823.2283464566929 1407.8740157480315 89.76377952755905 36.61417322834646 de
852.7559055118111 1407.8740157480315 148.8188976377953 36.61417322834646 justice.

427.5590551181102 1459.8425196850394 129.92125984251967 50.78740157480315 34.
501.9685039370079 1459.8425196850394 316.53543307086613 50.78740157480315 BOISTE
762.992125984252 1459.8425196850394 242.1259842519685 50.78740157480315 (Pierre),
948.4251968503937 1459.8425196850394 316.53543307086613 50.78740157480315 lexicographe,
1209.4488188976377 1459.8425196850394 186.61417322834646 50.78740157480315 auteur
1339.3700787401574 1459.8425196850394 148.8188976377953 50.78740157480315 d’un
1413.7795275590552 1459.8425196850394 316.53543307086613 50.78740157480315 Diction

484.251968503937 1508.267716535433 207.8740157480315 40.15748031496063 naire
640.1574803149606 1508.267716535433 116.92913385826772 40.15748031496063 estimé.

520.8661417322835 1566.1417322834645 89.76377952755905 48.425196850393704 2
556.2992125984252 1566.1417322834645 107.48031496062993 48.425196850393704 l.
610.6299212598425 1566.1417322834645 107.48031496062993 48.425196850393704 a.
663.7795275590552 1566.1417322834645 125.19685039370079 48.425196850393704 s.,
734.6456692913385 1566.1417322834645 160.62992125984252 48.425196850393704 1818,
842.1259842519685 1566.1417322834645 89.76377952755905 48.425196850393704 2
877.5590551181102 1566.1417322834645 107.48031496062993 48.425196850393704 p.
931.8897637795276 1566.1417322834645 125.19685039370079 48.425196850393704 1/2
985.0393700787401 1566.1417322834645 125.19685039370079 48.425196850393704 in

427.5590551181102 1627.5590551181103 151.1811023622047 50.78740157480315 35.
513.7795275590552 1627.5590551181103 431.1023622047244 50.78740157480315 BONAPARTE
879.9212598425197 1627.5590551181103 279.9212598425197 50.78740157480315 (Lucien),
1094.8818897637796 1627.5590551181103 193.70078740157481 50.78740157480315 frère
1223.6220472440946 1627.5590551181103 128.74015748031496 50.78740157480315 de
1288.5826771653544 1627.5590551181103 258.66141732283467 50.78740157480315 Napoléon
1461.023622047244 1627.5590551181103 128.74015748031496 50.78740157480315 Ier.

518.503937007874 1681.8897637795276 122.83464566929133 46.06299212598425 L.
579.9212598425197 1681.8897637795276 122.83464566929133 46.06299212598425 s.
641.3385826771654 1681.8897637795276 122.83464566929133 46.06299212598425 au
702.7559055118111 1681.8897637795276 226.77165354330708 46.06299212598425 citoyen
868.1102362204724 1681.8897637795276 266.92913385826773 46.06299212598425 Bouillon;
1073.6220472440946 1681.8897637795276 205.51181102362204 46.06299212598425 Paris,
1217.716535433071 1681.8897637795276 122.83464566929133 46.06299212598425 25
1279.1338582677165 1681.8897637795276 205.51181102362204 46.06299212598425 fruct.
1423.2283464566929 1681.8897637795276 122.83464566929133 46.06299212598425 an
1484.6456692913387 1681.8897637795276 122.83464566929133 46.06299212598425 8,
1546.0629921259842 1681.8897637795276 102.75590551181102 46.06299212598425 1
1587.4015748031495 1681.8897637795276 122.83464566929133 46.06299212598425 p.
1628.740157480315 1681.8897637795276 102.75590551181102 46.06299212598425 1/2

460.62992125984255 1724.4094488188975 124.01574803149606 36.61417322834646 in

545.6692913385826 1774.015748031496 99.21259842519684 36.61417322834646 Il
595.2755905511812 1774.015748031496 99.21259842519684 36.61417322834646 le
644.8818897637796 1774.015748031496 197.24409448818898 36.61417322834646 remercie
792.5196850393701 1774.015748031496 99.21259842519684 36.61417322834646 de
842.1259842519685 1774.015748031496 180.70866141732284 36.61417322834646 vouloir
974.4094488188977 1774.015748031496 132.28346456692913 36.61417322834646 bien
1055.9055118110236 1774.015748031496 180.70866141732284 36.61417322834646 confier
1188.1889763779527 1774.015748031496 115.74803149606299 36.61417322834646 les
1254.3307086614172 1774.015748031496 147.63779527559055 36.61417322834646 armes
1352.3622047244094 1774.015748031496 99.21259842519684 36.61417322834646 du
1401.9685039370079 1774.015748031496 147.63779527559055 36.61417322834646 grand
1501.1811023622047 1774.015748031496 180.70866141732284 36.61417322834646 Turenne
1632.283464566929 1774.015748031496 99.21259842519684 36.61417322834646 et
1665.3543307086613 1774.015748031496 66.14173228346456 36.61417322834646 le

505.51181102362204 1811.8110236220473 162.99212598425197 38.976377952755904 boulet
620.0787401574803 1811.8110236220473 114.56692913385827 38.976377952755904 qui
685.0393700787401 1811.8110236220473 114.56692913385827 38.976377952755904 l’a
751.1811023622047 1811.8110236220473 179.5275590551181 38.976377952755904 frappé,
881.1023622047244 1811.8110236220473 131.10236220472441 38.976377952755904 pour
963.7795275590552 1811.8110236220473 98.03149606299213 38.976377952755904 la
1012.2047244094488 1811.8110236220473 212.5984251968504 38.976377952755904 cérémonie
1176.3779527559054 1811.8110236220473 98.03149606299213 38.976377952755904 de
1224.8031496062993 1811.8110236220473 98.03149606299213 38.976377952755904 la
1274.4094488188975 1811.8110236220473 245.66929133858267 38.976377952755904 translation
1470.4724409448818 1811.8110236220473 98.03149606299213 38.976377952755904 de
1518.8976377952756 1811.8110236220473 98.03149606299213 38.976377952755904 sa
1551.9685039370079 1811.8110236220473 179.5275590551181 38.976377952755904 dépouille

509.0551181102362 1850.7874015748032 186.61417322834646 31.88976377952756 mortelle
648.4251968503937 1850.7874015748032 108.66141732283465 31.88976377952756 aux
694.488188976378 1850.7874015748032 186.61417322834646 31.88976377952756 Invalides.

426.37795275590554 1903.9370078740158 154.7244094488189 51.968503937007874 36.
514.9606299212599 1903.9370078740158 419.29133858267716 51.968503937007874 BOUILLON
868.1102362204724 1903.9370078740158 839.7637795275591 51.968503937007874 (Jacques-Léopold-Charles-Godefroy,
1619.291338582677 1903.9370078740158 111.02362204724409 51.968503937007874 duc

473.62204724409446 1953.5433070866143 164.17322834645668 51.968503937007874 de),
576.3779527559055 1953.5433070866143 225.59055118110237 51.968503937007874 dernier
740.5511811023622 1953.5433070866143 205.51181102362204 51.968503937007874 prince
884.6456692913385 1953.5433070866143 266.92913385826773 51.968503937007874 souverain
1090.1574803149606 1953.5433070866143 122.83464566929133 51.968503937007874 de
1151.5748031496064 1953.5433070866143 205.51181102362204 51.968503937007874 Sedan,
1295.6692913385828 1953.5433070866143 122.83464566929133 51.968503937007874 né
1357.0866141732283 1953.5433070866143 122.83464566929133 51.968503937007874 le
1418.5039370078741 1953.5433070866143 122.83464566929133 51.968503937007874 12
1479.9212598425197 1953.5433070866143 185.43307086614172 51.968503937007874 janv.
1582.6771653543308 1953.5433070866143 144.09448818897638 51.968503937007874 1746,

474.8031496062992 2003.1496062992126 159.4488188976378 48.425196850393704 mort
574.0157480314961 2003.1496062992126 119.29133858267717 48.425196850393704 le
634.2519685039371 2003.1496062992126 119.29133858267717 48.425196850393704 18
694.488188976378 2003.1496062992126 179.5275590551181 48.425196850393704 pluv.
813.7795275590552 2003.1496062992126 119.29133858267717 48.425196850393704 an
853.9370078740158 2003.1496062992126 99.21259842519684 48.425196850393704 10.

526.7716535433071 2055.1181102362207 126.37795275590551 48.425196850393704 1°
590.5511811023622 2055.1181102362207 231.49606299212599 48.425196850393704 Papiers
758.2677165354331 2055.1181102362207 252.75590551181102 48.425196850393704 relatifs
948.4251968503937 2055.1181102362207 105.11811023622047 48.425196850393704 à
990.9448818897638 2055.1181102362207 274.01574803149606 48.425196850393704 l’échange
1201.1811023622047 2055.1181102362207 126.37795275590551 48.425196850393704 de
1264.9606299212599 2055.1181102362207 190.15748031496062 48.425196850393704 Sedan
1391.3385826771653 2055.1181102362207 168.89763779527559 48.425196850393704 avec
1496.4566929133857 2055.1181102362207 190.15748031496062 48.425196850393704 Louis
1601.5748031496064 2055.1181102362207 126.37795275590551 48.425196850393704 XIV,

474.8031496062992 2097.6377952755906 102.75590551181102 48.425196850393704 à
514.9606299212599 2097.6377952755906 122.83464566929133 48.425196850393704 la
576.3779527559055 2097.6377952755906 328.34645669291336 48.425196850393704 confiscation
843.3070866141733 2097.6377952755906 144.09448818897638 48.425196850393704 des
925.9842519685039 2097.6377952755906 205.51181102362204 48.425196850393704 droits
1068.8976377952756 2097.6377952755906 144.09448818897638 48.425196850393704 des
1151.5748031496064 2097.6377952755906 245.66929133858267 48.425196850393704 Bouillon
1335.8267716535433 2097.6377952755906 144.09448818897638 48.425196850393704 par
1418.5039370078741 2097.6377952755906 122.83464566929133 48.425196850393704 la
1458.6614173228347 2097.6377952755906 266.92913385826773 48.425196850393704 Convention,

470.0787401574803 2142.51968503937 132.28346456692913 47.24409448818898 et
536.2204724409448 2142.51968503937 154.7244094488189 47.24409448818898 aux
624.8031496062993 2142.51968503937 398.0314960629921 47.24409448818898 revendications
956.6929133858267 2142.51968503937 154.7244094488189 47.24409448818898 des
1044.0944881889764 2142.51968503937 243.30708661417322 47.24409448818898 membres
1221.259842519685 2142.51968503937 132.28346456692913 47.24409448818898 de
1287.4015748031495 2142.51968503937 198.4251968503937 47.24409448818898 cette
1419.6850393700788 2142.51968503937 264.56692913385825 47.24409448818898 famille;
1596.8503937007874 2142.51968503937 132.28346456692913 47.24409448818898 dos-

473.62204724409446 2187.4015748031497 166.53543307086613 42.51968503937008 sier
578.7401574803149 2187.4015748031497 333.07086614173227 42.51968503937008 intéressant,
849.2125984251968 2187.4015748031497 229.13385826771653 42.51968503937008 offrant
1015.7480314960629 2187.4015748031497 125.19685039370079 42.51968503937008 la
1078.3464566929133 2187.4015748031497 229.13385826771653 42.51968503937008 matière
1244.8818897637796 2187.4015748031497 166.53543307086613 42.51968503937008 d’un
1348.8188976377953 2187.4015748031497 166.53543307086613 42.51968503937008 fort
1453.9370078740158 2187.4015748031497 207.8740157480315 42.51968503937008 volume
1577.9527559055118 2187.4015748031497 146.45669291338584 42.51968503937008 in

471.25984251968504 2229.9212598425197 108.66141732283465 48.425196850393704 —
513.7795275590552 2229.9212598425197 129.92125984251967 48.425196850393704 2°
578.7401574803149 2229.9212598425197 281.1023622047244 48.425196850393704 Manuscrit
794.8818897637796 2229.9212598425197 216.14173228346456 48.425196850393704 autog.
947.2440944881889 2229.9212598425197 129.92125984251967 48.425196850393704 du
1012.2047244094488 2229.9212598425197 237.4015748031496 48.425196850393704 prince,
1184.6456692913387 2229.9212598425197 216.14173228346456 48.425196850393704 divisé
1335.8267716535433 2229.9212598425197 129.92125984251967 48.425196850393704 en
1400.7874015748032 2229.9212598425197 237.4015748031496 48.425196850393704 cahiers
1551.9685039370079 2229.9212598425197 173.6220472440945 48.425196850393704 in

472.4409448818898 2273.6220472440946 131.10236220472441 36.61417322834646 et
537.4015748031496 2273.6220472440946 240.9448818897638 36.61417322834646 formant
712.2047244094488 2273.6220472440946 131.10236220472441 36.61417322834646 la
778.3464566929134 2273.6220472440946 240.9448818897638 36.61417322834646 matière
953.1496062992126 2273.6220472440946 284.6456692913386 36.61417322834646 d’environ
1171.6535433070867 2273.6220472440946 109.84251968503936 36.61417322834646 3
1192.9133858267717 2273.6220472440946 218.50393700787401 36.61417322834646 volumes.

540.9448818897638 2323.228346456693 98.03149606299213 38.976377952755904 Ce
590.5511811023622 2323.228346456693 227.95275590551182 38.976377952755904 manuscrit,
768.8976377952756 2323.228346456693 211.41732283464566 38.976377952755904 distribué
931.8897637795276 2323.228346456693 113.38582677165354 38.976377952755904 par
996.8503937007874 2323.228346456693 227.95275590551182 38.976377952755904 chapitres,
1176.3779527559054 2323.228346456693 113.38582677165354 38.976377952755904 est
1241.3385826771653 2323.228346456693 179.5275590551181 38.976377952755904 relatif
1371.259842519685 2323.228346456693 113.38582677165354 38.976377952755904 aux
1436.2204724409448 2323.228346456693 146.45669291338584 38.976377952755904 mœurs
1534.251968503937 2323.228346456693 98.03149606299213 38.976377952755904 du
1582.6771653543308 2323.228346456693 146.45669291338584 38.976377952755904 temps
1664.1732283464567 2323.228346456693 64.96062992125984 38.976377952755904 et

505.51181102362204 2358.6614173228345 103.93700787401575 38.976377952755904 aux
565.7480314960629 2358.6614173228345 164.17322834645668 38.976377952755904 femmes.
685.0393700787401 2358.6614173228345 133.46456692913387 38.976377952755904 Voici
773.6220472440945 2358.6614173228345 238.58267716535434 38.976377952755904 quelques-uns
967.3228346456693 2358.6614173228345 103.93700787401575 38.976377952755904 des
1027.5590551181103 2358.6614173228345 164.17322834645668 38.976377952755904 titres:
1145.6692913385828 2358.6614173228345 148.8188976377953 38.976377952755904 Sur
1250.7874015748032 2358.6614173228345 103.93700787401575 38.976377952755904 les
1309.8425196850394 2358.6614173228345 148.8188976377953 38.976377952755904 jolies
1413.7795275590552 2358.6614173228345 164.17322834645668 38.976377952755904 figures
1533.0708661417323 2358.6614173228345 103.93700787401575 38.976377952755904 des
1577.9527559055118 2358.6614173228345 148.8188976377953 38.976377952755904 fem

505.51181102362204 2395.2755905511813 162.99212598425197 38.976377952755904 mes
620.0787401574803 2395.2755905511813 98.03149606299213 38.976377952755904 et
668.503937007874 2395.2755905511813 113.38582677165354 38.976377952755904 sur
733.4645669291339 2395.2755905511813 113.38582677165354 38.976377952755904 les
798.4251968503937 2395.2755905511813 194.88188976377953 38.976377952755904 laideurs
944.8818897637796 2395.2755905511813 98.03149606299213 38.976377952755904 de
994.488188976378 2395.2755905511813 162.99212598425197 38.976377952755904 celles
1107.8740157480315 2395.2755905511813 113.38582677165354 38.976377952755904 des
1172.8346456692914 2395.2755905511813 244.48818897637796 38.976377952755904 hommes;
1368.8976377952756 2395.2755905511813 129.92125984251967 38.976377952755904 —Sur
1450.3937007874015 2395.2755905511813 98.03149606299213 38.976377952755904 le
1498.8188976377953 2395.2755905511813 227.95275590551182 38.976377952755904 coquinisme
1661.8110236220473 2395.2755905511813 64.96062992125984 38.976377952755904 et

507.87401574803147 2433.0708661417325 216.14173228346456 38.976377952755904 l'honnette
677.9527559055118 2433.0708661417325 154.7244094488189 38.976377952755904 homme.
785.4330708661417 2433.0708661417325 92.1259842519685 38.976377952755904 Un
832.6771653543307 2433.0708661417325 108.66141732283465 38.976377952755904 des
894.0944881889764 2433.0708661417325 200.78740157480314 38.976377952755904 chapitres
1048.8188976377953 2433.0708661417325 108.66141732283465 38.976377952755904 est
1110.236220472441 2433.0708661417325 185.43307086614172 38.976377952755904 intitulé
1249.6062992125985 2433.0708661417325 277.5590551181102 38.976377952755904 Description
1481.1023622047244 2433.0708661417325 92.1259842519685 38.976377952755904 de
1511.8110236220473 2433.0708661417325 216.14173228346456 38.976377952755904 Navarre,

505.51181102362204 2472.047244094488 114.56692913385827 36.61417322834646 une
571.6535433070866 2472.047244094488 99.21259842519684 36.61417322834646 de
621.2598425196851 2472.047244094488 114.56692913385827 36.61417322834646 ses
686.2204724409448 2472.047244094488 246.8503937007874 36.61417322834646 résidences,
883.4645669291339 2472.047244094488 131.10236220472441 36.61417322834646 près
949.6062992125984 2472.047244094488 180.70866141732284 36.61417322834646 d’Evreux.

418.1102362204724 2522.834645669291 191.33858267716536 43.7007874015748 37.
526.7716535433071 2522.834645669291 818.503937007874 43.7007874015748 BOURSAULT-MALHERBE,
1263.7795275590552 2522.834645669291 327.1653543307087 43.7007874015748 comédien
1509.4488188976377 2522.834645669291 164.17322834645668 43.7007874015748 et
1563.7795275590552 2522.834645669291 164.17322834645668 43.7007874015748 con-

473.62204724409446 2571.259842519685 298.81889763779526 51.968503937007874 ventionnel,
712.2047244094488 2571.259842519685 119.29133858267717 51.968503937007874 un
772.4409448818898 2571.259842519685 139.37007874015748 51.968503937007874 des
851.5748031496063 2571.259842519685 338.9763779527559 51.968503937007874 thermidoriens
1130.3149606299212 2571.259842519685 159.4488188976378 51.968503937007874 dont
1230.708661417323 2571.259842519685 119.29133858267717 51.968503937007874 la
1289.763779527559 2571.259842519685 218.50393700787401 51.968503937007874 fortune
1449.2125984251968 2571.259842519685 199.60629921259843 51.968503937007874 rapide
1568.5039370078741 2571.259842519685 159.4488188976378 51.968503937007874 excita

473.62204724409446 2619.685039370079 116.92913385826772 50.78740157480315 le
532.6771653543307 2619.685039370079 155.90551181102362 50.78740157480315 plus
630.7086614173228 2619.685039370079 116.92913385826772 50.78740157480315 de
669.6850393700787 2619.685039370079 214.96062992125985 50.78740157480315 scandale.

519.6850393700787 2672.834645669291 118.11023622047244 46.06299212598425 L.
578.7401574803149 2672.834645669291 118.11023622047244 46.06299212598425 a.
637.7952755905512 2672.834645669291 138.18897637795277 46.06299212598425 s.;
716.9291338582677 2672.834645669291 217.3228346456693 46.06299212598425 Rennes,
875.1968503937007 2672.834645669291 118.11023622047244 46.06299212598425 12
934.2519685039371 2672.834645669291 197.24409448818898 46.06299212598425 frim.,
1071.259842519685 2672.834645669291 98.03149606299213 46.06299212598425 3
1111.4173228346456 2672.834645669291 118.11023622047244 46.06299212598425 p.
1150.3937007874015 2672.834645669291 138.18897637795277 46.06299212598425 in

426.37795275590554 2721.259842519685 133.46456692913387 63.77952755905512 38.
501.9685039370079 2721.259842519685 171.25984251968504 63.77952755905512 LE
616.5354330708661 2721.259842519685 248.03149606299212 63.77952755905512 MÊME.
807.8740157480315 2721.259842519685 95.66929133858268 63.77952755905512 3
845.6692913385826 2721.259842519685 114.56692913385827 63.77952755905512 l.
902.3622047244095 2721.259842519685 114.56692913385827 63.77952755905512 a.
960.2362204724409 2721.259842519685 133.46456692913387 63.77952755905512 s.,
1037.007874015748 2721.259842519685 114.56692913385827 63.77952755905512 an
1093.7007874015749 2721.259842519685 114.56692913385827 63.77952755905512 3,
1150.3937007874015 2721.259842519685 95.66929133858268 63.77952755905512 3
1189.3700787401574 2721.259842519685 114.56692913385827 63.77952755905512 p.
1246.0629921259842 2721.259842519685 171.25984251968504 63.77952755905512 in-f.
1360.6299212598426 2721.259842519685 114.56692913385827 63.77952755905512 et
1417.3228346456692 2721.259842519685 95.66929133858268 63.77952755905512 4
1456.2992125984251 2721.259842519685 114.56692913385827 63.77952755905512 p.
1494.0944881889764 2721.259842519685 133.46456692913387 63.77952755905512 in

424.01574803149606 2798.031496062992 154.7244094488189 51.968503937007874 39.
512.5984251968504 2798.031496062992 441.73228346456693 51.968503937007874 BROFFERIO
888.1889763779527 2798.031496062992 198.4251968503937 51.968503937007874 (A.),
1020.4724409448819 2798.031496062992 220.86614173228347 51.968503937007874 député
1175.1968503937007 2798.031496062992 132.28346456692913 51.968503937007874 et
1241.3385826771653 2798.031496062992 309.4488188976378 51.968503937007874 historien,
1484.6456692913387 2798.031496062992 132.28346456692913 51.968503937007874 le
1550.7874015748032 2798.031496062992 177.16535433070865 51.968503937007874 chef
1639.3700787401574 2798.031496062992 88.58267716535433 51.968503937007874 du

472.4409448818898 2846.4566929133857 191.33858267716536 50.78740157480315 parti
600.0 2846.4566929133857 340.15748031496065 50.78740157480315 démocratique
876.3779527559055 2846.4566929133857 127.55905511811024 50.78740157480315 en
918.8976377952756 2846.4566929133857 212.5984251968504 50.78740157480315 Piémont.
