617.6692913385826 891.7795275590552
214.86614173228347 127.2755905511811 41.95275590551181 10.771653543307087 —
231.8740157480315 127.2755905511811 41.95275590551181 10.771653543307087 3
240.09448818897638 127.2755905511811 25.228346456692915 10.771653543307087 —

67.74803149606299 149.95275590551182 43.653543307086615 14.173228346456693 11.
92.69291338582677 149.95275590551182 74.55118110236221 14.173228346456693 BECCARIA
148.53543307086613 149.95275590551182 68.31496062992126 14.173228346456693 (César,
198.4251968503937 149.95275590551182 68.31496062992126 14.173228346456693 marquis
248.03149606299212 149.95275590551182 49.889763779527556 14.173228346456693 de),
279.21259842519686 149.95275590551182 68.31496062992126 14.173228346456693 célèbre
329.1023622047244 149.95275590551182 87.02362204724409 14.173228346456693 philosophe
391.18110236220474 149.95275590551182 24.944881889763778 14.173228346456693 et

93.25984251968504 163.55905511811022 80.78740157480316 13.039370078740157 économiste
156.75590551181102 163.55905511811022 69.44881889763779 13.039370078740157 italien,
208.62992125984252 163.55905511811022 34.58267716535433 13.039370078740157 n.
225.92125984251967 163.55905511811022 51.874015748031496 13.039370078740157 1738,
260.78740157480314 163.55905511811022 34.58267716535433 13.039370078740157 m.
272.12598425196853 163.55905511811022 40.53543307086614 13.039370078740157 1794.

104.5984251968504 182.26771653543307 25.79527559055118 11.905511811023622 P.
117.35433070866142 182.26771653543307 25.79527559055118 11.905511811023622 a.
130.39370078740157 182.26771653543307 30.04724409448819 11.905511811023622 s.;
147.4015748031496 182.26771653543307 42.803149606299215 11.905511811023622 Milan,
177.4488188976378 182.26771653543307 25.79527559055118 11.905511811023622 18
190.20472440944883 182.26771653543307 34.2992125984252 11.905511811023622 mars
211.748031496063 182.26771653543307 38.55118110236221 11.905511811023622 1785,
237.54330708661416 182.26771653543307 30.04724409448819 11.905511811023622 1/2
254.5511811023622 182.26771653543307 25.79527559055118 11.905511811023622 p.
267.3070866141732 182.26771653543307 55.84251968503937 11.905511811023622 in-folio.
305.8582677165354 182.26771653543307 60.09448818897638 11.905511811023622 Rare.

66.61417322834646 203.81102362204723 47.05511811023622 14.173228346456693 12.
93.54330708661418 203.81102362204723 87.59055118110236 14.173228346456693 BEETHOVEN
161.00787401574803 203.81102362204723 73.98425196850394 14.173228346456693 (Ludwig
214.86614173228347 203.81102362204723 60.661417322834644 14.173228346456693 van),
255.11811023622047 203.81102362204723 40.25196850393701 14.173228346456693 le
275.244094488189 203.81102362204723 60.661417322834644 14.173228346456693 grand
315.7795275590551 203.81102362204723 100.91338582677166 14.173228346456693 compositeur
389.76377952755905 203.81102362204723 26.929133858267715 14.173228346456693 de

92.1259842519685 217.70078740157481 67.46456692913385 13.32283464566929 musique
141.16535433070865 217.70078740157481 79.65354330708661 13.32283464566929 allemand,
202.39370078740157 217.70078740157481 36.8503937007874 13.32283464566929 n.
220.8188976377953 217.70078740157481 54.99212598425197 13.32283464566929 1770,
257.6692913385827 217.70078740157481 36.8503937007874 13.32283464566929 m.
269.8582677165354 217.70078740157481 42.803149606299215 13.32283464566929 1827.

104.31496062992126 236.40944881889763 52.15748031496063 11.622047244094489 Morceau
142.29921259842519 236.40944881889763 28.346456692913385 11.622047244094489 de
156.4724409448819 236.40944881889763 52.15748031496063 11.622047244094489 musique
194.17322834645668 236.40944881889763 42.51968503937008 11.622047244094489 aut.,
222.8031496062992 236.40944881889763 23.52755905511811 11.622047244094489 2
232.15748031496062 236.40944881889763 28.346456692913385 11.622047244094489 p.
246.33070866141733 236.40944881889763 37.98425196850393 11.622047244094489 in-4
270.1417322834646 236.40944881889763 52.15748031496063 11.622047244094489 oblong.
307.84251968503935 236.40944881889763 66.33070866141732 11.622047244094489 Superbe
360.0 236.40944881889763 28.346456692913385 11.622047244094489 et
369.3543307086614 236.40944881889763 47.338582677165356 11.622047244094489 rare

92.1259842519685 247.748031496063 31.748031496062993 11.338582677165354 pièce.

66.89763779527559 269.00787401574803 47.05511811023622 14.173228346456693 13.
93.8267716535433 269.00787401574803 93.8267716535433 14.173228346456693 BELGIOJOSO
167.5275590551181 269.00787401574803 93.8267716535433 14.173228346456693 (Christine
241.51181102362204 269.00787401574803 93.8267716535433 14.173228346456693 TRIVULZIO,
315.21259842519686 269.00787401574803 87.30708661417323 14.173228346456693 princesse
375.59055118110234 269.00787401574803 40.25196850393701 14.173228346456693 de),

92.1259842519685 283.18110236220474 67.18110236220473 13.32283464566929 célèbre
141.16535433070865 283.18110236220474 73.13385826771653 13.32283464566929 patriote
196.15748031496062 283.18110236220474 85.60629921259843 13.32283464566929 italienne,
263.33858267716533 283.18110236220474 48.75590551181102 13.32283464566929 amie
293.6692913385827 283.18110236220474 73.13385826771653 13.32283464566929 d’Alfred
348.66141732283467 283.18110236220474 36.56692913385827 13.32283464566929 de
360.8503937007874 283.18110236220474 54.99212598425197 13.32283464566929 Musset,

92.40944881889764 297.6377952755906 36.0 11.05511811023622 n.
110.26771653543307 297.6377952755906 53.85826771653543 11.05511811023622 1808,
146.26771653543307 297.6377952755906 36.0 11.05511811023622 m.
158.17322834645668 297.6377952755906 41.95275590551181 11.05511811023622 1861.

104.5984251968504 315.496062992126 30.04724409448819 11.05511811023622 L.
119.62204724409449 315.496062992126 30.04724409448819 11.05511811023622 a.
134.9291338582677 315.496062992126 30.04724409448819 11.05511811023622 s.
149.95275590551182 315.496062992126 25.228346456692915 11.05511811023622 à
159.8740157480315 315.496062992126 65.48031496062993 11.05511811023622 Mammiani;
210.33070866141733 315.496062992126 50.173228346456696 11.05511811023622 Milan,
245.48031496062993 315.496062992126 30.04724409448819 11.05511811023622 15
260.503937007874 315.496062992126 55.275590551181104 11.05511811023622 octobre
300.755905511811 315.496062992126 45.354330708661415 11.05511811023622 1860,
330.8031496062992 315.496062992126 25.228346456692915 11.05511811023622 4
341.00787401574803 315.496062992126 30.04724409448819 11.05511811023622 p.
356.0314960629921 315.496062992126 45.354330708661415 11.05511811023622 in-8.
381.25984251968504 315.496062992126 35.1496062992126 11.05511811023622 Belle

89.00787401574803 327.68503937007875 36.8503937007874 7.937007874015748 lettre.

66.61417322834646 348.37795275590554 41.669291338582674 13.88976377952756 14.
90.4251968503937 348.37795275590554 65.19685039370079 13.88976377952756 BELLINI
137.76377952755905 348.37795275590554 83.05511811023622 13.88976377952756 (Vincent),
202.96062992125985 348.37795275590554 65.19685039370079 13.88976377952756 célèbre
250.58267716535434 348.37795275590554 89.00787401574803 13.88976377952756 compositeur
321.73228346456693 348.37795275590554 35.71653543307087 13.88976377952756 de
339.59055118110234 348.37795275590554 65.19685039370079 13.88976377952756 musique
380.9763779527559 348.37795275590554 35.71653543307087 13.88976377952756 ita-

93.25984251968504 362.5511811023622 45.354330708661415 12.472440944881889 lien,
123.59055118110236 362.5511811023622 50.173228346456696 12.472440944881889 auteur
158.74015748031496 362.5511811023622 30.04724409448819 12.472440944881889 de
173.76377952755905 362.5511811023622 45.354330708661415 12.472440944881889 la
204.09448818897638 362.5511811023622 70.2992125984252 12.472440944881889 Norma,
259.37007874015745 362.5511811023622 30.04724409448819 12.472440944881889 n.
274.3937007874016 362.5511811023622 45.354330708661415 12.472440944881889 1802,
304.4409448818898 362.5511811023622 30.04724409448819 12.472440944881889 m.
314.6456692913386 362.5511811023622 35.1496062992126 12.472440944881889 1835.

104.31496062992126 380.9763779527559 28.62992125984252 11.05511811023622 L.
118.77165354330708 380.9763779527559 28.62992125984252 11.05511811023622 a.
132.9448818897638 380.9763779527559 33.16535433070866 11.05511811023622 s.,
151.93700787401573 380.9763779527559 28.62992125984252 11.05511811023622 en
166.11023622047244 380.9763779527559 61.79527559055118 11.05511811023622 français;
213.73228346456693 380.9763779527559 47.62204724409449 11.05511811023622 Paris,
246.89763779527559 380.9763779527559 28.62992125984252 11.05511811023622 28
261.07086614173227 380.9763779527559 52.15748031496063 11.05511811023622 janvier
299.0551181102362 380.9763779527559 42.803149606299215 11.05511811023622 1835,
327.68503937007875 380.9763779527559 23.811023622047244 11.05511811023622 1
337.03937007874015 380.9763779527559 28.62992125984252 11.05511811023622 p.
351.21259842519686 380.9763779527559 33.16535433070866 11.05511811023622 1/2
365.6692913385827 380.9763779527559 33.16535433070866 11.05511811023622 in

98.92913385826772 397.13385826771656 39.68503937007874 10.204724409448819 Jolie
125.5748031496063 397.13385826771656 43.93700787401575 10.204724409448819 lettre
156.4724409448819 397.13385826771656 26.362204724409448 10.204724409448819 où
169.51181102362204 397.13385826771656 26.362204724409448 10.204724409448819 il
182.83464566929135 397.13385826771656 53.00787401574803 10.204724409448819 remercie
222.51968503937007 397.13385826771656 30.89763779527559 10.204724409448819 les
240.09448818897638 397.13385826771656 53.00787401574803 10.204724409448819 artistes
279.7795275590551 397.13385826771656 26.362204724409448 10.204724409448819 de
293.1023622047244 397.13385826771656 48.47244094488189 10.204724409448819 l’Opéra
328.251968503937 397.13385826771656 26.362204724409448 10.204724409448819 du
341.5748031496063 397.13385826771656 35.1496062992126 10.204724409448819 zèle
363.40157480314963 397.13385826771656 35.1496062992126 10.204724409448819 avec
381.25984251968504 397.13385826771656 35.1496062992126 10.204724409448819 lequel

89.5748031496063 407.0551181102362 30.04724409448819 10.771653543307087 ils
106.86614173228347 407.0551181102362 30.04724409448819 10.771653543307087 ont
123.8740157480315 407.0551181102362 34.2992125984252 10.771653543307087 joué
145.41732283464566 407.0551181102362 30.04724409448819 10.771653543307087 son
162.70866141732284 407.0551181102362 38.83464566929134 10.771653543307087 opéra
188.50393700787401 407.0551181102362 38.83464566929134 10.771653543307087 (I
214.29921259842519 407.0551181102362 77.38582677165354 10.771653543307087 Puritani).
278.92913385826773 407.0551181102362 30.04724409448819 10.771653543307087 «Je
296.2204724409449 407.0551181102362 51.59055118110236 10.771653543307087 n’aurais
334.7716535433071 407.0551181102362 30.04724409448819 10.771653543307087 pas
352.06299212598424 407.0551181102362 43.08661417322835 10.771653543307087 trouvé
382.3937007874016 407.0551181102362 34.2992125984252 10.771653543307087 dans
399.40157480314963 407.0551181102362 17.291338582677167 10.771653543307087 ma

89.29133858267717 417.25984251968504 55.275590551181104 10.771653543307087 famille,
130.6771653543307 417.25984251968504 36.8503937007874 10.771653543307087 plus
153.63779527559055 417.25984251968504 73.7007874015748 10.771653543307087 d’obligeance
213.4488188976378 417.25984251968504 27.496062992125985 10.771653543307087 et
227.33858267716536 417.25984251968504 27.496062992125985 10.771653543307087 de
241.22834645669292 417.25984251968504 41.38582677165354 10.771653543307087 soins
268.7244094488189 417.25984251968504 22.96062992125984 10.771653543307087 à
278.0787401574803 417.25984251968504 27.496062992125985 10.771653543307087 me
291.68503937007875 417.25984251968504 55.275590551181104 10.771653543307087 seconder
333.3543307086614 417.25984251968504 41.38582677165354 10.771653543307087 qu’en
360.8503937007874 417.25984251968504 36.8503937007874 10.771653543307087 vous
379.2755905511811 417.25984251968504 36.8503937007874 10.771653543307087 tous.»

66.89763779527559 435.9685039370079 44.503937007874015 15.874015748031496 15.
92.1259842519685 435.9685039370079 75.96850393700787 15.874015748031496 BÉRANGER
149.10236220472441 435.9685039370079 101.48031496062993 15.874015748031496 (Pierre-Jean
231.59055118110237 435.9685039370079 50.74015748031496 15.874015748031496 de),
263.33858267716533 435.9685039370079 37.98425196850393 15.874015748031496 le
282.3307086614173 435.9685039370079 69.73228346456693 15.874015748031496 célèbre
326.8346456692913 435.9685039370079 88.7244094488189 15.874015748031496 chansonnier,

91.55905511811024 452.9763779527559 36.56692913385827 11.622047244094489 n.
109.98425196850394 452.9763779527559 54.99212598425197 11.622047244094489 1780,
146.5511811023622 452.9763779527559 36.56692913385827 11.622047244094489 m.
158.74015748031496 452.9763779527559 42.803149606299215 11.622047244094489 1857.

103.18110236220473 470.5511811023622 30.89763779527559 10.771653543307087 L.
118.48818897637796 470.5511811023622 30.89763779527559 10.771653543307087 a.
134.07874015748033 470.5511811023622 30.89763779527559 10.771653543307087 s.
149.38582677165354 470.5511811023622 25.79527559055118 10.771653543307087 à
159.8740157480315 470.5511811023622 51.59055118110236 10.771653543307087 Madame
195.8740157480315 470.5511811023622 66.89763779527559 10.771653543307087 Gévaudan;
247.1811023622047 470.5511811023622 30.89763779527559 10.771653543307087 17
262.7716535433071 470.5511811023622 41.10236220472441 10.771653543307087 août
288.2834645669291 470.5511811023622 46.20472440944882 10.771653543307087 1829,
319.18110236220474 470.5511811023622 25.79527559055118 10.771653543307087 3
329.6692913385827 470.5511811023622 30.89763779527559 10.771653543307087 p.
339.87401574803147 470.5511811023622 36.0 10.771653543307087 in

98.07874015748031 487.5590551181102 36.28346456692913 10.488188976377952 Très
120.75590551181102 487.5590551181102 40.818897637795274 10.488188976377952 jolie
147.96850393700788 487.5590551181102 45.354330708661415 10.488188976377952 lettre
179.71653543307087 487.5590551181102 45.354330708661415 10.488188976377952 écrite
211.46456692913387 487.5590551181102 27.212598425196852 10.488188976377952 de
225.0708661417323 487.5590551181102 49.889763779527556 10.488188976377952 prison.
261.07086614173227 487.5590551181102 27.212598425196852 10.488188976377952 Il
274.6771653543307 487.5590551181102 31.748031496062993 10.488188976377952 est
292.81889763779526 487.5590551181102 36.28346456692913 10.488188976377952 sous
315.496062992126 487.5590551181102 27.212598425196852 10.488188976377952 la
329.1023622047244 487.5590551181102 36.28346456692913 10.488188976377952 main
351.7795275590551 487.5590551181102 36.28346456692913 10.488188976377952 d’un
369.9212598425197 487.5590551181102 45.354330708661415 10.488188976377952 horrible

88.44094488188976 497.4803149606299 45.354330708661415 11.05511811023622 homme
118.77165354330708 497.4803149606299 45.354330708661415 11.05511811023622 nommé
148.8188976377953 497.4803149606299 55.275590551181104 11.05511811023622 Mangin.
189.35433070866142 497.4803149606299 30.330708661417322 11.05511811023622 Il
204.3779527559055 497.4803149606299 55.275590551181104 11.05511811023622 annonce
244.62992125984252 497.4803149606299 35.1496062992126 11.05511811023622 que
264.755905511811 497.4803149606299 40.25196850393701 11.05511811023622 dans
289.98425196850394 497.4803149606299 70.58267716535433 11.05511811023622 trente-six
345.25984251968504 497.4803149606299 45.354330708661415 11.05511811023622 jours
375.59055118110234 497.4803149606299 30.330708661417322 11.05511811023622 il
385.51181102362204 497.4803149606299 30.330708661417322 11.05511811023622 sera

88.44094488188976 507.68503937007875 46.77165354330709 10.488188976377952 libre,
121.03937007874016 507.68503937007875 32.59842519685039 10.488188976377952 et,
139.748031496063 507.68503937007875 51.30708661417323 10.488188976377952 faisant
177.16535433070865 507.68503937007875 56.125984251968504 10.488188976377952 allusion
219.11811023622047 507.68503937007875 23.244094488188978 10.488188976377952 a
228.4724409448819 507.68503937007875 28.062992125984252 10.488188976377952 la
242.64566929133858 507.68503937007875 60.661417322834644 10.488188976377952 démission
289.4173228346457 507.68503937007875 28.062992125984252 10.488188976377952 du
303.3070866141732 507.68503937007875 46.77165354330709 10.488188976377952 préfet
336.18897637795277 507.68503937007875 28.062992125984252 10.488188976377952 de
350.0787401574803 507.68503937007875 51.30708661417323 10.488188976377952 police,
387.496062992126 507.68503937007875 28.062992125984252 10.488188976377952 M.
396.8503937007874 507.68503937007875 18.708661417322833 10.488188976377952 de

88.44094488188976 517.6062992125984 59.811023622047244 11.05511811023622 Belleyme,
134.36220472440945 517.6062992125984 27.496062992125985 11.05511811023622 il
148.251968503937 517.6062992125984 32.31496062992126 11.05511811023622 dit
166.6771653543307 517.6062992125984 32.31496062992126 11.05511811023622 que
185.10236220472441 517.6062992125984 27.496062992125985 11.05511811023622 ce
198.70866141732284 517.6062992125984 50.74015748031496 11.05511811023622 dernier
235.55905511811022 517.6062992125984 45.92125984251968 11.05511811023622 aurait
267.87401574803147 517.6062992125984 27.496062992125985 11.05511811023622 dû
281.4803149606299 517.6062992125984 55.275590551181104 11.05511811023622 attendre
322.86614173228344 517.6062992125984 27.496062992125985 11.05511811023622 sa
336.755905511811 517.6062992125984 45.92125984251968 11.05511811023622 sortie
369.07086614173227 517.6062992125984 36.8503937007874 11.05511811023622 pour
387.496062992126 517.6062992125984 27.496062992125985 11.05511811023622 s’en

85.60629921259843 528.9448818897638 30.614173228346456 7.3700787401574805 aller.

66.33070866141732 546.8031496062993 44.22047244094488 15.590551181102363 16.
91.55905511811024 546.8031496062993 75.96850393700787 15.590551181102363 BÉRANGER
148.53543307086613 546.8031496062993 101.19685039370079 15.590551181102363 (Pierre-Jean
224.50393700787401 546.8031496062993 37.98425196850393 15.590551181102363 de).

103.46456692913385 566.6456692913385 47.62204724409449 11.622047244094489 L’Ami
139.1811023622047 566.6456692913385 55.55905511811024 11.622047244094489 Robin,
182.83464566929135 566.6456692913385 43.653543307086615 11.622047244094489 chanson
214.58267716535434 566.6456692913385 59.52755905511811 11.622047244094489 autographe,
262.48818897637796 566.6456692913385 19.84251968503937 11.622047244094489 3
270.4251968503937 566.6456692913385 23.811023622047244 11.622047244094489 p.
282.3307086614173 566.6456692913385 35.71653543307087 11.622047244094489 in-8.
306.1417322834646 566.6456692913385 47.62204724409449 11.622047244094489 Jolie
337.8897637795276 566.6456692913385 47.62204724409449 11.622047244094489 pièce.

64.62992125984252 587.9055118110236 46.20472440944882 14.173228346456693 17.
90.99212598425197 587.9055118110236 79.37007874015748 14.173228346456693 BOFFRAND
150.51968503937007 587.9055118110236 92.40944881889764 14.173228346456693 (Germain),
223.08661417322836 587.9055118110236 72.56692913385827 14.173228346456693 célèbre
276.09448818897636 587.9055118110236 99.21259842519684 14.173228346456693 architecte,
355.18110236220474 587.9055118110236 46.20472440944882 14.173228346456693 qui
375.0236220472441 587.9055118110236 39.68503937007874 14.173228346456693 con-

90.99212598425197 601.511811023622 69.16535433070867 14.740157480314961 struisit
142.86614173228347 601.511811023622 34.58267716535433 14.740157480314961 le
160.15748031496062 601.511811023622 57.54330708661417 14.740157480314961 palais
200.40944881889763 601.511811023622 34.58267716535433 14.740157480314961 de
217.70078740157481 601.511811023622 51.874015748031496 14.740157480314961 Nancy
252.28346456692913 601.511811023622 34.58267716535433 14.740157480314961 et
269.5748031496063 601.511811023622 34.58267716535433 14.740157480314961 le
286.86614173228344 601.511811023622 63.496062992125985 14.740157480314961 château
333.07086614173227 601.511811023622 34.58267716535433 14.740157480314961 de
344.6929133858268 601.511811023622 69.16535433070867 14.740157480314961 Lunéville,

90.4251968503937 617.1023622047244 35.71653543307087 11.905511811023622 n.
108.28346456692914 617.1023622047244 29.763779527559056 11.905511811023622 à
120.18897637795276 617.1023622047244 65.76377952755905 11.905511811023622 Nantes,
168.09448818897638 617.1023622047244 53.85826771653543 11.905511811023622 1667,
203.81102362204723 617.1023622047244 35.71653543307087 11.905511811023622 m.
215.71653543307087 617.1023622047244 41.95275590551181 11.905511811023622 1754.

102.61417322834646 634.6771653543307 26.362204724409448 11.622047244094489 L.
115.65354330708661 634.6771653543307 26.362204724409448 11.622047244094489 a.
128.69291338582678 634.6771653543307 30.614173228346456 11.622047244094489 s.;
146.26771653543307 634.6771653543307 43.653543307086615 11.622047244094489 Paris,
176.88188976377953 634.6771653543307 26.362204724409448 11.622047244094489 22
189.92125984251967 634.6771653543307 56.976377952755904 11.622047244094489 septembre
233.5748031496063 634.6771653543307 39.40157480314961 11.622047244094489 1746,
259.93700787401576 634.6771653543307 21.826771653543307 11.622047244094489 2
268.7244094488189 634.6771653543307 26.362204724409448 11.622047244094489 p.
281.76377952755905 634.6771653543307 39.40157480314961 11.622047244094489 in-4.
303.59055118110234 634.6771653543307 61.22834645669291 11.622047244094489 Rare.

97.51181102362204 650.2677165354331 41.95275590551181 9.070866141732283 Belle
125.29133858267717 650.2677165354331 46.488188976377955 9.070866141732283 lettre
157.88976377952756 650.2677165354331 55.84251968503937 9.070866141732283 relative
199.84251968503938 650.2677165354331 23.244094488188978 9.070866141732283 à
209.1968503937008 650.2677165354331 28.062992125984252 9.070866141732283 la
223.37007874015748 650.2677165354331 74.55118110236221 9.070866141732283 construction
283.748031496063 650.2677165354331 41.95275590551181 9.070866141732283 d’une
311.81102362204723 650.2677165354331 51.30708661417323 9.070866141732283 tribune
349.2283464566929 650.2677165354331 28.062992125984252 9.070866141732283 de
363.11811023622045 650.2677165354331 51.30708661417323 9.070866141732283 l'Hôtel
395.7165354330709 650.2677165354331 18.708661417322833 9.070866141732283 de

84.75590551181102 661.6062992125984 30.89763779527559 7.653543307086614 Ville.
