2179 3146
786 455 117 26 —
832 455 140 26 17
879 455 70 26 —

262 526 158 57 90.
353 526 383 57 NASSAU-SIEGEN
668 526 248 57 (Othon,
849 526 226 57 prince
1007 526 180 57 de),
1120 526 248 57 célèbre
1277 526 226 57 général,

358 579 210 49 fameux
505 579 147 49 par
589 579 147 49 ses
673 579 294 49 aventures,
905 579 126 49 n.
968 579 189 49 1745,
1094 579 126 49 m.
1136 579 147 49 1809.

398 643 100 44 P.
448 643 100 44 a.
498 643 117 44 s.;
565 643 166 44 Tinna,
681 643 100 44 15
731 643 133 44 août
814 643 150 44 1807,
914 643 83 44 2
948 643 100 44 p.
981 643 183 44 in

380 700 202 42 Curieuse
531 700 134 42 note
615 700 202 42 destinée
767 700 84 42 à
800 700 134 42 être
884 700 168 42 remise
1002 700 84 42 à
1036 700 235 42 Talleyrand
1220 700 101 42 où
1271 700 101 42 il
1321 700 168 42 expose
1422 700 84 42 ses

348 731 163 46 droits
462 731 114 46 sur
527 731 114 46 les
592 731 147 46 États
690 731 98 46 de
739 731 179 46 Siegen.
869 731 261 46 Intéressants
1081 731 179 46 détails
1212 731 114 46 sur
1277 731 98 46 la
1326 731 179 46 famille
1440 731 65 46 de

331 778 152 26 Nassau.

263 827 161 61 91.
355 827 253 61 ORLÉANS
539 827 552 61 (Élisabeth-Charlotte
1023 827 138 61 de
1092 827 276 61 Bavière,
1276 827 230 61 duchesse

358 884 170 52 d’),
464 884 191 52 femme
591 884 127 52 de
655 884 254 52 Philippe
846 884 148 52 duc
930 884 297 52 d’Orléans,
1164 884 170 52 mère
1270 884 127 52 du
1312 884 191 52 Régent.

359 934 140 51 On
429 934 117 51 a
475 934 234 51 publié
639 934 140 51 sa
709 934 280 51 curieuse
919 934 444 51 correspondance,
1293 934 140 51 n.
1340 934 163 51 1652,

359 990 129 33 m.
402 990 151 33 1722.

398 1049 107 45 L.
452 1049 107 45 a.
505 1049 107 45 s.
559 1049 125 45 (au
630 1049 125 45 duc
702 1049 107 45 de
756 1049 250 45 Vendôme?);
952 1049 322 45 Fontainebleau,
1220 1049 89 45 7
1256 1049 197 45 octobre
1381 1049 125 45 1694,

363 1090 69 44 1
391 1090 82 44 p.
432 1090 123 44 in-4.
514 1090 178 44 (<i>Coll.
637 1090 206 44 Chambry</i>.)

379 1147 154 40 Jolie
481 1147 171 40 lettre
601 1147 103 40 où
652 1147 137 40 elle
738 1147 188 40 exprime
875 1147 205 40 l’espoir
1028 1147 120 40 que
1097 1147 103 40 le
1148 1147 120 40 roi
1216 1147 273 40 récompensera
1422 1147 85 40 son

333 1189 144 26 mérite.

263 1246 150 54 92.
348 1246 193 54 PANGE
477 1246 300 54 (François,
713 1246 279 54 chevalier
928 1246 172 54 de),
1035 1246 279 54 écrivain,
1250 1246 150 54 ami
1314 1246 193 54 d’André

362 1298 253 45 Chénier,
552 1298 126 45 n.
615 1298 190 45 1764,
741 1298 126 45 m.
783 1298 148 45 1796.

399 1361 111 45 L.
455 1361 111 45 a.
511 1361 111 45 s.
566 1361 111 45 au
622 1361 167 45 poète
733 1361 204 45 LEBRUN;
881 1361 278 45 Sarrelouis,
1103 1361 111 45 26
1158 1361 130 45 mai
1232 1361 167 45 1783,
1343 1361 93 45 2
1380 1361 111 45 p.
1417 1361 93 45 1/2

368 1405 103 32 in-4.
436 1405 126 32 <i>Très
517 1405 126 32 rare</i>.

385 1459 149 41 Belle
485 1459 165 41 lettre
600 1459 99 41 où
650 1459 99 41 il
699 1459 182 41 exprime
831 1459 116 41 son
897 1459 231 41 admiration
1079 1459 132 41 pour
1161 1459 99 41 le
1211 1459 165 41 talent
1326 1459 99 41 de
1359 1459 149 41 Lebrun.

348 1495 107 41 II
402 1495 161 41 parle
509 1495 107 41 de
563 1495 143 41 leur
652 1495 125 41 ami
724 1495 179 41 commun
849 1495 179 41 (André
974 1495 232 41 Chénier?)
1153 1495 107 41 et
1206 1495 107 41 se
1260 1495 179 41 plaint
1367 1495 143 41 d'être

350 1533 147 39 exilé
448 1533 131 39 dans
529 1533 98 39 la
578 1533 196 39 garnison
725 1533 98 39 de
758 1533 212 39 Sarrelouis.

264 1593 171 55 93.
361 1593 317 55 PARTHENAY
605 1593 341 55 (Catherine
873 1593 195 55 de),
995 1593 341 55 vicomtesse
1263 1593 146 55 de
1312 1593 195 55 Rohan,

362 1642 242 52 illustre
543 1642 302 52 calviniste,
785 1642 161 52 dont
886 1642 282 52 l’héroïsme
1108 1642 222 52 pendant
1269 1642 121 52 le
1330 1642 181 52 siège
1430 1642 81 52 de

363 1691 126 53 La
426 1691 252 53 Rochelle
615 1691 147 53 est
700 1691 274 53 justement
910 1691 231 53 fameux,
1078 1691 126 53 n.
1141 1691 189 53 1554,
1268 1691 126 53 m.
1310 1691 147 53 1631.

402 1757 109 43 L.
456 1757 109 43 a.
511 1757 109 43 s.
565 1757 109 43 au
620 1757 218 43 CARDINAL
783 1757 109 43 DE
837 1757 254 43 RICHELIEU;
1037 1757 109 43 Le
1092 1757 163 43 Parc,
1200 1757 109 43 21
1255 1757 200 43 février
1382 1757 127 43 1625,

366 1803 76 40 1
396 1803 91 40 p.
427 1803 167 40 in

384 1855 182 38 SUPERBE
517 1855 166 38 LETTRE
633 1855 99 38 où
682 1855 132 38 elle
765 1855 116 38 lui
831 1855 182 38 demande
964 1855 265 38 d’intercéder
1179 1855 99 38 en
1229 1855 99 38 sa
1278 1855 166 38 faveur
1378 1855 132 38 auprès

348 1891 104 42 du
400 1891 121 42 roi
469 1891 139 42 pour
556 1891 121 42 que
625 1891 121 42 les
695 1891 191 42 revenus
833 1891 104 42 de
885 1891 104 42 sa
938 1891 173 42 maison
1059 1891 104 42 de
1111 1891 208 42 Josselin
1267 1891 104 42 ne
1319 1891 173 42 soient
1423 1891 87 42 pas

348 1926 218 42 affectés
511 1926 109 42 au
566 1926 218 42 paiement
729 1926 127 42 des
802 1926 145 42 gens
893 1926 200 42 d’armes
1038 1926 127 42 que
1111 1926 109 42 le
1166 1926 127 42 duc
1238 1926 109 42 de
1293 1926 200 42 Vendôme
1438 1926 91 42 y
1456 1926 55 42 a

350 1962 123 42 mis
421 1962 105 42 en
473 1962 211 42 garnison
631 1962 140 42 «veu
719 1962 123 42 que
789 1962 105 42 le
842 1962 123 42 Roy
912 1962 211 42 n’entend
1070 1962 158 42 point
1175 1962 123 42 que
1246 1962 140 42 ceux
1333 1962 123 42 qui
1404 1962 105 42 ne
1439 1962 70 42 se

347 1997 194 42 meslent
488 1997 123 42 que
559 1997 106 42 de
612 1997 159 42 prier
717 1997 141 42 Dieu
805 1997 141 42 pour
893 1997 106 42 la
946 1997 247 42 prospérité
1140 1997 106 42 de
1193 1997 106 42 Sa
1246 1997 194 42 Majesté
1369 1997 141 42 soyent

351 2034 206 39 molestez
505 2034 103 39 en
557 2034 155 39 leurs
660 2034 155 39 biens
763 2034 120 39 non
832 2034 137 39 plus
918 2034 155 39 qu’en
1021 2034 155 39 leurs
1107 2034 223 39 personnes».

268 2095 153 57 94.
355 2095 218 57 PATKUL
508 2095 393 57 (Jean-Reinhold
836 2095 175 57 de),
945 2095 196 57 noble
1076 2095 284 57 livonien,
1294 2095 153 57 qui
1359 2095 153 57 tenta

360 2144 133 55 de
426 2144 266 55 délivrer
626 2144 155 55 son
714 2144 177 55 pays
825 2144 133 55 du
892 2144 177 55 joug
1002 2144 133 55 de
1069 2144 133 55 la
1135 2144 222 55 Suède,
1290 2144 199 55 livré
1401 2144 111 55 par

360 2193 234 54 Auguste
530 2193 149 54 II,
615 2193 149 54 roi
700 2193 128 54 de
764 2193 255 54 Pologne,
956 2193 106 54 à
998 2193 234 54 Charles
1168 2193 170 54 XII,
1275 2193 149 54 qui
1360 2193 128 54 le
1403 2193 106 54 fit

363 2249 261 37 écarteler
564 2249 121 37 en
604 2249 141 37 1707.

403 2308 102 45 L.
454 2308 119 45 s.,
522 2308 102 45 en
573 2308 221 45 allemand;
743 2308 187 45 Dresde,
879 2308 119 45 1er
947 2308 136 45 juin
1033 2308 153 45 1705,
1135 2308 85 45 1
1169 2308 102 45 p.
1220 2308 221 45 in-folio,
1373 2308 136 45 cachet

369 2354 108 33 bien
436 2354 175 33 conservé.
571 2354 148 33 <i>Très
665 2354 148 33 rare</i>.
