534.8976377952756 851.5275590551181
270.70866141732284 129.82677165354332 33.16535433070866 7.3700787401574805 —
283.748031496063 129.82677165354332 39.68503937007874 7.3700787401574805 22
297.07086614173227 129.82677165354332 19.84251968503937 7.3700787401574805 —

113.95275590551181 150.23622047244095 51.874015748031496 15.874015748031496 116.
146.5511811023622 150.23622047244095 58.39370078740158 15.874015748031496 SPOHR
185.38582677165354 150.23622047244095 84.4724409448819 15.874015748031496 (Ludwig),
250.29921259842519 150.23622047244095 38.83464566929134 15.874015748031496 le
269.8582677165354 150.23622047244095 71.43307086614173 15.874015748031496 célèbre
321.73228346456693 150.23622047244095 97.51181102362204 15.874015748031496 compositeur
399.68503937007875 150.23622047244095 38.83464566929134 15.874015748031496 de
412.7244094488189 150.23622047244095 58.39370078740158 15.874015748031496 musique

148.251968503937 164.9763779527559 80.22047244094489 13.32283464566929 allemand,
210.04724409448818 164.9763779527559 37.13385826771653 13.32283464566929 n.
228.4724409448819 164.9763779527559 55.55905511811024 13.32283464566929 1784,
265.6062992125984 164.9763779527559 37.13385826771653 13.32283464566929 m.
278.0787401574803 164.9763779527559 43.08661417322835 13.32283464566929 1859.

160.44094488188978 185.66929133858267 28.062992125984252 12.188976377952756 L.
174.33070866141733 185.66929133858267 28.062992125984252 12.188976377952756 a.
188.2204724409449 185.66929133858267 28.062992125984252 12.188976377952756 s.
202.39370078740157 185.66929133858267 41.95275590551181 12.188976377952756 J.-F.
230.45669291338584 185.66929133858267 46.77165354330709 12.188976377952756 Kittl;
263.0551181102362 185.66929133858267 51.30708661417323 12.188976377952756 Cassel,
300.4724409448819 185.66929133858267 23.244094488188978 12.188976377952756 3
309.8267716535433 185.66929133858267 37.41732283464567 12.188976377952756 août
333.3543307086614 185.66929133858267 41.95275590551181 12.188976377952756 1846,
361.4173228346457 185.66929133858267 23.244094488188978 12.188976377952756 2
370.7716535433071 185.66929133858267 28.062992125984252 12.188976377952756 p.
384.66141732283467 185.66929133858267 32.59842519685039 12.188976377952756 1/2
398.8346456692913 185.66929133858267 32.59842519685039 12.188976377952756 in

155.0551181102362 204.66141732283464 65.19685039370079 11.622047244094489 Importante
206.07874015748033 204.66141732283464 46.488188976377955 11.622047244094489 lettre
238.6771653543307 204.66141732283464 28.062992125984252 11.622047244094489 où
252.56692913385828 204.66141732283464 28.062992125984252 11.622047244094489 il
266.74015748031496 204.66141732283464 41.95275590551181 11.622047244094489 parle
294.5196850393701 204.66141732283464 28.062992125984252 11.622047244094489 de
308.40944881889766 204.66141732283464 32.59842519685039 11.622047244094489 ses
327.11811023622045 204.66141732283464 74.55118110236221 11.622047244094489 compositions
387.496062992126 204.66141732283464 65.19685039370079 11.622047244094489 musicales,
438.8031496062992 204.66141732283464 28.062992125984252 11.622047244094489 de
448.15748031496065 204.66141732283464 23.244094488188978 11.622047244094489 son

145.41732283464566 215.71653543307087 45.63779527559055 10.488188976377952 séjour
177.4488188976378 215.71653543307087 22.96062992125984 10.488188976377952 à
186.51968503937007 215.71653543307087 59.52755905511811 10.488188976377952 Carlsbad,
227.6220472440945 215.71653543307087 27.496062992125985 10.488188976377952 etc.

113.66929133858268 235.2755905511811 57.25984251968504 15.307086614173228 117.
149.38582677165354 235.2755905511811 128.69291338582678 15.307086614173228 STAEL-HOLSTEIN
256.53543307086613 235.2755905511811 178.58267716535434 15.307086614173228 (Anne-Louise-Germaine
406.48818897637796 235.2755905511811 64.34645669291339 15.307086614173228 NECKER,

149.10236220472441 249.4488188976378 60.09448818897638 15.307086614173228 baronne
192.75590551181102 249.4488188976378 43.653543307086615 15.307086614173228 de),
219.96850393700788 249.4488188976378 76.53543307086615 15.307086614173228 l’illustre
280.06299212598424 249.4488188976378 54.70866141732284 15.307086614173228 auteur
318.3307086614173 249.4488188976378 32.881889763779526 15.307086614173228 de
334.7716535433071 249.4488188976378 103.74803149606299 15.307086614173228 Corinne,
422.0787401574803 249.4488188976378 32.881889763779526 15.307086614173228 n.
432.8503937007874 249.4488188976378 38.267716535433074 15.307086614173228 1766,

148.53543307086613 265.6062992125984 37.98425196850393 9.637795275590552 m.
161.00787401574803 265.6062992125984 44.503937007874015 9.637795275590552 1817.

159.30708661417322 284.88188976377955 30.614173228346456 12.472440944881889 L.
174.61417322834646 284.88188976377955 30.614173228346456 12.472440944881889 a.
189.92125984251967 284.88188976377955 30.614173228346456 12.472440944881889 s.
205.51181102362204 284.88188976377955 25.511811023622048 12.472440944881889 à
215.71653543307087 284.88188976377955 30.614173228346456 12.472440944881889 M.
231.0236220472441 284.88188976377955 61.511811023622045 12.472440944881889 Ternaux;
276.9448818897638 284.88188976377955 51.30708661417323 12.472440944881889 Blois,
312.9448818897638 284.88188976377955 35.71653543307087 12.472440944881889 1er
333.3543307086614 284.88188976377955 66.61417322834646 12.472440944881889 septembre
384.66141732283467 284.88188976377955 46.20472440944882 12.472440944881889 1810,
415.2755905511811 284.88188976377955 25.511811023622048 12.472440944881889 4
425.4803149606299 284.88188976377955 30.614173228346456 12.472440944881889 p.
435.9685039370079 284.88188976377955 35.71653543307087 12.472440944881889 in

149.38582677165354 296.2204724409449 47.338582677165356 13.039370078740157 papier
182.5511811023622 296.2204724409449 61.511811023622045 13.039370078740157 filigrané
229.88976377952756 296.2204724409449 37.98425196850393 13.039370078740157 avec
253.41732283464566 296.2204724409449 28.346456692913385 13.039370078740157 le
267.87401574803147 296.2204724409449 47.338582677165356 13.039370078740157 profil
300.755905511811 296.2204724409449 28.346456692913385 13.039370078740157 de
314.92913385826773 296.2204724409449 56.69291338582677 13.039370078740157 Napoléon
352.9133858267717 296.2204724409449 28.346456692913385 13.039370078740157 Ier.

155.6220472440945 314.92913385826773 55.84251968503937 11.338582677165354 Curieuse
197.29133858267716 314.92913385826773 46.488188976377955 11.338582677165354 lettre
229.88976377952756 314.92913385826773 23.244094488188978 11.338582677165354 à
239.24409448818898 314.92913385826773 27.77952755905512 11.338582677165354 un
253.13385826771653 314.92913385826773 60.37795275590551 11.338582677165354 créancier
299.62204724409446 314.92913385826773 32.59842519685039 11.338582677165354 qui
318.3307086614173 314.92913385826773 27.77952755905512 11.338582677165354 ne
332.2204724409449 314.92913385826773 51.023622047244096 11.338582677165354 voulait
369.3543307086614 314.92913385826773 32.59842519685039 11.338582677165354 lui
388.06299212598424 314.92913385826773 46.488188976377955 11.338582677165354 verser
420.66141732283467 314.92913385826773 32.59842519685039 11.338582677165354 que
434.5511811023622 314.92913385826773 37.13385826771653 11.338582677165354 70.000

145.13385826771653 325.13385826771656 46.77165354330709 11.905511811023622 francs
177.73228346456693 325.13385826771656 37.41732283464567 11.905511811023622 pour
200.9763779527559 325.13385826771656 60.661417322834644 11.905511811023622 acquitter
247.748031496063 325.13385826771656 32.59842519685039 11.905511811023622 une
266.45669291338584 325.13385826771656 41.95275590551181 11.905511811023622 dette
294.23622047244095 325.13385826771656 28.062992125984252 11.905511811023622 de
308.40944881889766 325.13385826771656 51.30708661417323 11.905511811023622 80.000.
345.54330708661416 325.13385826771656 32.59842519685039 11.905511811023622 «Je
364.251968503937 325.13385826771656 60.661417322834644 11.905511811023622 n’entends
411.0236220472441 325.13385826771656 32.59842519685039 11.905511811023622 les
424.9133858267717 325.13385826771656 46.77165354330709 11.905511811023622 affaires

145.13385826771653 335.0551181102362 33.16535433070866 12.188976377952756 que
164.1259842519685 335.0551181102362 33.16535433070866 12.188976377952756 par
183.11811023622047 335.0551181102362 33.16535433070866 12.188976377952756 une
202.11023622047244 335.0551181102362 56.69291338582677 12.188976377952756 certaine
244.62992125984252 335.0551181102362 56.69291338582677 12.188976377952756 habitude
287.1496062992126 335.0551181102362 28.346456692913385 12.188976377952756 de
301.3228346456693 335.0551181102362 56.69291338582677 12.188976377952756 droiture
343.84251968503935 335.0551181102362 42.51968503937008 12.188976377952756 d’âme
372.18897637795277 335.0551181102362 28.346456692913385 12.188976377952756 et
386.6456692913386 335.0551181102362 28.346456692913385 12.188976377952756 de
400.81889763779526 335.0551181102362 56.69291338582677 12.188976377952756 justesse
438.5196850393701 335.0551181102362 33.16535433070866 12.188976377952756 d’es-

144.8503937007874 345.54330708661416 36.28346456692913 11.622047244094489 prit
167.5275590551181 345.54330708661416 31.748031496062993 11.622047244094489 qui
185.66929133858267 345.54330708661416 27.212598425196852 11.622047244094489 ne
199.2755905511811 345.54330708661416 68.03149606299213 11.622047244094489 suffiraient
253.98425196850394 345.54330708661416 31.748031496062993 11.622047244094489 pas
272.12598425196853 345.54330708661416 36.28346456692913 11.622047244094489 pour
294.8031496062992 345.54330708661416 54.425196850393704 11.622047244094489 conduire
335.62204724409446 345.54330708661416 40.818897637795274 11.622047244094489 comme
362.8346456692913 345.54330708661416 36.28346456692913 11.622047244094489 vous
385.51181102362204 345.54330708661416 31.748031496062993 11.622047244094489 les
403.93700787401576 345.54330708661416 36.28346456692913 11.622047244094489 plus
426.61417322834643 345.54330708661416 45.354330708661415 11.622047244094489 vastes
453.8267716535433 345.54330708661416 18.141732283464567 11.622047244094489 et

144.8503937007874 355.748031496063 33.732283464566926 11.622047244094489 les
164.1259842519685 355.748031496063 38.55118110236221 11.622047244094489 plus
188.2204724409449 355.748031496063 48.188976377952756 11.622047244094489 utiles
221.66929133858267 355.748031496063 76.81889763779527 11.622047244094489 entreprises,
284.31496062992125 355.748031496063 38.55118110236221 11.622047244094489 mais
308.40944881889766 355.748031496063 33.732283464566926 11.622047244094489 qui
327.40157480314963 355.748031496063 28.913385826771652 11.622047244094489 me
341.8582677165354 355.748031496063 38.55118110236221 11.622047244094489 sert
365.9527559055118 355.748031496063 24.094488188976378 11.622047244094489 à
375.59055118110234 355.748031496063 57.54330708661417 11.622047244094489 conduire
418.6771653543307 355.748031496063 28.913385826771652 11.622047244094489 ce
433.13385826771656 355.748031496063 33.732283464566926 11.622047244094489 que
447.59055118110234 355.748031496063 24.094488188976378 11.622047244094489 mon

144.8503937007874 365.9527559055118 39.118110236220474 11.622047244094489 père
169.22834645669292 365.9527559055118 34.2992125984252 11.622047244094489 m’a
188.78740157480314 365.9527559055118 44.22047244094488 11.622047244094489 donné
218.26771653543307 365.9527559055118 29.480314960629922 11.622047244094489 et
233.00787401574803 365.9527559055118 29.480314960629922 11.622047244094489 ce
247.748031496063 365.9527559055118 34.2992125984252 11.622047244094489 que
267.3070866141732 365.9527559055118 29.480314960629922 11.622047244094489 le
282.0472440944882 365.9527559055118 78.51968503937007 11.622047244094489 gouvernement
345.54330708661416 365.9527559055118 34.2992125984252 11.622047244094489 m'a
360.2834645669291 365.9527559055118 49.039370078740156 11.622047244094489 laissé.»

113.95275590551181 387.21259842519686 51.023622047244096 15.590551181102363 118.
145.98425196850394 387.21259842519686 63.77952755905512 15.590551181102363 THIERS
190.77165354330708 387.21259842519686 89.29133858267717 15.590551181102363 (Adolphe),
261.07086614173227 387.21259842519686 70.2992125984252 15.590551181102363 premier
312.09448818897636 387.21259842519686 83.05511811023622 15.590551181102363 président
375.87401574803147 387.21259842519686 38.267716535433074 15.590551181102363 de
395.1496062992126 387.21259842519686 38.267716535433074 15.590551181102363 la
414.1417322834646 387.21259842519686 38.267716535433074 15.590551181102363 3e
426.8976377952756 387.21259842519686 44.78740157480315 15.590551181102363 Répu-

148.8188976377953 402.23622047244095 58.110236220472444 14.456692913385826 blique
189.63779527559055 402.23622047244095 81.35433070866142 14.456692913385826 française,
253.70078740157481 402.23622047244095 34.86614173228347 14.456692913385826 n.
270.99212598425197 402.23622047244095 52.44094488188976 14.456692913385826 1797,
305.8582677165354 402.23622047244095 34.86614173228347 14.456692913385826 m.
317.4803149606299 402.23622047244095 40.818897637795274 14.456692913385826 1877.

160.15748031496062 422.92913385826773 27.77952755905512 13.32283464566929 L.
174.04724409448818 422.92913385826773 27.77952755905512 13.32283464566929 a.
187.93700787401573 422.92913385826773 27.77952755905512 13.32283464566929 s.
201.82677165354332 422.92913385826773 27.77952755905512 13.32283464566929 au
215.71653543307087 422.92913385826773 60.37795275590551 13.32283464566929 président
262.20472440944883 422.92913385826773 27.77952755905512 13.32283464566929 du
276.09448818897636 422.92913385826773 41.669291338582674 13.32283464566929 Corps
303.87401574803147 422.92913385826773 69.73228346456693 13.32283464566929 législatif;
359.7165354330709 422.92913385826773 46.488188976377955 13.32283464566929 Paris,
392.31496062992125 422.92913385826773 27.77952755905512 13.32283464566929 19
406.20472440944883 422.92913385826773 51.023622047244096 13.32283464566929 juillet
438.5196850393701 422.92913385826773 32.59842519685039 13.32283464566929 1870,

149.66929133858267 435.9685039370079 22.96062992125984 11.338582677165354 1
158.74015748031496 435.9685039370079 27.496062992125985 11.338582677165354 p.
172.62992125984252 435.9685039370079 32.031496062992126 11.338582677165354 1/2
186.23622047244095 435.9685039370079 32.031496062992126 11.338582677165354 in

155.6220472440945 453.25984251968504 41.10236220472441 10.204724409448819 Belle
183.11811023622047 453.25984251968504 45.92125984251968 10.204724409448819 lettre
215.1496062992126 453.25984251968504 27.496062992125985 10.204724409448819 où
228.75590551181102 453.25984251968504 27.496062992125985 10.204724409448819 il
242.64566929133858 453.25984251968504 32.031496062992126 10.204724409448819 lui
261.07086614173227 453.25984251968504 50.45669291338583 10.204724409448819 demande
297.6377952755906 453.25984251968504 82.48818897637796 10.204724409448819 l’autorisation
366.23622047244095 453.25984251968504 27.496062992125985 10.204724409448819 de
380.12598425196853 453.25984251968504 64.06299212598425 10.204724409448819 s’absenter
430.5826771653543 453.25984251968504 27.496062992125985 10.204724409448819 de
439.65354330708664 453.25984251968504 32.031496062992126 10.204724409448819 Paris

144.8503937007874 465.1653543307087 56.40944881889764 10.488188976377952 pendant
185.66929133858267 465.1653543307087 30.614173228346456 10.488188976377952 un
196.15748031496062 465.1653543307087 35.71653543307087 10.488188976377952 mois.

114.80314960629921 485.29133858267716 48.188976377952756 15.874015748031496 119.
144.8503937007874 485.29133858267716 84.4724409448819 15.874015748031496 TIRABOSCHI
211.46456692913387 485.29133858267716 90.70866141732283 15.874015748031496 (Girolamo),
283.748031496063 485.29133858267716 66.33070866141732 15.874015748031496 célèbre
332.2204724409449 485.29133858267716 60.37795275590551 15.874015748031496 érudit
374.45669291338584 485.29133858267716 72.56692913385827 15.874015748031496 italien,
422.92913385826773 485.29133858267716 48.188976377952756 15.874015748031496 auteur

148.8188976377953 499.748031496063 31.748031496062993 13.606299212598426 de
164.69291338582678 499.748031496063 73.7007874015748 13.606299212598426 l’Histoire
222.8031496062992 499.748031496063 31.748031496062993 13.606299212598426 de
238.6771653543307 499.748031496063 31.748031496062993 13.606299212598426 la
254.26771653543307 499.748031496063 79.08661417322834 13.606299212598426 littérature
317.76377952755905 499.748031496063 73.7007874015748 13.606299212598426 française,
375.59055118110234 499.748031496063 31.748031496062993 13.606299212598426 n.
391.46456692913387 499.748031496063 47.338582677165356 13.606299212598426 1731,
423.21259842519686 499.748031496063 31.748031496062993 13.606299212598426 m.
433.7007874015748 499.748031496063 36.8503937007874 13.606299212598426 1794.

160.15748031496062 521.007874015748 28.62992125984252 12.188976377952756 L.
174.61417322834646 521.007874015748 28.62992125984252 12.188976377952756 a.
188.78740157480314 521.007874015748 28.62992125984252 12.188976377952756 s.
203.24409448818898 521.007874015748 23.811023622047244 12.188976377952756 à
212.5984251968504 521.007874015748 57.25984251968504 12.188976377952756 Domenico
255.68503937007873 521.007874015748 52.44094488188976 12.188976377952756 Coleti;
293.9527559055118 521.007874015748 52.44094488188976 12.188976377952756 Modène,
332.2204724409449 521.007874015748 33.44881889763779 12.188976377952756 1er
351.21259842519686 521.007874015748 52.44094488188976 12.188976377952756 juillet
389.4803149606299 521.007874015748 43.08661417322835 12.188976377952756 1788,
418.1102362204724 521.007874015748 23.811023622047244 12.188976377952756 2
427.46456692913387 521.007874015748 28.62992125984252 12.188976377952756 p.
437.1023622047244 521.007874015748 33.44881889763779 12.188976377952756 in

155.33858267716536 540.5669291338583 72.0 11.05511811023622 Intéressante
213.73228346456693 540.5669291338583 45.07086614173228 11.05511811023622 lettre
245.1968503937008 540.5669291338583 26.929133858267715 11.05511811023622 où
258.8031496062992 540.5669291338583 26.929133858267715 11.05511811023622 il
272.12598425196853 540.5669291338583 40.53543307086614 11.05511811023622 parle
299.0551181102362 540.5669291338583 26.929133858267715 11.05511811023622 de
312.66141732283467 540.5669291338583 31.46456692913386 11.05511811023622 ses
326.26771653543307 540.5669291338583 49.32283464566929 11.05511811023622 ouvrages.

114.80314960629921 561.8267716535433 47.62204724409449 15.590551181102363 120.
144.56692913385828 561.8267716535433 65.48031496062993 15.590551181102363 TOLSTOI
192.18897637795277 561.8267716535433 59.52755905511811 15.590551181102363 (Léon,
233.5748031496063 561.8267716535433 65.48031496062993 15.590551181102363 comte),
281.1968503937008 561.8267716535433 35.71653543307087 15.590551181102363 le
299.0551181102362 561.8267716535433 65.48031496062993 15.590551181102363 célèbre
346.6771653543307 561.8267716535433 71.43307086614173 15.590551181102363 écrivain
394.01574803149606 561.8267716535433 47.62204724409449 15.590551181102363 russe.

160.7244094488189 583.6535433070866 24.37795275590551 12.472440944881889 L.
172.91338582677164 583.6535433070866 24.37795275590551 12.472440944881889 a.
185.10236220472441 583.6535433070866 24.37795275590551 12.472440944881889 s.
197.29133858267716 583.6535433070866 20.409448818897637 12.472440944881889 à
205.51181102362204 583.6535433070866 24.37795275590551 12.472440944881889 un
217.70078740157481 583.6535433070866 44.78740157480315 12.472440944881889 prince,
250.29921259842519 583.6535433070866 20.409448818897637 12.472440944881889 1
258.5196850393701 583.6535433070866 24.37795275590551 12.472440944881889 p.
270.70866141732284 583.6535433070866 28.62992125984252 12.472440944881889 1/2
287.1496062992126 583.6535433070866 36.8503937007874 12.472440944881889 in-8.
311.5275590551181 583.6535433070866 44.78740157480315 12.472440944881889 Très
340.15748031496065 583.6535433070866 44.78740157480315 12.472440944881889 rare.

113.10236220472441 605.1968503937007 49.039370078740156 15.307086614173228 121.
144.0 605.1968503937007 86.1732283464567 15.307086614173228 TOURGUENEF
211.46456692913387 605.1968503937007 67.74803149606299 15.307086614173228 (Ivan),
260.78740157480314 605.1968503937007 67.74803149606299 15.307086614173228 célèbre
309.8267716535433 605.1968503937007 79.93700787401575 15.307086614173228 romancier
371.33858267716533 605.1968503937007 61.511811023622045 15.307086614173228 russe,
414.4251968503937 605.1968503937007 36.8503937007874 15.307086614173228 n.
426.61417322834643 605.1968503937007 43.08661417322835 15.307086614173228 1818,

146.5511811023622 621.0708661417323 39.968503937007874 9.921259842519685 m.
159.8740157480315 621.0708661417323 46.77165354330709 9.921259842519685 1883.

158.45669291338584 640.0629921259842 29.763779527559056 13.039370078740157 L.
173.1968503937008 640.0629921259842 29.763779527559056 13.039370078740157 a.
187.93700787401573 640.0629921259842 34.58267716535433 13.039370078740157 s.,
207.7795275590551 640.0629921259842 29.763779527559056 13.039370078740157 en
222.51968503937007 640.0629921259842 64.34645669291339 13.039370078740157 allemand;
272.12598425196853 640.0629921259842 64.34645669291339 13.039370078740157 Bougival,
321.4488188976378 640.0629921259842 29.763779527559056 13.039370078740157 23
336.18897637795277 640.0629921259842 64.34645669291339 13.039370078740157 septembre
385.79527559055117 640.0629921259842 44.503937007874015 13.039370078740157 1881,
415.2755905511811 640.0629921259842 24.661417322834644 13.039370078740157 2
425.1968503937008 640.0629921259842 29.763779527559056 13.039370078740157 p.
435.11811023622045 640.0629921259842 34.58267716535433 13.039370078740157 in

153.92125984251967 659.0551181102362 70.2992125984252 11.338582677165354 Intéressante
210.89763779527559 659.0551181102362 43.93700787401575 11.338582677165354 lettre
241.51181102362204 659.0551181102362 52.724409448818896 11.338582677165354 relative
281.1968503937008 659.0551181102362 21.826771653543307 11.338582677165354 à
289.98425196850394 659.0551181102362 26.362204724409448 11.338582677165354 la
303.0236220472441 659.0551181102362 61.511811023622045 11.338582677165354 traduction
351.496062992126 659.0551181102362 26.362204724409448 11.338582677165354 et
364.53543307086613 659.0551181102362 21.826771653543307 11.338582677165354 à
373.3228346456693 659.0551181102362 26.362204724409448 11.338582677165354 la
386.6456692913386 659.0551181102362 65.76377952755905 11.338582677165354 publication
439.37007874015745 659.0551181102362 26.362204724409448 11.338582677165354 de
448.15748031496065 659.0551181102362 21.826771653543307 11.338582677165354 ses

143.43307086614172 670.6771653543307 51.30708661417323 8.220472440944881 œuvres
179.1496062992126 670.6771653543307 30.614173228346456 8.220472440944881 en
189.35433070866142 670.6771653543307 56.40944881889764 8.220472440944881 allemand.
