1971 3146
1169 481 121 26 —
1217 481 121 26 2
1241 481 73 26 —

647 546 137 58 5.
716 546 274 58 ALPHONSE
921 546 137 58 II
990 546 251 58 d’ESTE,
1173 546 160 58 duc
1264 546 137 58 de
1333 546 274 58 Ferrare,
1538 546 183 58 fils
1652 546 137 58 de
1698 546 160 58 Renée

728 595 123 65 de
790 595 226 65 France,
955 595 185 65 frère
1078 595 123 65 de
1140 595 123 65 la
1202 595 185 65 belle
1325 595 226 65 Léonora
1490 595 226 65 d’Este,
1654 595 185 65 aimée
1757 595 103 65 par

732 655 127 51 Le
795 655 212 51 Tasse,
944 655 127 51 n.
1008 655 191 51 1533,
1135 655 127 51 m.
1177 655 149 51 1597.

771 720 218 55 Document
934 720 163 55 signé
1043 720 109 55 en
1097 720 145 55 tête
1188 720 127 55 sur
1261 720 181 55 vélin;
1387 720 218 55 Ferrare,
1551 720 109 55 20
1605 720 199 55 février
1732 720 127 55 1560,

734 775 95 42 10
782 775 95 42 p.
813 775 174 42 in

653 831 132 72 6.
719 831 286 72 ANGOULÊME
939 831 264 72 (Charles
1136 831 132 72 de
1202 831 242 72 Valois,
1378 831 154 72 duc
1466 831 176 72 d'),
1575 831 176 72 fils
1663 831 198 72 naturel

733 886 128 62 de
797 886 234 62 Charles
967 886 128 62 IX
1031 886 128 62 et
1095 886 128 62 de
1158 886 192 62 Marie
1286 886 255 62 Touchet,
1478 886 277 62 compagnon
1669 886 192 62 d’armes

734 939 113 58 de
791 939 169 58 Henri
903 939 132 58 IV,
979 939 188 58 auteur
1110 939 113 58 de
1167 939 376 58 <i>Mémoires</i>,
1486 939 113 58 n.
1543 939 169 58 1573,
1656 939 113 58 m.
1693 939 132 58 1650.

772 1021 115 55 L.
829 1021 115 55 a.
887 1021 115 55 s.
944 1021 134 55 (au
1020 1021 134 55 duc
1097 1021 115 55 de
1154 1021 287 55 Lorraine?);
1383 1021 210 55 Verdun,
1536 1021 96 55 5
1574 1021 134 55 mai
1651 1021 172 55 1625,
1765 1021 96 55 2
1785 1021 76 55 p.

724 1076 164 32 in

758 1128 178 48 SUPERBE
887 1128 162 48 LETTRE
1000 1128 146 48 toute
1097 1128 194 48 relative
1243 1128 97 48 au
1292 1128 291 48 ravitaillement
1534 1128 97 48 de
1583 1128 113 48 ses
1631 1128 162 48 troupes.

657 1200 159 62 7.
737 1200 212 62 ANNE
870 1200 398 62 D’AUTRICHE,
1188 1200 239 62 reine
1347 1200 159 62 de
1427 1200 292 62 France,
1612 1200 186 62 femme

736 1259 187 52 Louis
861 1259 187 52 XIII,
985 1259 125 52 n.
1048 1259 187 52 1601,
1172 1259 125 52 m.
1214 1259 145 52 1666.

776 1325 102 54 P.
827 1325 102 54 s.
878 1325 119 54 sur
946 1325 170 54 vélin;
1065 1325 306 54 Fontainebleau,
1320 1325 102 54 20
1371 1325 221 54 septembre
1541 1325 153 54 1644,
1643 1325 85 54 1
1677 1325 102 54 p.
1711 1325 153 54 in

661 1402 139 80 8.
730 1402 186 80 ANNE
847 1402 302 80 IVANOWNA,
1079 1402 279 80 duchesse
1288 1402 139 80 de
1358 1402 325 80 Courlande,
1613 1402 186 80 puis
1706 1402 163 80 impé-

738 1460 225 63 ratrice
901 1460 123 63 de
963 1460 205 63 Russie
1106 1460 184 63 après
1229 1460 123 63 la
1291 1460 164 63 mort
1393 1460 123 63 de
1454 1460 205 63 Pierre
1598 1460 143 63 II,
1680 1460 184 63 nièce
1782 1460 82 63 de

740 1509 201 63 Pierre
881 1509 121 63 le
941 1509 201 63 Grand,
1081 1509 261 63 maîtresse
1282 1509 121 63 du
1343 1509 201 63 fameux
1483 1509 201 63 Biren,
1624 1509 221 63 qu’elle
1765 1509 100 63 fit

740 1567 150 53 duc
825 1567 128 53 de
889 1567 299 53 Courlande,
1124 1567 128 53 n.
1188 1567 192 53 1693,
1317 1567 128 53 m.
1359 1567 150 53 1740.

781 1628 107 60 L.
835 1628 124 60 s.,
906 1628 107 60 en
959 1628 231 60 allemand,
1136 1628 142 60 avec
1225 1628 124 60 une
1296 1628 160 60 ligne
1403 1628 160 60 aut.,
1509 1628 89 60 à
1527 1628 337 60 Élisabeth

738 1675 241 57 margrave
919 1675 121 57 de
979 1675 261 57 Bayreuth,
1180 1675 121 57 sa
1241 1675 302 57 belle-mère;
1462 1675 402 57 Saint

745 1723 85 48 15
787 1723 156 48 janvier
901 1723 128 48 1711,
986 1723 71 48 2
1015 1723 85 48 p.
1057 1723 185 48 in-folio.
1185 1723 199 48 <i>Rare</i>.

767 1782 180 51 SUPERBE
898 1782 164 51 LETTRE
1013 1782 98 51 où
1062 1782 131 51 elle
1144 1782 115 51 lui
1209 1782 131 51 fait
1291 1782 131 51 part
1373 1782 98 51 de
1422 1782 98 51 la
1472 1782 131 51 mort
1554 1782 98 51 de
1603 1782 115 51 son
1668 1782 131 51 mari
1734 1782 131 51 décédé

731 1829 150 42 après
832 1829 117 42 six
898 1829 150 42 jours
999 1829 100 42 de
1032 1829 167 42 maladie.

668 1891 141 67 9.
738 1891 235 67 BALZAC
902 1891 258 67 (Honoré
1090 1891 188 67 de),
1208 1891 141 67 le
1278 1891 211 67 grand
1419 1891 305 67 écrivain,
1654 1891 141 67 n.
1701 1891 164 67 1799,

744 1946 133 58 m.
788 1946 155 58 1850.

787 2016 99 53 L.
836 2016 99 53 a.
885 2016 99 53 s.
935 2016 82 53 à
968 2016 115 53 son
1034 2016 165 53 cousin
1149 2016 115 53 Ch.
1215 2016 214 53 Sédillot;
1380 2016 132 53 (1er
1463 2016 132 53 juin
1545 2016 165 53 1829),
1661 2016 82 53 1
1694 2016 99 53 p.
1727 2016 115 53 in

769 2082 199 48 CURIEUSE
919 2082 166 48 LETTRE
1035 2082 100 48 où
1085 2082 100 48 il
1135 2082 116 48 lui
1201 2082 150 48 donne
1301 2082 100 48 la
1351 2082 150 48 liste
1451 2082 100 48 de
1500 2082 199 48 diverses
1650 2082 166 48 sommes
1750 2082 116 48 qu’il

736 2118 143 49 doit.
832 2118 95 49 Il
879 2118 175 49 termine
1007 2118 95 49 en
1054 2118 223 49 souhaitant
1229 2118 239 49 d’atteindre
1420 2118 175 49 bientôt
1548 2118 95 49 la
1595 2118 111 49 fin
1659 2118 95 49 de
1707 2118 111 49 ces
1755 2118 111 49 paie-

733 2163 175 36 ments.
856 2163 123 36 «La
926 2163 228 36 librairie
1102 2163 193 36 devient
1225 2163 175 36 malade.»

652 2230 155 69 10.
740 2230 353 69 BASSOMPIERRE
1027 2230 287 69 (François
1248 2230 132 69 II
1314 2230 177 69 de),
1425 2230 265 69 maréchal
1623 2230 132 69 de
1667 2230 199 69 France,

753 2288 179 55 auteur
878 2288 107 55 de
932 2288 357 55 <i>Mémoires</i>,
1235 2288 107 55 n.
1289 2288 161 55 1579,
1396 2288 107 55 m.
1432 2288 125 55 1646.

794 2371 150 51 P.s.;
895 2371 167 51 Paris,
1011 2371 100 51 14
1062 2371 134 51 juin
1145 2371 150 51 1626,
1245 2371 84 51 2
1279 2371 100 51 p.
1312 2371 184 51 in
