558.7086614173228 891.7795275590552
328.251968503937 132.3779527559055 40.818897637795274 13.039370078740157 —
344.6929133858268 132.3779527559055 40.818897637795274 13.039370078740157 4
352.9133858267717 132.3779527559055 24.37795275590551 13.039370078740157 —

183.96850393700788 154.20472440944883 45.354330708661415 17.858267716535433 18.
210.04724409448818 154.20472440944883 64.91338582677166 17.858267716535433 BOISSY
255.4015748031496 154.20472440944883 77.66929133858268 17.858267716535433 D’ANGLAS
313.51181102362204 154.20472440944883 136.06299212598427 17.858267716535433 (François-Antoine
430.2992125984252 154.20472440944883 51.874015748031496 17.858267716535433 de),
462.61417322834643 154.20472440944883 64.91338582677166 17.858267716535433 député
501.73228346456693 154.20472440944883 25.79527559055118 17.858267716535433 de

210.04724409448818 168.09448818897638 80.78740157480316 15.023622047244094 l'Ardèche
272.12598425196853 168.09448818897638 31.181102362204726 15.023622047244094 à
284.59842519685037 168.09448818897638 37.41732283464567 15.023622047244094 la
303.3070866141732 168.09448818897638 93.25984251968504 15.023622047244094 Convention,
377.8582677165354 168.09448818897638 43.37007874015748 15.023622047244094 qui
402.8031496062992 168.09448818897638 87.02362204724409 15.023622047244094 s'illustra
471.11811023622045 168.09448818897638 43.37007874015748 15.023622047244094 par
495.7795275590551 168.09448818897638 43.37007874015748 15.023622047244094 son

212.5984251968504 182.83464566929135 70.01574803149606 14.456692913385826 héroïque
265.03937007874015 182.83464566929135 70.01574803149606 14.456692913385826 conduite
317.4803149606299 182.83464566929135 46.488188976377955 14.456692913385826 lors
346.6771653543307 182.83464566929135 34.86614173228347 14.456692913385826 de
364.251968503937 182.83464566929135 104.88188976377953 14.456692913385826 l'insurrection
451.5590551181102 182.83464566929135 34.86614173228347 14.456692913385826 de
469.13385826771656 182.83464566929135 70.01574803149606 14.456692913385826 Prairial

210.04724409448818 198.70866141732284 34.86614173228347 14.173228346456693 an
227.6220472440945 198.70866141732284 46.488188976377955 14.173228346456693 III,
256.81889763779526 198.70866141732284 34.86614173228347 14.173228346456693 n.
274.1102362204724 198.70866141732284 52.44094488188976 14.173228346456693 1756,
308.9763779527559 198.70866141732284 34.86614173228347 14.173228346456693 m.
320.59842519685037 198.70866141732284 40.818897637795274 14.173228346456693 1826.

222.51968503937007 218.26771653543307 27.77952755905512 15.023622047244094 L.
236.40944881889763 218.26771653543307 27.77952755905512 15.023622047244094 a.
250.29921259842519 218.26771653543307 27.77952755905512 15.023622047244094 s.
264.18897637795277 218.26771653543307 27.77952755905512 15.023622047244094 au
278.0787401574803 218.26771653543307 41.669291338582674 15.023622047244094 baron
305.5748031496063 218.26771653543307 55.55905511811024 15.023622047244094 Mounier;
347.244094488189 218.26771653543307 46.20472440944882 15.023622047244094 Paris,
379.84251968503935 218.26771653543307 27.77952755905512 15.023622047244094 12
393.73228346456693 218.26771653543307 51.023622047244096 15.023622047244094 juillet
430.5826771653543 218.26771653543307 41.669291338582674 15.023622047244094 1814,
458.3622047244094 218.26771653543307 23.244094488188978 15.023622047244094 2
467.7165354330709 218.26771653543307 27.77952755905512 15.023622047244094 p.
476.78740157480314 218.26771653543307 51.023622047244096 15.023622047244094 in

210.61417322834646 233.5748031496063 39.68503937007874 9.070866141732283 Belle
232.7244094488189 233.5748031496063 39.68503937007874 9.070866141732283 lettre.

184.53543307086613 254.26771653543307 44.503937007874015 17.858267716535433 19.
209.76377952755905 254.26771653543307 82.48818897637796 17.858267716535433 BONAPARTE
273.25984251968504 254.26771653543307 101.76377952755905 17.858267716535433 (Catherine),
356.0314960629921 254.26771653543307 57.25984251968504 17.858267716535433 reine
394.01574803149606 254.26771653543307 37.98425196850393 17.858267716535433 de
413.29133858267716 254.26771653543307 95.24409448818898 17.858267716535433 Westphalie,
483.0236220472441 254.26771653543307 44.503937007874015 17.858267716535433 femme

210.33070866141733 269.8582677165354 38.267716535433074 15.590551181102363 de
229.3228346456693 269.8582677165354 63.496062992125985 15.590551181102363 Jérôme
273.8267716535433 269.8582677165354 89.00787401574803 15.590551181102363 Bonaparte,
343.84251968503935 269.8582677165354 38.267716535433074 15.590551181102363 n.
362.8346456692913 269.8582677165354 57.25984251968504 15.590551181102363 1783,
401.1023622047244 269.8582677165354 38.267716535433074 15.590551181102363 m.
413.8582677165354 269.8582677165354 44.503937007874015 15.590551181102363 1835.

221.66929133858267 291.40157480314963 33.732283464566926 13.88976377952756 L.
238.6771653543307 291.40157480314963 33.732283464566926 13.88976377952756 a.
255.4015748031496 291.40157480314963 33.732283464566926 13.88976377952756 s.
272.40944881889766 291.40157480314963 33.732283464566926 13.88976377952756 en
289.13385826771656 291.40157480314963 67.46456692913385 13.88976377952756 français
339.87401574803147 291.40157480314963 28.062992125984252 13.88976377952756 à
350.92913385826773 291.40157480314963 56.125984251968504 13.88976377952756 Madame
390.3307086614173 291.40157480314963 33.732283464566926 13.88976377952756 de
407.33858267716533 291.40157480314963 84.18897637795276 13.88976377952756 Hautmesnil;
469.13385826771656 291.40157480314963 56.125984251968504 13.88976377952756 Florence

211.46456692913387 303.3070866141732 25.511811023622048 14.173228346456693 24
224.2204724409449 303.3070866141732 50.74015748031496 14.173228346456693 décembre
262.20472440944883 303.3070866141732 38.267716535433074 14.173228346456693 1831,
287.7165354330709 303.3070866141732 21.25984251968504 14.173228346456693 1
296.2204724409449 303.3070866141732 25.511811023622048 14.173228346456693 p.
308.9763779527559 303.3070866141732 42.23622047244095 14.173228346456693 in-12.
338.45669291338584 303.3070866141732 50.74015748031496 14.173228346456693 Jolie
376.7244094488189 303.3070866141732 25.511811023622048 14.173228346456693 et
389.4803149606299 303.3070866141732 34.01574803149607 14.173228346456693 rare
406.48818897637796 303.3070866141732 50.74015748031496 14.173228346456693 pièce.

181.98425196850394 326.5511811023622 51.59055118110236 17.5748031496063 20.
211.46456692913387 326.5511811023622 125.00787401574803 17.5748031496063 BUSSY-RABUTIN
314.3622047244094 326.5511811023622 81.07086614173228 17.5748031496063 (Roger,
373.3228346456693 326.5511811023622 66.33070866141732 17.5748031496063 comte
417.54330708661416 326.5511811023622 58.960629921259844 17.5748031496063 de),
454.1102362204724 326.5511811023622 73.7007874015748 17.5748031496063 cousin
498.3307086614173 326.5511811023622 29.480314960629922 17.5748031496063 de

212.31496062992127 340.7244094488189 51.59055118110236 17.007874015748033 Madame
248.31496062992127 340.7244094488189 30.89763779527559 17.007874015748033 de
263.90551181102364 340.7244094488189 62.07874015748032 17.007874015748033 Sévigné,
310.3937007874016 340.7244094488189 51.59055118110236 17.007874015748033 auteur
346.6771653543307 340.7244094488189 30.89763779527559 17.007874015748033 de
362.26771653543307 340.7244094488189 87.8740157480315 17.007874015748033 l'Histoire
434.5511811023622 340.7244094488189 67.18110236220473 17.007874015748033 amoureuse
481.03937007874015 340.7244094488189 46.488188976377955 17.007874015748033 des

212.03149606299212 354.61417322834643 101.48031496062993 17.858267716535433 Gaules,
296.503937007874 354.61417322834643 56.40944881889764 17.858267716535433 membre
335.90551181102364 354.61417322834643 33.732283464566926 17.858267716535433 de
352.9133858267717 354.61417322834643 78.80314960629921 17.858267716535433 l’Académie
414.99212598425197 354.61417322834643 78.80314960629921 17.858267716535433 française,
476.78740157480314 354.61417322834643 33.732283464566926 17.858267716535433 n.
488.12598425196853 354.61417322834643 39.40157480314961 17.858267716535433 1618,

210.61417322834646 372.755905511811 37.98425196850393 9.921259842519685 m.
223.08661417322836 372.755905511811 44.503937007874015 9.921259842519685 1693.

223.6535433070866 390.8976377952756 29.763779527559056 13.606299212598426 P.
238.39370078740157 390.8976377952756 29.763779527559056 13.606299212598426 s.
253.13385826771653 390.8976377952756 34.58267716535433 13.606299212598426 sur
272.9763779527559 390.8976377952756 49.32283464566929 13.606299212598426 vélin;
307.5590551181102 390.8976377952756 29.763779527559056 13.606299212598426 31
322.2992125984252 390.8976377952756 59.24409448818898 13.606299212598426 décembre
366.8031496062992 390.8976377952756 44.503937007874015 13.606299212598426 1665,
396.2834645669291 390.8976377952756 24.661417322834644 13.606299212598426 1
406.20472440944883 390.8976377952756 29.763779527559056 13.606299212598426 p.
421.2283464566929 390.8976377952756 39.40157480314961 13.606299212598426 in-4
440.78740157480314 390.8976377952756 44.503937007874015 13.606299212598426 oblong.

217.70078740157481 409.3228346456693 38.267716535433074 13.88976377952756 Reçu
241.51181102362204 409.3228346456693 38.267716535433074 13.88976377952756 d'un
265.6062992125984 409.3228346456693 38.267716535433074 13.88976377952756 mois
289.4173228346457 409.3228346456693 28.62992125984252 13.88976377952756 de
303.59055118110234 409.3228346456693 33.44881889763779 13.88976377952756 ses
322.86614173228344 409.3228346456693 81.07086614173228 13.88976377952756 appointements
389.76377952755905 409.3228346456693 28.62992125984252 13.88976377952756 de
403.93700787401576 409.3228346456693 47.62204724409449 13.88976377952756 maître
437.38582677165357 409.3228346456693 28.62992125984252 13.88976377952756 de
451.84251968503935 409.3228346456693 38.267716535433074 13.88976377952756 camp
475.65354330708664 409.3228346456693 52.44094488188976 13.88976377952756 général
509.1023622047244 409.3228346456693 18.992125984251967 13.88976377952756 de

208.62992125984252 422.3622047244094 26.362204724409448 11.05511811023622 la
221.66929133858267 422.3622047244094 56.976377952755904 11.05511811023622 cavalerie
261.07086614173227 422.3622047244094 39.40157480314961 11.05511811023622 légère.

207.21259842519686 441.6377952755906 39.68503937007874 15.590551181102363 21.
229.88976377952756 441.6377952755906 56.69291338582677 15.590551181102363 CAMPAN
269.5748031496063 441.6377952755906 158.45669291338584 15.590551181102363 (Jeanne-Louise-Henriette
411.0236220472441 441.6377952755906 62.36220472440945 15.590551181102363 GENET),
456.09448818897636 441.6377952755906 68.03149606299213 15.590551181102363 lectrice
507.11811023622045 441.6377952755906 34.01574803149607 15.590551181102363 de

211.748031496063 456.66141732283467 122.74015748031496 17.291338582677167 Marie-Antoinette,
316.9133858267717 456.66141732283467 58.39370078740158 17.291338582677167 auteur
357.73228346456693 456.66141732283467 35.1496062992126 17.291338582677167 de
375.3070866141732 456.66141732283467 116.78740157480316 17.291338582677167 Mémoires,
474.8031496062992 456.66141732283467 35.1496062992126 17.291338582677167 n.
486.4251968503937 456.66141732283467 40.818897637795274 17.291338582677167 1752,

211.46456692913387 474.5196850393701 37.13385826771653 10.204724409448819 m.
223.93700787401573 474.5196850393701 43.08661417322835 10.204724409448819 1822.

222.23622047244095 492.09448818897636 33.44881889763779 14.740157480314961 L.
238.96062992125985 492.09448818897636 44.503937007874015 14.740157480314961 aut.
266.74015748031496 492.09448818897636 27.77952755905512 14.740157480314961 à
277.79527559055117 492.09448818897636 33.44881889763779 14.740157480314961 sa
294.5196850393701 492.09448818897636 55.55905511811024 14.740157480314961 nièce,
333.3543307086614 492.09448818897636 33.44881889763779 14.740157480314961 la
350.0787401574803 492.09448818897636 66.61417322834646 14.740157480314961 duchesse
399.9685039370079 492.09448818897636 88.7244094488189 14.740157480314961 d’Elchingen;
466.5826771653543 492.09448818897636 61.22834645669291 14.740157480314961 Clermont,

211.748031496063 506.5511811023622 29.19685039370079 11.622047244094489 28
226.20472440944883 506.5511811023622 38.83464566929134 11.622047244094489 août
250.58267716535434 506.5511811023622 43.653543307086615 11.622047244094489 1810,
279.7795275590551 506.5511811023622 24.37795275590551 11.622047244094489 3
289.4173228346457 506.5511811023622 29.19685039370079 11.622047244094489 p.
299.0551181102362 506.5511811023622 34.01574803149607 11.622047244094489 in

218.83464566929135 522.4251968503937 53.00787401574803 14.173228346456693 CURIEUSE
258.8031496062992 522.4251968503937 44.22047244094488 14.173228346456693 LETTRE
289.7007874015748 522.4251968503937 26.362204724409448 14.173228346456693 où
302.74015748031496 522.4251968503937 35.43307086614173 14.173228346456693 elle
324.8503937007874 522.4251968503937 30.89763779527559 14.173228346456693 lui
342.70866141732284 522.4251968503937 48.47244094488189 14.173228346456693 demande
377.8582677165354 522.4251968503937 26.362204724409448 14.173228346456693 si
391.18110236220474 522.4251968503937 35.43307086614173 14.173228346456693 elle
413.29133858267716 522.4251968503937 30.89763779527559 14.173228346456693 est
430.86614173228344 522.4251968503937 39.68503937007874 14.173228346456693 allée
457.51181102362204 522.4251968503937 22.11023622047244 14.173228346456693 à
466.2992125984252 522.4251968503937 39.68503937007874 14.173228346456693 Paris
492.66141732283467 522.4251968503937 35.43307086614173 14.173228346456693 pour
510.5196850393701 522.4251968503937 17.5748031496063 14.173228346456693 la

209.1968503937008 532.6299212598425 36.0 13.88976377952756 fête
231.59055118110237 532.6299212598425 26.929133858267715 13.88976377952756 de
245.1968503937008 532.6299212598425 67.18110236220473 13.88976377952756 l’Empereur.
299.0551181102362 532.6299212598425 26.929133858267715 13.88976377952756 Au
312.37795275590554 532.6299212598425 31.46456692913386 13.88976377952756 cas
330.5196850393701 532.6299212598425 26.929133858267715 13.88976377952756 où
343.84251968503935 532.6299212598425 36.0 13.88976377952756 elle
366.23622047244095 532.6299212598425 26.929133858267715 13.88976377952756 ne
379.84251968503935 532.6299212598425 53.85826771653543 13.88976377952756 l’aurait
420.09448818897636 532.6299212598425 31.46456692913386 13.88976377952756 pas
437.9527559055118 532.6299212598425 40.25196850393701 13.88976377952756 fait,
464.88188976377955 532.6299212598425 36.0 13.88976377952756 elle
487.5590551181102 532.6299212598425 31.46456692913386 13.88976377952756 lui
500.88188976377955 532.6299212598425 26.929133858267715 13.88976377952756 con-

209.76377952755905 542.8346456692914 42.51968503937008 12.472440944881889 seille
239.5275590551181 542.8346456692914 25.511811023622048 12.472440944881889 de
252.28346456692913 542.8346456692914 25.511811023622048 12.472440944881889 le
265.03937007874015 542.8346456692914 38.267716535433074 12.472440944881889 faire
290.26771653543307 542.8346456692914 46.77165354330709 12.472440944881889 l’année
324.2834645669291 542.8346456692914 51.023622047244096 12.472440944881889 suivante
362.5511811023622 542.8346456692914 25.511811023622048 12.472440944881889 et
375.0236220472441 542.8346456692914 34.01574803149607 12.472440944881889 elle
396.2834645669291 542.8346456692914 29.763779527559056 12.472440944881889 lui
413.29133858267716 542.8346456692914 54.99212598425197 12.472440944881889 transcrit
455.81102362204723 542.8346456692914 25.511811023622048 12.472440944881889 le
468.56692913385825 542.8346456692914 46.77165354330709 12.472440944881889 canevas
498.0472440944882 542.8346456692914 29.763779527559056 12.472440944881889 d’une

209.48031496062993 553.0393700787401 71.71653543307086 14.456692913385826 conversation
267.87401574803147 553.0393700787401 49.32283464566929 14.456692913385826 qu’elle
303.87401574803147 553.0393700787401 53.85826771653543 14.456692913385826 pourrait
344.12598425196853 553.0393700787401 40.25196850393701 14.456692913385826 avoir
371.0551181102362 553.0393700787401 36.0 14.456692913385826 avec
393.4488188976378 553.0393700787401 67.18110236220473 14.456692913385826 l’Empereur.
447.3070866141732 553.0393700787401 36.0 14.456692913385826 «Les
469.7007874015748 553.0393700787401 40.25196850393701 14.456692913385826 vieux
492.09448818897636 553.0393700787401 36.0 14.456692913385826 usages

209.1968503937008 563.2440944881889 50.74015748031496 13.606299212598426 doivent
246.04724409448818 563.2440944881889 50.74015748031496 13.606299212598426 revenir
283.18110236220474 563.2440944881889 36.8503937007874 13.606299212598426 avec
306.1417322834646 563.2440944881889 32.31496062992126 13.606299212598426 les
324.56692913385825 563.2440944881889 46.20472440944882 13.606299212598426 formes
357.1653543307087 563.2440944881889 32.31496062992126 13.606299212598426 qui
375.59055118110234 563.2440944881889 78.51968503937007 13.606299212598426 appartenaient
440.2204724409449 563.2440944881889 32.31496062992126 13.606299212598426 aux
458.6456692913386 563.2440944881889 55.55905511811024 13.606299212598426 grands.»
495.7795275590551 563.2440944881889 32.31496062992126 13.606299212598426 Cette

208.91338582677164 573.4488188976378 45.63779527559055 14.173228346456693 lettre
240.9448818897638 573.4488188976378 41.10236220472441 14.173228346456693 porte
268.15748031496065 573.4488188976378 27.496062992125985 14.173228346456693 au
281.76377952755905 573.4488188976378 32.031496062992126 14.173228346456693 dos
300.18897637795277 573.4488188976378 27.496062992125985 14.173228346456693 un
313.79527559055117 573.4488188976378 63.77952755905512 14.173228346456693 certificat
363.9685039370079 573.4488188976378 82.20472440944881 14.173228346456693 d’authenticité
432.2834645669291 573.4488188976378 27.496062992125985 14.173228346456693 de
445.8897637795276 573.4488188976378 27.496062992125985 14.173228346456693 la
459.7795275590551 573.4488188976378 59.24409448818898 14.173228346456693 maréchale
500.59842519685037 573.4488188976378 27.496062992125985 14.173228346456693 Ney.

187.93700787401573 596.4094488188977 28.913385826771652 14.456692913385826 22.
204.66141732283464 596.4094488188977 53.574803149606296 14.456692913385826 CATHERINE
245.76377952755905 596.4094488188977 28.913385826771652 14.456692913385826 II,
262.20472440944883 596.4094488188977 32.881889763779526 14.456692913385826 dite
282.8976377952756 596.4094488188977 37.13385826771653 14.456692913385826 la
307.5590551181102 596.4094488188977 61.79527559055118 14.456692913385826 Grande,
356.88188976377955 596.4094488188977 61.79527559055118 14.456692913385826 impératrice
406.20472440944883 596.4094488188977 24.661417322834644 14.456692913385826 de
418.6771653543307 596.4094488188977 45.354330708661415 14.456692913385826 Russie,
451.5590551181102 596.4094488188977 24.661417322834644 14.456692913385826 n.
464.0314960629921 596.4094488188977 37.13385826771653 14.456692913385826 1729,
488.6929133858268 596.4094488188977 24.661417322834644 14.456692913385826 m.
500.88188976377955 596.4094488188977 37.13385826771653 14.456692913385826 1796.

213.16535433070865 613.9842519685039 36.56692913385827 13.039370078740157 n.
231.30708661417322 613.9842519685039 54.70866141732284 13.039370078740157 1729,
267.87401574803147 613.9842519685039 36.56692913385827 13.039370078740157 m.
280.06299212598424 613.9842519685039 42.51968503937008 13.039370078740157 1796.

225.35433070866142 632.1259842519685 27.496062992125985 14.740157480314961 P.
238.96062992125985 632.1259842519685 27.496062992125985 14.740157480314961 s.
252.8503937007874 632.1259842519685 32.031496062992126 14.740157480314961 sur
270.99212598425197 632.1259842519685 45.92125984251968 14.740157480314961 vélin;
303.0236220472441 632.1259842519685 100.62992125984252 14.740157480314961 Saint-Pétersbourg,
390.0472440944882 632.1259842519685 27.496062992125985 14.740157480314961 29
403.93700787401576 632.1259842519685 41.10236220472441 14.740157480314961 avril
431.43307086614175 632.1259842519685 41.10236220472441 14.740157480314961 1765,
458.92913385826773 632.1259842519685 22.96062992125984 14.740157480314961 1
468.0 632.1259842519685 27.496062992125985 14.740157480314961 p.
477.07086614173227 632.1259842519685 50.45669291338583 14.740157480314961 in

213.73228346456693 644.0314960629921 82.48818897637796 14.456692913385826 encadrements
280.62992125984255 644.0314960629921 25.79527559055118 14.456692913385826 à
291.11811023622045 644.0314960629921 56.69291338582677 14.456692913385826 sujets,
332.2204724409449 644.0314960629921 46.488188976377955 14.456692913385826 grand
363.11811023622045 644.0314960629921 51.59055118110236 14.456692913385826 cachet
399.11811023622045 644.0314960629921 41.10236220472441 14.456692913385826 bien
419.81102362204723 644.0314960629921 56.69291338582677 14.456692913385826 conservé.

220.251968503937 662.4566929133858 49.039370078740156 13.88976377952756 SUPERBE
255.96850393700788 662.4566929133858 44.503937007874015 13.88976377952756 PIÈCE,
287.1496062992126 662.4566929133858 71.43307086614173 13.88976377952756 contresignée
345.25984251968504 662.4566929133858 31.181102362204726 13.88976377952756 par
363.11811023622045 662.4566929133858 31.181102362204726 13.88976377952756 son
380.9763779527559 662.4566929133858 35.71653543307087 13.88976377952756 fils
403.0866141732283 662.4566929133858 40.25196850393701 13.88976377952756 Paul,
430.01574803149606 662.4566929133858 26.64566929133858 13.88976377952756 le
443.33858267716533 662.4566929133858 40.25196850393701 13.88976377952756 futur
469.98425196850394 662.4566929133858 58.110236220472444 13.88976377952756 empereur,
510.23622047244095 662.4566929133858 17.858267716535433 13.88976377952756 en

209.76377952755905 675.2125984251968 53.00787401574803 11.338582677165354 qualité
248.31496062992127 675.2125984251968 28.913385826771652 11.338582677165354 de
257.9527559055118 675.2125984251968 72.0 11.338582677165354 grand
