617.6692913385826 891.7795275590552
225.63779527559055 125.85826771653544 34.58267716535433 7.086614173228346 —
239.24409448818898 125.85826771653544 34.58267716535433 7.086614173228346 7
246.33070866141733 125.85826771653544 20.69291338582677 7.086614173228346 —

75.4015748031496 145.70078740157481 45.63779527559055 15.023622047244094 35.
101.48031496062993 145.70078740157481 39.118110236220474 15.023622047244094 DU
121.03937007874016 145.70078740157481 71.71653543307086 15.023622047244094 CHASTEL
173.1968503937008 145.70078740157481 97.79527559055119 15.023622047244094 (Tanneguy),
251.43307086614172 145.70078740157481 65.19685039370079 15.023622047244094 habile
296.78740157480314 145.70078740157481 84.75590551181102 15.023622047244094 guerrier,
361.98425196850394 145.70078740157481 65.19685039370079 15.023622047244094 prévôt
401.1023622047244 145.70078740157481 26.078740157480315 15.023622047244094 de

102.61417322834646 159.59055118110237 56.976377952755904 15.023622047244094 Paris,
142.58267716535434 159.59055118110237 39.968503937007874 15.023622047244094 qui
165.25984251968504 159.59055118110237 51.30708661417323 15.023622047244094 sauva
199.2755905511811 159.59055118110237 34.2992125984252 15.023622047244094 le
216.56692913385828 159.59055118110237 62.645669291338585 15.023622047244094 dauphin
261.9212598425197 159.59055118110237 62.645669291338585 15.023622047244094 Charles
307.5590551181102 159.59055118110237 39.968503937007874 15.023622047244094 VII
330.23622047244095 159.59055118110237 45.63779527559055 15.023622047244094 lors
358.86614173228344 159.59055118110237 34.2992125984252 15.023622047244094 de
370.20472440944883 159.59055118110237 56.976377952755904 15.023622047244094 l’entrée

102.33070866141732 173.76377952755905 41.10236220472441 13.88976377952756 des
125.85826771653544 173.76377952755905 94.11023622047244 13.88976377952756 Bourguignons
202.39370078740157 173.76377952755905 47.05511811023622 13.88976377952756 dans
231.8740157480315 173.76377952755905 53.00787401574803 13.88976377952756 Paris
267.3070866141732 173.76377952755905 35.43307086614173 13.88976377952756 en
284.88188976377955 173.76377952755905 53.00787401574803 13.88976377952756 1418,
320.31496062992125 173.76377952755905 35.43307086614173 13.88976377952756 n.
337.8897637795276 173.76377952755905 53.00787401574803 13.88976377952756 1369,
373.3228346456693 173.76377952755905 35.43307086614173 13.88976377952756 m.
385.2283464566929 173.76377952755905 41.10236220472441 13.88976377952756 1449.

114.51968503937007 195.0236220472441 29.19685039370079 12.188976377952756 L.
128.9763779527559 195.0236220472441 34.01574803149607 12.188976377952756 s.,
148.53543307086613 195.0236220472441 29.19685039370079 12.188976377952756 en
163.2755905511811 195.0236220472441 48.75590551181102 12.188976377952756 latin,
197.29133858267716 195.0236220472441 34.01574803149607 12.188976377952756 sur
216.8503937007874 195.0236220472441 48.75590551181102 12.188976377952756 vélin,
250.86614173228347 195.0236220472441 24.37795275590551 12.188976377952756 à
260.78740157480314 195.0236220472441 34.01574803149607 12.188976377952756 son
280.06299212598424 195.0236220472441 68.31496062992126 12.188976377952756 trésorier;
333.6377952755906 195.0236220472441 24.37795275590551 12.188976377952756 4
343.5590551181102 195.0236220472441 43.93700787401575 12.188976377952756 avril
372.755905511811 195.0236220472441 43.93700787401575 12.188976377952756 1448,
401.9527559055118 195.0236220472441 24.37795275590551 12.188976377952756 1
406.7716535433071 195.0236220472441 19.559055118110237 12.188976377952756 p.

103.74803149606299 206.36220472440945 48.75590551181102 12.188976377952756 in-folio
140.31496062992127 206.36220472440945 44.78740157480315 12.188976377952756 oblong.
172.62992125984252 206.36220472440945 56.976377952755904 12.188976377952756 Superbe
217.41732283464566 206.36220472440945 24.37795275590551 12.188976377952756 et
229.60629921259843 206.36220472440945 32.59842519685039 12.188976377952756 rare
245.76377952755905 206.36220472440945 48.75590551181102 12.188976377952756 pièce.

75.96850393700787 227.90551181102362 41.669291338582674 14.456692913385826 36.
99.77952755905511 227.90551181102362 53.29133858267716 14.456692913385826 DUCIS
135.21259842519686 227.90551181102362 118.77165354330708 14.456692913385826 (Jean-François),
236.1259842519685 227.90551181102362 35.71653543307087 14.456692913385826 le
253.98425196850394 227.90551181102362 65.19685039370079 14.456692913385826 célèbre
301.3228346456693 227.90551181102362 53.29133858267716 14.456692913385826 poète
337.03937007874015 227.90551181102362 77.10236220472441 14.456692913385826 tragique,
390.3307086614173 227.90551181102362 35.71653543307087 14.456692913385826 mem-

102.33070866141732 241.79527559055117 41.10236220472441 13.32283464566929 bre
125.85826771653544 241.79527559055117 35.1496062992126 13.32283464566929 de
143.43307086614172 241.79527559055117 82.20472440944881 13.32283464566929 l’Académie
208.06299212598427 241.79527559055117 82.20472440944881 13.32283464566929 française,
272.40944881889766 241.79527559055117 35.1496062992126 13.32283464566929 n.
290.26771653543307 241.79527559055117 52.724409448818896 13.32283464566929 1733,
325.4173228346457 241.79527559055117 35.1496062992126 13.32283464566929 m.
337.03937007874015 241.79527559055117 41.10236220472441 13.32283464566929 1816.

113.38582677165354 260.78740157480314 30.330708661417322 11.622047244094489 L.
128.69291338582678 260.78740157480314 30.330708661417322 11.622047244094489 a.
143.71653543307087 260.78740157480314 30.330708661417322 11.622047244094489 s.
159.0236220472441 260.78740157480314 25.228346456692915 11.622047244094489 à
168.9448818897638 260.78740157480314 65.76377952755905 11.622047244094489 CAMPENON;
219.68503937007873 260.78740157480314 75.96850393700787 11.622047244094489 Versailles,
280.34645669291336 260.78740157480314 30.330708661417322 11.622047244094489 23
295.37007874015745 260.78740157480314 60.661417322834644 11.622047244094489 décembre
341.00787401574803 260.78740157480314 45.63779527559055 11.622047244094489 1813,
371.33858267716533 260.78740157480314 25.228346456692915 11.622047244094489 2
381.25984251968504 260.78740157480314 30.330708661417322 11.622047244094489 p.
391.46456692913387 260.78740157480314 35.43307086614173 11.622047244094489 in

108.85039370078741 279.496062992126 35.43307086614173 11.05511811023622 Très
130.96062992125985 279.496062992126 39.68503937007874 11.05511811023622 jolie
157.60629921259843 279.496062992126 44.22047244094488 11.05511811023622 lettre
188.50393700787401 279.496062992126 26.362204724409448 11.05511811023622 où
201.82677165354332 279.496062992126 26.362204724409448 11.05511811023622 il
214.86614173228347 279.496062992126 39.68503937007874 11.05511811023622 parle
241.51181102362204 279.496062992126 26.362204724409448 11.05511811023622 de
254.5511811023622 279.496062992126 30.89763779527559 11.05511811023622 ses
272.40944881889766 279.496062992126 57.54330708661417 11.05511811023622 confrères
316.62992125984255 279.496062992126 26.362204724409448 11.05511811023622 de
329.6692913385827 279.496062992126 61.79527559055118 11.05511811023622 l’Académie
373.8897637795276 279.496062992126 53.00787401574803 11.05511811023622 française,

99.49606299212599 289.7007874015748 39.968503937007874 11.05511811023622 Roger,
127.55905511811024 289.7007874015748 36.0 11.05511811023622 Auger
151.37007874015748 289.7007874015748 24.094488188976378 11.05511811023622 et
163.55905511811022 289.7007874015748 36.0 11.05511811023622 Droz.
187.37007874015748 289.7007874015748 24.094488188976378 11.05511811023622 Il
199.55905511811022 289.7007874015748 39.968503937007874 11.05511811023622 signe:
227.33858267716536 289.7007874015748 56.125984251968504 11.05511811023622 «Ducis,
271.5590551181102 289.7007874015748 28.062992125984252 11.05511811023622 une
287.43307086614175 289.7007874015748 28.062992125984252 11.05511811023622 des
303.59055118110234 289.7007874015748 32.031496062992126 11.05511811023622 sept
323.43307086614175 289.7007874015748 43.93700787401575 11.05511811023622 étoiles
355.46456692913387 289.7007874015748 24.094488188976378 11.05511811023622 de
367.37007874015745 289.7007874015748 24.094488188976378 11.05511811023622 la
375.59055118110234 289.7007874015748 51.874015748031496 11.05511811023622 pleyade

99.77952755905511 300.4724409448819 32.31496062992126 9.637795275590552 du
117.92125984251969 300.4724409448819 64.34645669291339 9.637795275590552 Luxembourg.»

74.83464566929133 320.0314960629921 47.338582677165356 14.173228346456693 37.
101.76377952755905 320.0314960629921 60.661417322834644 14.173228346456693 DUMAS
142.29921259842519 320.0314960629921 108.0 14.173228346456693 (Alexandre),
230.17322834645668 320.0314960629921 40.53543307086614 14.173228346456693 le
250.29921259842519 320.0314960629921 60.661417322834644 14.173228346456693 grand
290.8346456692913 320.0314960629921 94.39370078740157 14.173228346456693 romancier,
365.1023622047244 320.0314960629921 40.53543307086614 14.173228346456693 n.
378.4251968503937 320.0314960629921 47.338582677165356 14.173228346456693 1803,

101.48031496062993 335.33858267716533 38.267716535433074 9.637795275590552 m.
114.23622047244095 335.33858267716533 44.78740157480315 9.637795275590552 1870.

114.80314960629921 352.34645669291336 26.64566929133858 12.188976377952756 L.
128.1259842519685 352.34645669291336 26.64566929133858 12.188976377952756 a.
141.73228346456693 352.34645669291336 26.64566929133858 12.188976377952756 s.
155.0551181102362 352.34645669291336 26.64566929133858 12.188976377952756 au
168.3779527559055 352.34645669291336 71.43307086614173 12.188976377952756 propriétaire
226.48818897637796 352.34645669291336 26.64566929133858 12.188976377952756 du
239.81102362204723 352.34645669291336 62.36220472440945 12.188976377952756 Mercure
288.8503937007874 352.34645669291336 75.96850393700787 12.188976377952756 aptésien;
351.21259842519686 352.34645669291336 49.039370078740156 12.188976377952756 (1864),
386.92913385826773 352.34645669291336 22.393700787401574 12.188976377952756 5
396.0 352.34645669291336 26.64566929133858 12.188976377952756 p.
404.78740157480314 352.34645669291336 22.393700787401574 12.188976377952756 1/2

99.21259842519684 365.38582677165357 30.04724409448819 8.220472440944881 in

109.13385826771653 380.12598425196853 59.52755905511811 11.05511811023622 Curieuse
153.92125984251967 380.12598425196853 49.60629921259842 11.05511811023622 lettre
188.78740157480314 380.12598425196853 24.944881889763778 11.05511811023622 à
198.70866141732284 380.12598425196853 29.763779527559056 11.05511811023622 un
213.4488188976378 380.12598425196853 64.62992125984252 11.05511811023622 rédacteur
263.0551181102362 380.12598425196853 29.763779527559056 11.05511811023622 de
278.0787401574803 380.12598425196853 54.70866141732284 11.05511811023622 journal
317.76377952755905 380.12598425196853 34.86614173228347 11.05511811023622 qui
337.6062992125984 380.12598425196853 44.78740157480315 11.05511811023622 avait
367.37007874015745 380.12598425196853 54.70866141732284 11.05511811023622 dénommé
401.9527559055118 380.12598425196853 24.944881889763778 11.05511811023622 les

99.49606299212599 390.3307086614173 53.574803149606296 11.05511811023622 ouvrages
139.748031496063 390.3307086614173 67.18110236220473 11.05511811023622 d’Alexandre
193.60629921259843 390.3307086614173 44.78740157480315 11.05511811023622 Dumas,
224.78740157480314 390.3307086614173 31.181102362204726 11.05511811023622 les
242.64566929133858 390.3307086614173 89.5748031496063 11.05511811023622 élucubrations
318.61417322834643 390.3307086614173 26.929133858267715 11.05511811023622 du
332.2204724409449 390.3307086614173 40.25196850393701 11.05511811023622 grand
354.61417322834643 390.3307086614173 71.43307086614173 11.05511811023622 Alexandre,

100.06299212598425 400.251968503937 26.078740157480315 11.338582677165354 et
113.10236220472441 400.251968503937 30.614173228346456 11.338582677165354 qui
130.39370078740157 400.251968503937 39.118110236220474 11.338582677165354 avait
156.75590551181102 400.251968503937 52.44094488188976 11.338582677165354 félicité
195.8740157480315 400.251968503937 30.614173228346456 11.338582677165354 ses
213.16535433070865 400.251968503937 69.73228346456693 11.338582677165354 compatriotes
269.8582677165354 400.251968503937 47.90551181102362 11.338582677165354 d'avoir
304.7244094488189 400.251968503937 43.653543307086615 11.338582677165354 écarté
335.33858267716533 400.251968503937 26.078740157480315 11.338582677165354 de
348.37795275590554 400.251968503937 34.86614173228347 11.338582677165354 leur
365.9527559055118 400.251968503937 60.94488188976378 11.338582677165354 bibliothèque

99.49606299212599 410.1732283464567 32.31496062992126 11.338582677165354 les
117.92125984251969 410.1732283464567 46.20472440944882 11.338582677165354 œuvres
150.23622047244095 410.1732283464567 27.77952755905512 11.338582677165354 du
164.1259842519685 410.1732283464567 41.669291338582674 11.338582677165354 grand
191.6220472440945 410.1732283464567 64.62992125984252 11.338582677165354 romancier.
242.64566929133858 410.1732283464567 27.77952755905512 11.338582677165354 il
256.251968503937 410.1732283464567 32.31496062992126 11.338582677165354 lui
274.96062992125985 410.1732283464567 55.275590551181104 11.338582677165354 rappelle
316.34645669291336 410.1732283464567 32.31496062992126 11.338582677165354 que
334.7716535433071 410.1732283464567 32.31496062992126 11.338582677165354 les
353.1968503937008 410.1732283464567 60.09448818897638 11.338582677165354 habitants
394.86614173228344 410.1732283464567 32.31496062992126 11.338582677165354 d’Apt

99.49606299212599 420.37795275590554 41.10236220472441 11.338582677165354 n’ont
126.70866141732283 420.37795275590554 31.748031496062993 11.338582677165354 pas
145.13385826771653 420.37795275590554 54.70866141732284 11.338582677165354 toujours
185.95275590551182 420.37795275590554 27.212598425196852 11.338582677165354 eu
199.55905511811022 420.37795275590554 27.212598425196852 11.338582677165354 la
213.16535433070865 420.37795275590554 36.28346456692913 11.338582677165354 même
236.1259842519685 420.37795275590554 50.173228346456696 11.338582677165354 opinion
272.40944881889766 420.37795275590554 27.212598425196852 11.338582677165354 et
286.01574803149606 420.37795275590554 27.212598425196852 11.338582677165354 il
299.62204724409446 420.37795275590554 27.212598425196852 11.338582677165354 le
313.51181102362204 420.37795275590554 45.63779527559055 11.338582677165354 raille
345.25984251968504 420.37795275590554 31.748031496062993 11.338582677165354 sur
363.40157480314963 420.37795275590554 27.212598425196852 11.338582677165354 la
377.00787401574803 420.37795275590554 41.10236220472441 11.338582677165354 façon
399.9685039370079 420.37795275590554 27.212598425196852 11.338582677165354 dont

99.21259842519684 431.43307086614175 34.01574803149607 10.488188976377952 son
118.48818897637796 431.43307086614175 53.29133858267716 10.488188976377952 journal
157.3228346456693 431.43307086614175 34.01574803149607 10.488188976377952 est
172.06299212598427 431.43307086614175 48.47244094488189 10.488188976377952 composé.

75.96850393700787 450.99212598425197 43.93700787401575 14.740157480314961 38.
100.91338582677166 450.99212598425197 125.29133858267717 14.740157480314961 DUPLESSIS-MORNAY
207.49606299212599 450.99212598425197 93.8267716535433 14.740157480314961 (Philippe),
282.61417322834643 450.99212598425197 75.11811023622047 14.740157480314961 illustre
339.0236220472441 450.99212598425197 50.173228346456696 14.740157480314961 chef
370.20472440944883 450.99212598425197 37.7007874015748 14.740157480314961 du
382.6771653543307 450.99212598425197 43.93700787401575 14.740157480314961 parti

102.04724409448819 464.88188976377955 88.44094488188976 14.740157480314961 protestant,
172.91338582677164 464.88188976377955 41.38582677165354 14.740157480314961 ami
196.44094488188978 464.88188976377955 35.43307086614173 14.740157480314961 et
214.29921259842519 464.88188976377955 82.48818897637796 14.740157480314961 conseiller
279.21259842519686 464.88188976377955 35.43307086614173 14.740157480314961 de
296.78740157480314 464.88188976377955 53.00787401574803 14.740157480314961 Henri
332.2204724409449 464.88188976377955 41.38582677165354 14.740157480314961 IV,
355.748031496063 464.88188976377955 70.86614173228347 14.740157480314961 surnommé
403.0866141732283 464.88188976377955 23.52755905511811 14.740157480314961 le

102.61417322834646 479.33858267716533 56.125984251968504 14.173228346456693 Pape
143.43307086614172 479.33858267716533 35.71653543307087 14.173228346456693 des
163.84251968503938 479.33858267716533 91.84251968503936 14.173228346456693 Huguenots,
240.66141732283464 479.33858267716533 30.614173228346456 14.173228346456693 n.
255.96850393700788 479.33858267716533 45.92125984251968 14.173228346456693 1549,
286.5826771653543 479.33858267716533 30.614173228346456 14.173228346456693 m.
296.78740157480314 479.33858267716533 35.71653543307087 14.173228346456693 1623.

113.95275590551181 500.0314960629921 28.346456692913385 11.905511811023622 L.
128.1259842519685 500.0314960629921 28.346456692913385 11.905511811023622 a.
142.29921259842519 500.0314960629921 28.346456692913385 11.905511811023622 s.
156.4724409448819 500.0314960629921 23.52755905511811 11.905511811023622 à
166.11023622047244 500.0314960629921 70.86614173228347 11.905511811023622 Villarnoul;
222.8031496062992 500.0314960629921 51.874015748031496 11.905511811023622 Saumur,
260.503937007874 500.0314960629921 28.346456692913385 11.905511811023622 30
274.6771653543307 500.0314960629921 37.7007874015748 11.905511811023622 juin
298.48818897637796 500.0314960629921 42.51968503937008 11.905511811023622 1610,
326.8346456692913 500.0314960629921 23.52755905511811 11.905511811023622 1
336.18897637795277 500.0314960629921 28.346456692913385 11.905511811023622 p.
350.3622047244094 500.0314960629921 61.511811023622045 11.905511811023622 in-folio.
392.88188976377955 500.0314960629921 33.16535433070866 11.905511811023622 Belle

99.21259842519684 513.0708661417323 35.43307086614173 10.488188976377952 pièce.

75.11811023622047 531.496062992126 43.93700787401575 16.15748031496063 39.
100.06299212598425 531.496062992126 62.645669291338585 16.15748031496063 EUGÈNE
144.0 531.496062992126 37.7007874015748 16.15748031496063 DE
162.99212598425197 531.496062992126 62.645669291338585 16.15748031496063 SAVOIE
206.9291338582677 531.496062992126 43.93700787401575 16.15748031496063 (le
231.8740157480315 531.496062992126 75.4015748031496 16.15748031496063 prince),
288.2834645669291 531.496062992126 75.4015748031496 16.15748031496063 illustre
344.6929133858268 531.496062992126 81.63779527559055 16.15748031496063 guerrier,
401.1023622047244 531.496062992126 25.228346456692915 16.15748031496063 un

102.61417322834646 546.8031496062993 40.53543307086614 14.740157480314961 des
125.5748031496063 546.8031496062993 46.20472440944882 14.740157480314961 plus
154.48818897637796 546.8031496062993 86.74015748031496 14.740157480314961 redoutables
223.93700787401573 546.8031496062993 86.74015748031496 14.740157480314961 adversaires
293.1023622047244 546.8031496062993 34.58267716535433 14.740157480314961 de
310.3937007874016 546.8031496062993 51.874015748031496 14.740157480314961 Louis
345.25984251968504 546.8031496062993 46.20472440944882 14.740157480314961 XIV,
374.1732283464567 546.8031496062993 34.58267716535433 14.740157480314961 n.
385.51181102362204 546.8031496062993 40.53543307086614 14.740157480314961 1663,

101.76377952755905 562.3937007874016 37.98425196850393 9.921259842519685 m.
114.23622047244095 562.3937007874016 44.503937007874015 9.921259842519685 1736.

114.23622047244095 579.6850393700787 31.181102362204726 11.905511811023622 L.
129.82677165354332 579.6850393700787 31.181102362204726 11.905511811023622 a.
145.41732283464566 579.6850393700787 36.28346456692913 11.905511811023622 s.,
166.11023622047244 579.6850393700787 31.181102362204726 11.905511811023622 en
181.70078740157481 579.6850393700787 67.46456692913385 11.905511811023622 français,
233.5748031496063 579.6850393700787 36.28346456692913 11.905511811023622 (au
254.26771653543307 579.6850393700787 36.28346456692913 11.905511811023622 duc
275.244094488189 579.6850393700787 31.181102362204726 11.905511811023622 de
290.8346456692913 579.6850393700787 57.25984251968504 11.905511811023622 Savoie,
332.2204724409449 579.6850393700787 36.28346456692913 11.905511811023622 roi
352.9133858267717 579.6850393700787 31.181102362204726 11.905511811023622 de
363.40157480314963 579.6850393700787 62.36220472440945 11.905511811023622 Sardaigne,

102.33070866141732 590.7401574803149 47.62204724409449 12.755905511811024 Victor
135.7795275590551 590.7401574803149 47.62204724409449 12.755905511811024 Amédée
169.22834645669292 590.7401574803149 38.267716535433074 12.755905511811024 II);
193.03937007874015 590.7401574803149 57.25984251968504 12.755905511811024 Rastadt,
236.1259842519685 590.7401574803149 28.62992125984252 12.755905511811024 23
250.29921259842519 590.7401574803149 38.267716535433074 12.755905511811024 juin
274.1102362204724 590.7401574803149 43.08661417322835 12.755905511811024 1704,
302.74015748031496 590.7401574803149 23.811023622047244 12.755905511811024 3
312.37795275590554 590.7401574803149 28.62992125984252 12.755905511811024 p.
326.5511811023622 590.7401574803149 33.44881889763779 12.755905511811024 1/2
341.00787401574803 590.7401574803149 52.44094488188976 12.755905511811024 in

109.13385826771653 609.7322834645669 62.36220472440945 10.771653543307087 IMPORTANTE
158.17322834645668 609.7322834645669 44.503937007874015 10.771653543307087 LETTRE
189.35433070866142 609.7322834645669 66.89763779527559 10.771653543307087 HISTORIQUE.
242.9291338582677 609.7322834645669 35.71653543307087 10.771653543307087 S’il
265.03937007874015 609.7322834645669 22.393700787401574 10.771653543307087 a
274.1102362204724 609.7322834645669 44.503937007874015 10.771653543307087 quitté
305.29133858267716 609.7322834645669 53.574803149606296 10.771653543307087 l’Italie
345.25984251968504 609.7322834645669 35.71653543307087 10.771653543307087 pour
363.11811023622045 609.7322834645669 62.36220472440945 10.771653543307087 l’Allemagne,

98.36220472440945 619.6535433070866 44.78740157480315 11.05511811023622 c’est
128.40944881889763 619.6535433070866 39.68503937007874 11.05511811023622 pour
153.0708661417323 619.6535433070866 44.78740157480315 11.05511811023622 aider
182.83464566929135 619.6535433070866 84.4724409448819 11.05511811023622 indirectement
252.56692913385828 619.6535433070866 49.60629921259842 11.05511811023622 Victor
287.1496062992126 619.6535433070866 49.60629921259842 11.05511811023622 Amédée
322.01574803149606 619.6535433070866 44.78740157480315 11.05511811023622 qu’il
351.7795275590551 619.6535433070866 24.944881889763778 11.05511811023622 a
361.7007874015748 619.6535433070866 69.44881889763779 11.05511811023622 recommandé
411.3070866141732 619.6535433070866 15.023622047244094 11.05511811023622 à

98.64566929133858 629.5748031496063 68.31496062992126 11.622047244094489 Malborough
152.2204724409449 629.5748031496063 29.19685039370079 11.622047244094489 et
166.96062992125985 629.5748031496063 24.37795275590551 11.622047244094489 à
176.5984251968504 629.5748031496063 78.23622047244095 11.622047244094489 Stahremberg;
240.09448818897638 629.5748031496063 29.19685039370079 11.622047244094489 il
254.83464566929135 629.5748031496063 53.85826771653543 11.622047244094489 redoute
293.9527559055118 629.5748031496063 29.19685039370079 11.622047244094489 le
308.6929133858268 629.5748031496063 53.85826771653543 11.622047244094489 passage
347.5275590551181 629.5748031496063 29.19685039370079 11.622047244094489 du
362.26771653543307 629.5748031496063 39.118110236220474 11.622047244094489 Rhin
386.6456692913386 629.5748031496063 34.2992125984252 11.622047244094489 par
401.38582677165357 629.5748031496063 24.37795275590551 11.622047244094489 les

99.21259842519684 639.496062992126 59.811023622047244 11.622047244094489 Français,
145.13385826771653 639.496062992126 41.38582677165354 11.622047244094489 parce
172.62992125984252 639.496062992126 41.38582677165354 11.622047244094489 qu’il
200.40944881889763 639.496062992126 36.8503937007874 11.622047244094489 leur
223.37007874015748 639.496062992126 32.31496062992126 11.622047244094489 est
241.79527559055117 639.496062992126 59.811023622047244 11.622047244094489 inférieur
287.7165354330709 639.496062992126 27.496062992125985 11.622047244094489 en
301.6062992125984 639.496062992126 41.38582677165354 11.622047244094489 force
329.1023622047244 639.496062992126 27.496062992125985 11.622047244094489 et
342.99212598425197 639.496062992126 41.38582677165354 11.622047244094489 n’est
370.48818897637796 639.496062992126 32.31496062992126 11.622047244094489 pas
384.37795275590554 639.496062992126 41.38582677165354 11.622047244094489 soutenu

99.21259842519684 648.2834645669292 34.01574803149607 12.755905511811024 par
118.77165354330708 648.2834645669292 34.01574803149607 12.755905511811024 lés
138.04724409448818 648.2834645669292 53.574803149606296 12.755905511811024 Danois;
177.16535433070865 648.2834645669292 29.19685039370079 12.755905511811024 il
191.90551181102362 648.2834645669292 48.75590551181102 12.755905511811024 espère
225.92125984251967 648.2834645669292 34.01574803149607 12.755905511811024 que
245.48031496062993 648.2834645669292 53.574803149606296 12.755905511811024 Verceil
284.31496062992125 648.2834645669292 63.496062992125985 12.755905511811024 résistera
333.07086614173227 648.2834645669292 39.118110236220474 12.755905511811024 plus
357.4488188976378 648.2834645669292 63.496062992125985 12.755905511811024 longtemps
401.38582677165357 648.2834645669292 24.37795275590551 12.755905511811024 que

95.24409448818898 661.6062992125984 31.46456692913386 7.086614173228346 Suse.
