617.6692913385826 891.7795275590552
83.33858267716535 144.0 151.93700787401573 15.023622047244094 PUBLICATIONS
206.64566929133858 144.0 66.33070866141732 15.023622047244094 SUR
244.62992125984252 144.0 66.33070866141732 15.023622047244094 LES
272.9763779527559 144.0 123.30708661417323 15.023622047244094 AUTOGRAPHES

131.5275590551181 171.21259842519686 31.181102362204726 12.188976377952756 En
152.2204724409449 171.21259842519686 31.181102362204726 12.188976377952756 vente
172.91338582677164 171.21259842519686 27.77952755905512 12.188976377952756 chez
190.48818897637796 171.21259842519686 20.69291338582677 12.188976377952756 M.
200.69291338582678 171.21259842519686 37.98425196850393 12.188976377952756 Étienne
228.4724409448819 171.21259842519686 45.07086614173228 12.188976377952756 Charavay,
263.0551181102362 171.21259842519686 24.37795275590551 12.188976377952756 rue
276.9448818897638 171.21259842519686 20.69291338582677 12.188976377952756 de
287.43307086614175 171.21259842519686 55.55905511811024 12.188976377952756 Furstenberg,
328.81889763779526 171.21259842519686 27.77952755905512 12.188976377952756 3.

75.68503937007874 221.66929133858267 49.889763779527556 15.307086614173228 Faux
111.96850393700787 221.66929133858267 72.56692913385827 15.307086614173228 autographes:
170.64566929133858 221.66929133858267 49.889763779527556 15.307086614173228 affaire
206.9291338582677 221.66929133858267 90.4251968503937 15.307086614173228 Vrain-Lucas.
284.0314960629921 221.66929133858267 40.818897637795274 15.307086614173228 Étude
311.244094488189 221.66929133858267 31.748031496062993 15.307086614173228 par
329.1023622047244 221.66929133858267 49.889763779527556 15.307086614173228 Étienne
360.8503937007874 221.66929133858267 49.889763779527556 15.307086614173228 Charavay.

72.28346456692914 233.5748031496063 214.01574803149606 11.338582677165354 Brochure
233.00787401574803 233.5748031496063 160.7244094488189 11.338582677165354 in-8.
322.01574803149606 233.5748031496063 89.29133858267717 11.338582677165354 1.»

85.60629921259843 245.76377952755905 40.25196850393701 14.456692913385826 Étude
112.53543307086615 245.76377952755905 53.574803149606296 14.456692913385826 critique
152.50393700787401 245.76377952755905 31.181102362204726 14.456692913385826 sur
170.36220472440945 245.76377952755905 26.64566929133858 14.456692913385826 la
183.68503937007873 245.76377952755905 49.039370078740156 14.456692913385826 fameuse
219.4015748031496 245.76377952755905 62.36220472440945 14.456692913385826 collection
268.4409448818898 245.76377952755905 44.503937007874015 14.456692913385826 vendue
299.62204724409446 245.76377952755905 22.393700787401574 14.456692913385826 à
308.40944881889766 245.76377952755905 26.64566929133858 14.456692913385826 M.
322.01574803149606 245.76377952755905 49.039370078740156 14.456692913385826 Chasles
357.4488188976378 245.76377952755905 26.64566929133858 14.456692913385826 et
366.5196850393701 245.76377952755905 44.503937007874015 14.456692913385826 observa-

77.38582677165354 258.23622047244095 38.83464566929134 12.188976377952756 tions
103.18110236220473 258.23622047244095 30.330708661417322 12.188976377952756 sur
120.4724409448819 258.23622047244095 30.330708661417322 12.188976377952756 les
137.76377952755905 258.23622047244095 43.08661417322835 12.188976377952756 moyens
168.09448818897638 258.23622047244095 25.79527559055118 12.188976377952756 de
180.8503937007874 258.23622047244095 64.62992125984252 12.188976377952756 reconnaître
232.7244094488189 258.23622047244095 30.330708661417322 12.188976377952756 les
250.01574803149606 258.23622047244095 34.58267716535433 12.188976377952756 faux
267.3070866141732 258.23622047244095 60.37795275590551 12.188976377952756 autographes.

77.38582677165354 271.84251968503935 77.95275590551181 15.307086614173228 Supplément
141.4488188976378 271.84251968503935 22.96062992125984 15.307086614173228 à
150.8031496062992 271.84251968503935 73.41732283464567 15.307086614173228 l'isographie
210.33070866141733 271.84251968503935 32.031496062992126 15.307086614173228 des
228.75590551181102 271.84251968503935 45.92125984251968 15.307086614173228 hommes
260.78740157480314 271.84251968503935 77.95275590551181 15.307086614173228 célèbres,
325.13385826771656 271.84251968503935 45.92125984251968 15.307086614173228 dressé
357.1653543307087 271.84251968503935 32.031496062992126 15.307086614173228 par
370.7716535433071 271.84251968503935 41.38582677165354 15.307086614173228 Étienne

86.45669291338582 283.18110236220474 60.661417322834644 13.606299212598426 Charavay;
132.9448818897638 283.18110236220474 55.84251968503937 13.606299212598426 première
174.89763779527559 283.18110236220474 46.488188976377955 13.606299212598426 série,
207.49606299212599 283.18110236220474 60.661417322834644 13.606299212598426 contenant
253.98425196850394 283.18110236220474 32.59842519685039 13.606299212598426 les
272.6929133858268 283.18110236220474 65.19685039370079 13.606299212598426 livraisons
324.0 283.18110236220474 28.062992125984252 13.606299212598426 de
337.8897637795276 283.18110236220474 23.244094488188978 13.606299212598426 I
347.244094488189 283.18110236220474 23.244094488188978 13.606299212598426 à
356.59842519685037 283.18110236220474 28.062992125984252 13.606299212598426 V.
370.48818897637796 283.18110236220474 37.13385826771653 13.606299212598426 In-4
389.1968503937008 283.18110236220474 23.244094488188978 13.606299212598426 sur

83.90551181102362 293.38582677165357 66.89763779527559 13.32283464566929 papier
130.96062992125985 293.38582677165357 40.25196850393701 13.32283464566929 de
151.08661417322836 293.38582677165357 87.02362204724409 13.32283464566929 Hollande.
217.98425196850394 293.38582677165357 53.574803149606296 13.32283464566929 Tiré
251.71653543307087 293.38582677165357 33.44881889763779 13.32283464566929 à
265.03937007874015 293.38582677165357 47.05511811023622 13.32283464566929 200
291.68503937007875 293.38582677165357 107.14960629921259 13.32283464566929 exemplaires.
378.99212598425197 293.38582677165357 40.25196850393701 13.32283464566929 12
392.31496062992125 293.38582677165357 20.125984251968504 13.32283464566929 »

84.4724409448819 308.40944881889766 38.55118110236221 13.039370078740157 2e
103.74803149606299 308.40944881889766 64.34645669291339 13.039370078740157 série,
148.8188976377953 308.40944881889766 83.62204724409449 13.039370078740157 contenant
213.16535433070865 308.40944881889766 45.07086614173228 13.039370078740157 les
238.6771653543307 308.40944881889766 89.85826771653544 13.039370078740157 livraisons
309.25984251968504 308.40944881889766 38.55118110236221 13.039370078740157 de
328.53543307086613 308.40944881889766 38.55118110236221 13.039370078740157 VI
347.81102362204723 308.40944881889766 32.031496062992126 13.039370078740157 à
360.8503937007874 308.40944881889766 38.55118110236221 13.039370078740157 X.
380.12598425196853 308.40944881889766 38.55118110236221 13.039370078740157 12
392.88188976377955 308.40944881889766 19.275590551181104 13.039370078740157 »

78.51968503937007 322.2992125984252 69.44881889763779 13.606299212598426 L’Amateur
134.9291338582677 322.2992125984252 95.81102362204724 13.606299212598426 d’autographes,
217.70078740157481 322.2992125984252 39.118110236220474 13.606299212598426 revue
243.7795275590551 322.2992125984252 73.98425196850394 13.606299212598426 rétrospective
304.4409448818898 322.2992125984252 26.078740157480315 13.606299212598426 et
317.4803149606299 322.2992125984252 73.98425196850394 13.606299212598426 contemporaine
374.1732283464567 322.2992125984252 39.118110236220474 13.606299212598426 publiée

86.45669291338582 331.37007874015745 35.71653543307087 14.456692913385826 sous
108.85039370078741 331.37007874015745 26.929133858267715 14.456692913385826 la
122.1732283464567 331.37007874015745 58.110236220472444 14.456692913385826 direction
166.96062992125985 331.37007874015745 58.110236220472444 14.456692913385826 d’Étienne
211.748031496063 331.37007874015745 58.110236220472444 14.456692913385826 Charavay,
256.53543307086613 331.37007874015745 62.645669291338585 14.456692913385826 paraissant
305.5748031496063 331.37007874015745 44.78740157480315 14.456692913385826 chaque
337.03937007874015 331.37007874015745 35.71653543307087 14.456692913385826 mois
359.43307086614175 331.37007874015745 31.181102362204726 14.456692913385826 par
372.755905511811 331.37007874015745 40.25196850393701 14.456692913385826 livrai-

86.74015748031496 343.84251968503935 29.19685039370079 11.905511811023622 son
103.46456692913385 343.84251968503935 24.944881889763778 11.905511811023622 de
115.93700787401575 343.84251968503935 24.944881889763778 11.905511811023622 16
128.40944881889763 343.84251968503935 37.41732283464567 11.905511811023622 pages
153.35433070866142 343.84251968503935 37.41732283464567 11.905511811023622 in-8,
178.29921259842519 343.84251968503935 33.16535433070866 11.905511811023622 avec
199.2755905511811 343.84251968503935 62.36220472440945 11.905511811023622 fac-similés
249.16535433070865 343.84251968503935 33.16535433070866 11.905511811023622 dans
269.8582677165354 343.84251968503935 24.944881889763778 11.905511811023622 le
278.3622047244094 343.84251968503935 33.16535433070866 11.905511811023622 texte.

178.29921259842519 358.01574803149606 36.56692913385827 8.220472440944881 Prix
201.25984251968504 358.01574803149606 27.496062992125985 8.220472440944881 de
214.86614173228347 358.01574803149606 73.41732283464567 8.220472440944881 l’abonnement
274.3937007874016 358.01574803149606 36.56692913385827 8.220472440944881 d’un
292.81889763779526 358.01574803149606 22.96062992125984 8.220472440944881 an:

86.45669291338582 368.78740157480314 50.74015748031496 13.32283464566929 Paris
120.18897637795276 368.78740157480314 33.732283464566926 13.32283464566929 et
137.1968503937008 368.78740157480314 95.5275590551181 13.32283464566929 départements.
216.0 368.78740157480314 28.062992125984252 13.32283464566929 .
227.0551181102362 368.78740157480314 28.062992125984252 13.32283464566929 .
238.39370078740157 368.78740157480314 33.732283464566926 13.32283464566929 10
255.11811023622047 368.78740157480314 28.062992125984252 13.32283464566929 »
266.45669291338584 368.78740157480314 28.062992125984252 13.32283464566929 |
277.79527559055117 368.78740157480314 50.74015748031496 13.32283464566929 Union
311.5275590551181 368.78740157480314 67.46456692913385 13.32283464566929 postale.
361.98425196850394 368.78740157480314 28.062992125984252 13.32283464566929 .
373.3228346456693 368.78740157480314 28.062992125984252 13.32283464566929 .
384.66141732283467 368.78740157480314 33.732283464566926 13.32283464566929 12
395.7165354330709 368.78740157480314 17.007874015748033 13.32283464566929 »

87.59055118110236 383.81102362204723 38.55118110236221 13.32283464566929 Cette
113.10236220472441 383.81102362204723 42.803149606299215 13.32283464566929 revue,
143.1496062992126 383.81102362204723 42.803149606299215 13.32283464566929 fondée
173.1968503937008 383.81102362204723 25.79527559055118 13.32283464566929 en
185.95275590551182 383.81102362204723 38.55118110236221 13.32283464566929 1862,
211.748031496063 383.81102362204723 30.04724409448819 13.32283464566929 est
228.75590551181102 383.81102362204723 25.79527559055118 13.32283464566929 le
241.51181102362204 383.81102362204723 34.2992125984252 13.32283464566929 seul
263.0551181102362 383.81102362204723 42.803149606299215 13.32283464566929 organe
292.81889763779526 383.81102362204723 30.04724409448819 13.32283464566929 que
310.1102362204724 383.81102362204723 30.04724409448819 13.32283464566929 les
327.11811023622045 383.81102362204723 51.30708661417323 13.32283464566929 amateurs
361.4173228346457 383.81102362204723 51.30708661417323 13.32283464566929 d’autogra-

79.65354330708661 394.01574803149606 36.0 13.606299212598426 phes
102.33070866141732 394.01574803149606 40.53543307086614 13.606299212598426 aient
129.25984251968504 394.01574803149606 26.929133858267715 13.606299212598426 en
142.86614173228347 394.01574803149606 49.60629921259842 13.606299212598426 France.
178.86614173228347 394.01574803149606 36.0 13.606299212598426 Elle
201.25984251968504 394.01574803149606 45.07086614173228 13.606299212598426 publie
232.7244094488189 394.01574803149606 31.46456692913386 13.606299212598426 des
250.86614173228347 394.01574803149606 45.07086614173228 13.606299212598426 pièces
282.3307086614173 394.01574803149606 54.14173228346457 13.606299212598426 inédites
322.86614173228344 394.01574803149606 26.929133858267715 13.606299212598426 et
336.4724409448819 394.01574803149606 40.53543307086614 13.606299212598426 donne
363.40157480314963 394.01574803149606 45.07086614173228 13.606299212598426 toutes
390.61417322834643 394.01574803149606 22.393700787401574 13.606299212598426 les

80.50393700787401 406.20472440944883 56.69291338582677 11.338582677165354 nouvelles
124.15748031496064 406.20472440944883 47.90551181102362 11.338582677165354 pouvant
159.0236220472441 406.20472440944883 61.22834645669291 11.338582677165354 intéresser
206.9291338582677 406.20472440944883 30.614173228346456 11.338582677165354 les
220.251968503937 406.20472440944883 47.90551181102362 11.338582677165354 amateurs.

88.15748031496064 416.6929133858268 79.08661417322834 13.606299212598426 Collection
153.0708661417323 416.6929133858268 55.84251968503937 13.606299212598426 complète
195.0236220472441 416.6929133858268 46.488188976377955 13.606299212598426 de
227.6220472440945 416.6929133858268 37.13385826771653 13.606299212598426 1862
250.86614173228347 416.6929133858268 55.84251968503937 13.606299212598426 à
292.53543307086613 416.6929133858268 41.95275590551181 13.606299212598426 1879,
320.59842519685037 416.6929133858268 27.77952755905512 13.606299212598426 17
334.48818897637796 416.6929133858268 37.13385826771653 13.606299212598426 vol.
357.73228346456693 416.6929133858268 41.95275590551181 13.606299212598426 in-8.
385.79527559055117 416.6929133858268 32.59842519685039 13.606299212598426 160
399.68503937007875 416.6929133858268 13.88976377952756 13.606299212598426 »

79.65354330708661 432.56692913385825 50.45669291338583 13.88976377952756 Table
117.63779527559055 432.56692913385825 50.45669291338583 13.88976377952756 générale
155.6220472440945 432.56692913385825 29.480314960629922 13.88976377952756 des
172.3464566929134 432.56692913385825 46.488188976377955 13.88976377952756 lettres
206.07874015748033 432.56692913385825 25.228346456692915 13.88976377952756 et
218.83464566929135 432.56692913385825 54.70866141732284 13.88976377952756 documents
261.07086614173227 432.56692913385825 50.45669291338583 13.88976377952756 contenus
298.7716535433071 432.56692913385825 33.732283464566926 13.88976377952756 dans
320.0314960629921 432.56692913385825 54.70866141732284 13.88976377952756 l’Amateur
358.01574803149606 432.56692913385825 54.70866141732284 13.88976377952756 d’auto

88.15748031496064 442.48818897637796 74.55118110236221 14.173228346456693 graphes;
150.8031496062992 442.48818897637796 47.05511811023622 14.173228346456693 première
186.23622047244095 442.48818897637796 39.118110236220474 14.173228346456693 série,
213.73228346456693 442.48818897637796 54.99212598425197 14.173228346456693 1862-1874,
256.81889763779526 442.48818897637796 35.1496062992126 14.173228346456693 1877,
280.34645669291336 442.48818897637796 35.1496062992126 14.173228346456693 in-8.
303.87401574803147 442.48818897637796 31.46456692913386 14.173228346456693 Tiré
323.43307086614175 442.48818897637796 19.559055118110237 14.173228346456693 à
331.37007874015745 442.48818897637796 27.496062992125985 14.173228346456693 100
346.96062992125985 442.48818897637796 62.645669291338585 14.173228346456693 exemplaires.
397.98425196850394 442.48818897637796 19.559055118110237 14.173228346456693 4
401.9527559055118 442.48818897637796 11.622047244094489 14.173228346456693 »

87.8740157480315 456.09448818897636 41.38582677165354 14.456692913385826 Cette
115.37007874015748 456.09448818897636 45.92125984251968 14.456692913385826 table,
147.4015748031496 456.09448818897636 50.45669291338583 14.456692913385826 rédigée
183.96850393700788 456.09448818897636 36.56692913385827 14.456692913385826 avec
206.9291338582677 456.09448818897636 36.56692913385827 14.456692913385826 soin
229.88976377952756 456.09448818897636 32.031496062992126 14.456692913385826 par
248.31496062992127 456.09448818897636 27.496062992125985 14.456692913385826 un
261.9212598425197 456.09448818897636 73.41732283464567 14.456692913385826 bibliographe
321.73228346456693 456.09448818897636 54.99212598425197 14.456692913385826 émérite,
362.8346456692913 456.09448818897636 27.496062992125985 14.456692913385826 M.
371.90551181102364 456.09448818897636 41.38582677165354 14.456692913385826 Maurice

79.93700787401575 466.5826771653543 53.29133858267716 13.606299212598426 Tourneux,
120.75590551181102 466.5826771653543 28.62992125984252 13.606299212598426 est
137.1968503937008 466.5826771653543 69.73228346456693 13.606299212598426 indispensable
194.45669291338584 466.5826771653543 28.62992125984252 13.606299212598426 aux
210.89763779527559 466.5826771653543 45.07086614173228 13.606299212598426 abonnés
243.7795275590551 466.5826771653543 24.661417322834644 13.606299212598426 de
255.96850393700788 466.5826771653543 65.48031496062993 13.606299212598426 l'Amateur
309.25984251968504 466.5826771653543 86.1732283464567 13.606299212598426 d'autographes
383.244094488189 466.5826771653543 24.661417322834644 13.606299212598426 et
391.46456692913387 466.5826771653543 20.409448818897637 13.606299212598426 aux

80.50393700787401 477.9212598425197 45.354330708661415 12.472440944881889 érudits
113.66929133858268 477.9212598425197 28.913385826771652 12.472440944881889 qui
130.11023622047244 477.9212598425197 28.913385826771652 12.472440944881889 ont
146.5511811023622 477.9212598425197 41.38582677165354 12.472440944881889 besoin
175.46456692913387 477.9212598425197 24.661417322834644 12.472440944881889 de
187.93700787401573 477.9212598425197 53.574803149606296 12.472440944881889 consulter
229.03937007874015 477.9212598425197 28.913385826771652 12.472440944881889 cet
245.76377952755905 477.9212598425197 37.13385826771653 12.472440944881889 utile
266.1732283464567 477.9212598425197 41.38582677165354 12.472440944881889 recueil.

80.50393700787401 492.66141732283467 70.86614173228347 14.456692913385826 Inventaire
138.89763779527559 492.66141732283467 29.19685039370079 14.456692913385826 des
155.6220472440945 492.66141732283467 62.645669291338585 14.456692913385826 autographes
205.79527559055117 492.66141732283467 24.944881889763778 14.456692913385826 et
218.26771653543307 492.66141732283467 54.14173228346457 14.456692913385826 documents
259.93700787401576 492.66141732283467 79.08661417322834 14.456692913385826 historiques
326.5511811023622 492.66141732283467 41.669291338582674 14.456692913385826 réunis
355.748031496063 492.66141732283467 29.19685039370079 14.456692913385826 par
372.4724409448819 492.66141732283467 24.944881889763778 14.456692913385826 M.
380.6929133858268 492.66141732283467 33.44881889763779 14.456692913385826 Benja-

87.8740157480315 502.01574803149606 30.04724409448819 15.023622047244094 min
104.88188976377953 502.01574803149606 47.05511811023622 15.023622047244094 Fillon,
139.1811023622047 502.01574803149606 47.05511811023622 15.023622047244094 décrits
173.76377952755905 502.01574803149606 30.04724409448819 15.023622047244094 par
190.77165354330708 502.01574803149606 47.05511811023622 15.023622047244094 Étienne
225.0708661417323 502.01574803149606 55.84251968503937 15.023622047244094 Charavay.
267.87401574803147 502.01574803149606 38.55118110236221 15.023622047244094 Tomes
293.6692913385827 502.01574803149606 21.543307086614174 15.023622047244094 I
302.45669291338584 502.01574803149606 25.79527559055118 15.023622047244094 et
315.21259842519686 502.01574803149606 30.04724409448819 15.023622047244094 II,
332.2204724409449 502.01574803149606 21.543307086614174 15.023622047244094 2
341.00787401574803 502.01574803149606 34.2992125984252 15.023622047244094 vol.
362.26771653543307 502.01574803149606 38.55118110236221 15.023622047244094 in-4,
383.81102362204723 502.01574803149606 30.04724409448819 15.023622047244094 impr.

87.59055118110236 513.3543307086615 35.71653543307087 13.606299212598426 sur
108.0 513.3543307086615 51.023622047244096 13.606299212598426 papier
143.71653543307087 513.3543307086615 30.614173228346456 13.606299212598426 de
159.0236220472441 513.3543307086615 61.22834645669291 13.606299212598426 Hollande
204.9448818897638 513.3543307086615 35.71653543307087 13.606299212598426 par
225.35433070866142 513.3543307086615 30.614173228346456 13.606299212598426 M.
240.66141732283464 513.3543307086615 35.71653543307087 13.606299212598426 Cl.
261.07086614173227 513.3543307086615 66.33070866141732 13.606299212598426 Motteroz.
312.09448818897636 513.3543307086615 51.023622047244096 13.606299212598426 Chaque
347.81102362204723 513.3543307086615 56.125984251968504 13.606299212598426 volume.
388.62992125984255 513.3543307086615 30.614173228346456 13.606299212598426 25
398.8346456692913 513.3543307086615 15.307086614173228 13.606299212598426 »

80.78740157480316 528.3779527559055 58.39370078740158 15.590551181102363 Lettres
126.70866141732283 528.3779527559055 62.645669291338585 15.590551181102363 autographes
176.88188976377953 528.3779527559055 54.14173228346457 15.590551181102363 composant
218.5511811023622 528.3779527559055 24.944881889763778 15.590551181102363 la
231.0236220472441 528.3779527559055 58.39370078740158 15.590551181102363 collection
276.9448818897638 528.3779527559055 24.944881889763778 15.590551181102363 de
289.4173228346457 528.3779527559055 24.944881889763778 15.590551181102363 M.
302.1732283464567 528.3779527559055 41.669291338582674 15.590551181102363 Alfred
331.37007874015745 528.3779527559055 58.39370078740158 15.590551181102363 Bovet,
373.03937007874015 528.3779527559055 41.669291338582674 15.590551181102363 décrites

88.7244094488189 538.5826771653543 34.01574803149607 15.023622047244094 par
108.28346456692914 538.5826771653543 53.574803149606296 15.023622047244094 Étienne
147.11811023622047 538.5826771653543 63.496062992125985 15.023622047244094 Charavay,
195.8740157480315 538.5826771653543 53.574803149606296 15.023622047244094 ouvrage
234.99212598425197 538.5826771653543 53.574803149606296 15.023622047244094 imprimé
274.1102362204724 538.5826771653543 39.118110236220474 15.023622047244094 sous
298.48818897637796 538.5826771653543 29.19685039370079 15.023622047244094 la
313.2283464566929 538.5826771653543 63.496062992125985 15.023622047244094 direction
361.98425196850394 538.5826771653543 29.19685039370079 15.023622047244094 de
371.62204724409446 538.5826771653543 43.93700787401575 15.023622047244094 Fernand

89.5748031496063 549.0708661417323 63.496062992125985 13.88976377952756 Calmettes.
139.46456692913387 549.0708661417323 22.677165354330707 13.88976377952756 1
148.53543307086613 549.0708661417323 36.28346456692913 13.88976377952756 vol.
171.21259842519686 549.0708661417323 40.818897637795274 13.88976377952756 in-4,
198.14173228346456 549.0708661417323 27.212598425196852 13.88976377952756 de
211.748031496063 549.0708661417323 36.28346456692913 13.88976377952756 1000
234.4251968503937 549.0708661417323 45.354330708661415 13.88976377952756 pages,
266.1732283464567 549.0708661417323 49.889763779527556 13.88976377952756 imprimé
302.45669291338584 549.0708661417323 31.748031496062993 13.88976377952756 sur
320.59842519685037 549.0708661417323 45.354330708661415 13.88976377952756 papier
352.06299212598424 549.0708661417323 27.212598425196852 13.88976377952756 de
365.6692913385827 549.0708661417323 40.818897637795274 13.88976377952756 luxe,
388.34645669291336 549.0708661417323 27.212598425196852 13.88976377952756 avec

85.60629921259843 560.1259842519685 126.99212598425197 13.606299212598426 encadrement
187.37007874015748 560.1259842519685 76.25196850393701 13.606299212598426 rouge
238.11023622047244 560.1259842519685 42.23622047244095 13.606299212598426 à
255.11811023622047 560.1259842519685 84.75590551181102 13.606299212598426 chaque
314.3622047244094 560.1259842519685 76.25196850393701 13.606299212598426 page.
365.38582677165357 560.1259842519685 59.24409448818898 13.606299212598426 150
390.61417322834643 560.1259842519685 25.511811023622048 13.606299212598426 »

81.92125984251969 575.1496062992126 69.44881889763779 15.023622047244094 Collection
138.89763779527559 575.1496062992126 24.37795275590551 15.023622047244094 de
151.08661417322836 575.1496062992126 44.78740157480315 15.023622047244094 lettres
183.68503937007873 575.1496062992126 61.22834645669291 15.023622047244094 autographes
232.7244094488189 575.1496062992126 24.37795275590551 15.023622047244094 et
244.91338582677164 575.1496062992126 24.37795275590551 15.023622047244094 de
257.1023622047244 575.1496062992126 53.00787401574803 15.023622047244094 documents
297.9212598425197 575.1496062992126 61.22834645669291 15.023622047244094 historiques
346.6771653543307 575.1496062992126 28.62992125984252 15.023622047244094 sur
363.11811023622045 575.1496062992126 24.37795275590551 15.023622047244094 le
371.33858267716533 575.1496062992126 44.78740157480315 15.023622047244094 règne

90.14173228346456 584.7874015748032 37.98425196850393 15.023622047244094 de
115.65354330708661 584.7874015748032 37.98425196850393 15.023622047244094 Louis
140.88188976377953 584.7874015748032 54.99212598425197 15.023622047244094 XIII,
183.11811023622047 584.7874015748032 42.23622047244095 15.023622047244094 formée
212.5984251968504 584.7874015748032 29.480314960629922 15.023622047244094 par
229.60629921259843 584.7874015748032 29.480314960629922 15.023622047244094 feu
246.61417322834646 584.7874015748032 25.228346456692915 15.023622047244094 M.
259.0866141732283 584.7874015748032 25.228346456692915 15.023622047244094 A.
271.84251968503935 584.7874015748032 46.488188976377955 15.023622047244094 Pécard,
305.5748031496063 584.7874015748032 46.488188976377955 15.023622047244094 décrite
339.59055118110234 584.7874015748032 25.228346456692915 15.023622047244094 et
352.06299212598424 584.7874015748032 50.74015748031496 15.023622047244094 précédée
386.0787401574803 584.7874015748032 29.480314960629922 15.023622047244094 d’une

88.15748031496064 596.1259842519685 63.21259842519685 13.88976377952756 notice
132.3779527559055 596.1259842519685 44.22047244094488 13.88976377952756 par
157.60629921259843 596.1259842519685 69.44881889763779 13.88976377952756 Etienne
208.06299212598427 596.1259842519685 82.20472440944881 13.88976377952756 Charavay,
271.2755905511811 596.1259842519685 56.69291338582677 13.88976377952756 1873.
308.9763779527559 596.1259842519685 31.46456692913386 13.88976377952756 1
321.73228346456693 596.1259842519685 50.45669291338583 13.88976377952756 vol.
353.1968503937008 596.1259842519685 56.69291338582677 13.88976377952756 in-8.
391.18110236220474 596.1259842519685 31.46456692913386 13.88976377952756 4
397.4173228346457 596.1259842519685 18.992125984251967 13.88976377952756 »

90.70866141732283 608.8818897637796 60.37795275590551 15.023622047244094 Répertoire
138.04724409448818 608.8818897637796 73.41732283464567 15.023622047244094 indispensable
198.4251968503937 608.8818897637796 21.543307086614174 15.023622047244094 à
207.21259842519686 608.8818897637796 34.58267716535433 15.023622047244094 ceux
228.75590551181102 608.8818897637796 30.330708661417322 15.023622047244094 qui
246.04724409448818 608.8818897637796 60.37795275590551 15.023622047244094 s’occupent
293.38582677165357 608.8818897637796 25.79527559055118 15.023622047244094 de
306.4251968503937 608.8818897637796 60.37795275590551 15.023622047244094 l’histoire
353.76377952755905 608.8818897637796 25.79527559055118 15.023622047244094 de
366.8031496062992 608.8818897637796 38.83464566929134 15.023622047244094 Louis
388.34645669291336 608.8818897637796 25.79527559055118 15.023622047244094 XIII

81.92125984251969 623.6220472440945 25.228346456692915 8.78740157480315 et
94.67716535433071 623.6220472440945 25.228346456692915 8.78740157480315 du
107.14960629921259 623.6220472440945 50.45669291338583 8.78740157480315 cardinal
145.13385826771653 623.6220472440945 25.228346456692915 8.78740157480315 de
153.35433070866142 623.6220472440945 50.45669291338583 8.78740157480315 Richelieu.

81.35433070866142 635.2440944881889 55.275590551181104 15.307086614173228 Victor
123.8740157480315 635.2440944881889 38.267716535433074 15.307086614173228 Hugo;
149.10236220472441 635.2440944881889 51.023622047244096 15.307086614173228 Histoire
187.37007874015748 635.2440944881889 34.01574803149607 15.307086614173228 d’un
208.62992125984252 635.2440944881889 42.51968503937008 15.307086614173228 crime;
238.39370078740157 635.2440944881889 38.267716535433074 15.307086614173228 Album
263.62204724409446 635.2440944881889 25.511811023622048 15.307086614173228 de
276.37795275590554 635.2440944881889 63.496062992125985 15.307086614173228 fac-similés
327.40157480314963 635.2440944881889 72.0 15.307086614173228 d’autographes
382.3937007874016 635.2440944881889 34.01574803149607 15.307086614173228 et

89.5748031496063 645.7322834645669 43.37007874015748 14.740157480314961 de
118.48818897637796 645.7322834645669 86.45669291338582 14.740157480314961 portraits,
190.48818897637796 645.7322834645669 48.188976377952756 14.740157480314961 dressé
224.2204724409449 645.7322834645669 33.732283464566926 14.740157480314961 par
243.49606299212599 645.7322834645669 53.00787401574803 14.740157480314961 Étienne
281.76377952755905 645.7322834645669 62.36220472440945 14.740157480314961 Charavay.
329.9527559055118 645.7322834645669 24.094488188976378 14.740157480314961 1
339.59055118110234 645.7322834645669 38.55118110236221 14.740157480314961 vol.
363.40157480314963 645.7322834645669 43.37007874015748 14.740157480314961 in-8.
392.31496062992125 645.7322834645669 24.094488188976378 14.740157480314961 3
397.13385826771656 645.7322834645669 19.275590551181104 14.740157480314961 50

90.14173228346456 659.3385826771654 32.031496062992126 15.023622047244094 Cet
108.56692913385827 659.3385826771654 45.92125984251968 15.023622047244094 album,
140.5984251968504 659.3385826771654 50.45669291338583 15.023622047244094 composé
177.16535433070865 659.3385826771654 27.496062992125985 15.023622047244094 de
191.0551181102362 659.3385826771654 27.496062992125985 15.023622047244094 12
204.66141732283464 659.3385826771654 59.52755905511811 15.023622047244094 portraits
250.58267716535434 659.3385826771654 27.496062992125985 15.023622047244094 et
264.18897637795277 659.3385826771654 27.496062992125985 15.023622047244094 de
278.0787401574803 659.3385826771654 32.031496062992126 15.023622047244094 100
296.503937007874 659.3385826771654 68.88188976377953 15.023622047244094 fac-similés
346.6771653543307 659.3385826771654 68.88188976377953 15.023622047244094 d’autographes

83.62204724409449 670.9606299212599 26.078740157480315 12.472440944881889 est
98.64566929133858 670.9606299212599 22.393700787401574 12.472440944881889 du
109.7007874015748 670.9606299212599 30.04724409448819 12.472440944881889 même
128.40944881889763 670.9606299212599 37.41732283464567 12.472440944881889 format
154.48818897637796 670.9606299212599 26.078740157480315 12.472440944881889 que
169.51181102362204 670.9606299212599 63.496062992125985 12.472440944881889 l'Histoire
221.95275590551182 670.9606299212599 30.04724409448819 12.472440944881889 d'un
236.9763779527559 670.9606299212599 44.78740157480315 12.472440944881889 crime.
