617.6692913385826 891.7795275590552
223.37007874015748 128.40944881889763 39.118110236220474 10.488188976377952 —
238.96062992125985 128.40944881889763 46.77165354330709 10.488188976377952 15
254.5511811023622 128.40944881889763 23.52755905511811 10.488188976377952 —

80.22047244094489 147.11811023622047 43.93700787401575 17.858267716535433 78.
105.16535433070867 147.11811023622047 56.40944881889764 17.858267716535433 MÉHUL
142.86614173228347 147.11811023622047 125.00787401574803 17.858267716535433 (Étienne-Henri),
249.16535433070865 147.11811023622047 68.88188976377953 17.858267716535433 célèbre
299.0551181102362 147.11811023622047 93.8267716535433 17.858267716535433 compositeur
374.1732283464567 147.11811023622047 37.41732283464567 17.858267716535433 de
386.6456692913386 147.11811023622047 43.93700787401575 17.858267716535433 musi-

108.0 162.70866141732284 37.7007874015748 15.590551181102363 que,
131.81102362204723 162.70866141732284 47.338582677165356 15.590551181102363 auteur
164.69291338582678 162.70866141732284 28.346456692913385 15.590551181102363 du
178.86614173228347 162.70866141732284 56.69291338582677 15.590551181102363 Chant
221.38582677165354 162.70866141732284 28.346456692913385 15.590551181102363 du
235.55905511811022 162.70866141732284 66.04724409448819 15.590551181102363 départ
287.7165354330709 162.70866141732284 28.346456692913385 15.590551181102363 et
301.8897637795276 162.70866141732284 28.346456692913385 15.590551181102363 de
316.06299212598424 162.70866141732284 85.03937007874016 15.590551181102363 Joseph,
386.92913385826773 162.70866141732284 28.346456692913385 15.590551181102363 n.
396.2834645669291 162.70866141732284 33.16535433070866 15.590551181102363 1761,

106.86614173228347 179.43307086614172 37.13385826771653 9.354330708661417 m.
119.33858267716535 179.43307086614172 43.37007874015748 9.354330708661417 1817.

118.77165354330708 196.44094488188978 29.480314960629922 12.188976377952756 L.
133.51181102362204 196.44094488188978 29.480314960629922 12.188976377952756 a.
147.96850393700788 196.44094488188978 29.480314960629922 12.188976377952756 s.
162.70866141732284 196.44094488188978 24.37795275590551 12.188976377952756 à
172.62992125984252 196.44094488188978 49.039370078740156 12.188976377952756 Madame
206.9291338582677 196.44094488188978 58.960629921259844 12.188976377952756 Bouilly,
251.1496062992126 196.44094488188978 24.37795275590551 12.188976377952756 2
260.78740157480314 196.44094488188978 29.480314960629922 12.188976377952756 p.
270.70866141732284 196.44094488188978 34.2992125984252 12.188976377952756 in

113.38582677165354 211.46456692913387 39.68503937007874 11.905511811023622 Jolie
140.03149606299212 211.46456692913387 44.22047244094488 11.905511811023622 lettre
170.9291338582677 211.46456692913387 26.362204724409448 11.905511811023622 où
183.96850393700788 211.46456692913387 26.362204724409448 11.905511811023622 il
197.29133858267716 211.46456692913387 39.68503937007874 11.905511811023622 donne
223.93700787401573 211.46456692913387 30.89763779527559 11.905511811023622 des
241.51181102362204 211.46456692913387 53.00787401574803 11.905511811023622 conseils
281.1968503937008 211.46456692913387 22.11023622047244 11.905511811023622 à
289.98425196850394 211.46456692913387 30.89763779527559 11.905511811023622 une
307.5590551181102 211.46456692913387 39.68503937007874 11.905511811023622 jeune
334.20472440944883 211.46456692913387 44.22047244094488 11.905511811023622 fille.
365.1023622047244 211.46456692913387 39.68503937007874 11.905511811023622 «Dans
391.46456692913387 211.46456692913387 30.89763779527559 11.905511811023622 les
404.78740157480314 211.46456692913387 26.362204724409448 11.905511811023622 arts

104.03149606299213 223.08661417322836 36.28346456692913 10.771653543307087 tout
126.70866141732283 223.08661417322836 31.748031496062993 10.771653543307087 est
144.8503937007874 223.08661417322836 45.354330708661415 10.771653543307087 soumis
176.5984251968504 223.08661417322836 27.212598425196852 10.771653543307087 au
190.20472440944883 223.08661417322836 36.28346456692913 10.771653543307087 goût
213.16535433070865 223.08661417322836 27.212598425196852 10.771653543307087 et
226.77165354330708 223.08661417322836 22.677165354330707 10.771653543307087 à
231.30708661417322 223.08661417322836 54.425196850393704 10.771653543307087 l’esprit.»

80.78740157480316 242.07874015748033 48.188976377952756 16.15748031496063 79.
108.28346456692914 242.07874015748033 103.18110236220473 16.15748031496063 MENDELSSOHN
190.77165354330708 242.07874015748033 82.48818897637796 16.15748031496063 (Félix),
252.8503937007874 242.07874015748033 41.38582677165354 16.15748031496063 le
273.54330708661416 242.07874015748033 75.68503937007874 16.15748031496063 célèbre
328.53543307086613 242.07874015748033 103.18110236220473 16.15748031496063 compositeur
404.2204724409449 242.07874015748033 27.496062992125985 16.15748031496063 de

106.86614173228347 256.81889763779526 67.18110236220473 14.456692913385826 musique
155.90551181102362 256.81889763779526 79.37007874015748 14.456692913385826 allemand,
217.13385826771653 256.81889763779526 36.56692913385827 14.456692913385826 n.
235.2755905511811 256.81889763779526 54.99212598425197 14.456692913385826 1809,
272.12598425196853 256.81889763779526 36.56692913385827 14.456692913385826 m.
284.31496062992125 256.81889763779526 42.803149606299215 14.456692913385826 1847.

117.92125984251969 274.96062992125985 32.31496062992126 12.755905511811024 L.
134.07874015748033 274.96062992125985 32.31496062992126 12.755905511811024 a.
150.23622047244095 274.96062992125985 37.7007874015748 12.755905511811024 s.,
171.7795275590551 274.96062992125985 32.31496062992126 12.755905511811024 en
187.93700787401573 274.96062992125985 70.01574803149606 12.755905511811024 français,
242.07874015748033 274.96062992125985 26.929133858267715 12.755905511811024 à
252.8503937007874 274.96062992125985 59.24409448818898 12.755905511811024 SCRIBE;
295.93700787401576 274.96062992125985 59.24409448818898 12.755905511811024 Berlin,
339.0236220472441 274.96062992125985 32.31496062992126 12.755905511811024 14
355.46456692913387 274.96062992125985 59.24409448818898 12.755905511811024 janvier
393.1653543307087 274.96062992125985 37.7007874015748 12.755905511811024 1842,

108.56692913385827 287.7165354330709 22.96062992125984 11.622047244094489 1
117.63779527559055 287.7165354330709 27.77952755905512 11.622047244094489 p.
131.5275590551181 287.7165354330709 32.31496062992126 11.622047244094489 1/2
145.41732283464566 287.7165354330709 32.31496062992126 11.622047244094489 in

114.23622047244095 302.45669291338584 54.425196850393704 11.905511811023622 SUPERBE
153.63779527559055 302.45669291338584 49.60629921259842 11.905511811023622 LETTRE
188.50393700787401 302.45669291338584 29.763779527559056 11.905511811023622 où
203.24409448818898 302.45669291338584 29.763779527559056 11.905511811023622 il
218.26771653543307 302.45669291338584 54.425196850393704 11.905511811023622 exprime
257.6692913385827 302.45669291338584 29.763779527559056 11.905511811023622 le
272.6929133858268 302.45669291338584 44.503937007874015 11.905511811023622 désir
302.45669291338584 302.45669291338584 49.60629921259842 11.905511811023622 d’être
337.03937007874015 302.45669291338584 34.58267716535433 11.905511811023622 son
351.7795275590551 302.45669291338584 79.37007874015748 11.905511811023622 collaborateur.

104.31496062992126 312.37795275590554 61.22834645669291 11.905511811023622 «Honneur
150.23622047244095 312.37795275590554 40.818897637795274 11.905511811023622 dont
175.748031496063 312.37795275590554 61.22834645669291 11.905511811023622 beaucoup
221.95275590551182 312.37795275590554 30.614173228346456 11.905511811023622 de
237.25984251968504 312.37795275590554 35.71653543307087 11.905511811023622 mes
257.6692913385827 312.37795275590554 81.92125984251969 11.905511811023622 compatriotes
324.0 312.37795275590554 40.818897637795274 11.905511811023622 sont
349.51181102362204 312.37795275590554 40.818897637795274 11.905511811023622 sans
375.3070866141732 312.37795275590554 45.92125984251968 11.905511811023622 doute
400.81889763779526 312.37795275590554 30.614173228346456 11.905511811023622 plus

104.31496062992126 322.2992125984252 55.275590551181104 12.472440944881889 dignes,
144.56692913385828 322.2992125984252 40.25196850393701 12.472440944881889 mais
169.79527559055117 322.2992125984252 60.37795275590551 12.472440944881889 qu’aucun
215.1496062992126 322.2992125984252 45.354330708661415 12.472440944881889 d’eux
245.48031496062993 322.2992125984252 30.330708661417322 12.472440944881889 ne
260.503937007874 322.2992125984252 55.275590551181104 12.472440944881889 saurait
300.755905511811 322.2992125984252 45.354330708661415 12.472440944881889 mieux
331.0866141732283 322.2992125984252 65.48031496062993 12.472440944881889 apprécier
381.25984251968504 322.2992125984252 35.1496062992126 12.472440944881889 que
396.56692913385825 322.2992125984252 35.1496062992126 12.472440944881889 moi.»

81.35433070866142 342.4251968503937 43.93700787401575 16.724409448818896 80.
106.2992125984252 342.4251968503937 81.35433070866142 16.724409448818896 MENCHIKOW
168.9448818897638 342.4251968503937 169.22834645669292 16.724409448818896 (Alexandre-Danilovitch,
319.46456692913387 342.4251968503937 75.11811023622047 16.724409448818896 prince),
369.6377952755906 342.4251968503937 62.645669291338585 16.724409448818896 illustre

107.71653543307086 356.59842519685037 56.125984251968504 15.590551181102363 homme
145.13385826771653 356.59842519685037 62.36220472440945 15.590551181102363 d’Etat
188.78740157480314 356.59842519685037 37.41732283464567 15.590551181102363 et
207.49606299212599 356.59842519685037 74.83464566929133 15.590551181102363 général,
263.62204724409446 356.59842519685037 62.36220472440945 15.590551181102363 favori
307.5590551181102 356.59842519685037 37.41732283464567 15.590551181102363 et
326.26771653543307 356.59842519685037 106.01574803149606 15.590551181102363 collaborateur
407.33858267716533 356.59842519685037 24.944881889763778 15.590551181102363 de

109.13385826771653 371.62204724409446 58.39370078740158 13.32283464566929 Pierre
150.23622047244095 371.62204724409446 35.1496062992126 13.32283464566929 le
167.5275590551181 371.62204724409446 58.39370078740158 13.32283464566929 Grand,
208.3464566929134 371.62204724409446 35.1496062992126 13.32283464566929 n.
225.92125984251967 371.62204724409446 52.44094488188976 13.32283464566929 1672,
261.07086614173227 371.62204724409446 35.1496062992126 13.32283464566929 m.
272.6929133858268 371.62204724409446 40.818897637795274 13.32283464566929 1729.

120.4724409448819 388.9133858267717 25.511811023622048 13.606299212598426 P.
133.22834645669292 388.9133858267717 29.763779527559056 13.606299212598426 s.,
150.23622047244095 388.9133858267717 38.55118110236221 13.606299212598426 1822,
176.03149606299212 388.9133858267717 21.25984251968504 13.606299212598426 1
184.53543307086613 388.9133858267717 25.511811023622048 13.606299212598426 p.
197.29133858267716 388.9133858267717 55.55905511811024 13.606299212598426 in-folio,
240.09448818897638 388.9133858267717 42.803149606299215 13.606299212598426 cachet
269.8582677165354 388.9133858267717 34.2992125984252 13.606299212598426 bien
291.40157480314963 388.9133858267717 55.55905511811024 13.606299212598426 conservé.
333.9212598425197 388.9133858267717 59.811023622047244 13.606299212598426 Superbe
380.9763779527559 388.9133858267717 25.511811023622048 13.606299212598426 et
389.4803149606299 388.9133858267717 42.803149606299215 13.606299212598426 rare

108.0 402.8031496062992 31.181102362204726 11.05511811023622 pièce.

81.63779527559055 422.0787401574803 45.354330708661415 16.440944881889763 81.
107.71653543307086 422.0787401574803 64.62992125984252 16.440944881889763 MILLOT
152.78740157480314 422.0787401574803 181.41732283464566 16.440944881889763 (Claude-François-Xavier,
314.92913385826773 422.0787401574803 64.62992125984252 16.440944881889763 abbé),
353.76377952755905 422.0787401574803 77.66929133858268 16.440944881889763 historien,

108.28346456692914 436.53543307086613 61.22834645669291 13.88976377952756 membre
151.37007874015748 436.53543307086613 36.8503937007874 13.88976377952756 de
169.51181102362204 436.53543307086613 85.60629921259843 13.88976377952756 l’Académie
236.9763779527559 436.53543307086613 85.60629921259843 13.88976377952756 française,
304.15748031496065 436.53543307086613 36.8503937007874 13.88976377952756 n.
322.5826771653543 436.53543307086613 54.99212598425197 13.88976377952756 1726,
359.43307086614175 436.53543307086613 36.8503937007874 13.88976377952756 m.
371.62204724409446 436.53543307086613 42.803149606299215 13.88976377952756 1785.

119.90551181102362 454.1102362204724 29.763779527559056 13.88976377952756 L.
134.9291338582677 454.1102362204724 29.763779527559056 13.88976377952756 a.
149.95275590551182 454.1102362204724 29.763779527559056 13.88976377952756 s.
164.69291338582678 454.1102362204724 29.763779527559056 13.88976377952756 au
179.71653543307087 454.1102362204724 64.62992125984252 13.88976377952756 président
229.3228346456693 454.1102362204724 44.78740157480315 13.88976377952756 d’une
259.0866141732283 454.1102362204724 54.70866141732284 13.88976377952756 société
298.7716535433071 454.1102362204724 74.55118110236221 13.88976377952756 littéraire;
358.2992125984252 454.1102362204724 44.78740157480315 13.88976377952756 Lyon,
388.06299212598424 454.1102362204724 29.763779527559056 13.88976377952756 12
397.98425196850394 454.1102362204724 34.86614173228347 13.88976377952756 juil-

110.26771653543307 467.7165354330709 25.79527559055118 11.905511811023622 let
125.00787401574803 467.7165354330709 33.16535433070866 11.905511811023622 1757,
147.11811023622047 467.7165354330709 18.4251968503937 11.905511811023622 1
154.48818897637796 467.7165354330709 22.11023622047244 11.905511811023622 p.
165.54330708661416 467.7165354330709 33.16535433070866 11.905511811023622 in-4.
183.96850393700788 467.7165354330709 51.59055118110236 11.905511811023622 Rare.

115.65354330708661 482.45669291338584 40.53543307086614 11.905511811023622 Jolie
142.58267716535434 482.45669291338584 44.78740157480315 11.905511811023622 lettre
174.04724409448818 482.45669291338584 26.929133858267715 11.905511811023622 où
187.6535433070866 482.45669291338584 26.929133858267715 11.905511811023622 il
200.9763779527559 482.45669291338584 26.929133858267715 11.905511811023622 le
214.58267716535434 482.45669291338584 53.85826771653543 11.905511811023622 remercie
254.83464566929135 482.45669291338584 36.0 11.905511811023622 d’un
277.2283464566929 482.45669291338584 36.0 11.905511811023622 prix
299.90551181102364 482.45669291338584 31.46456692913386 11.905511811023622 qui
317.76377952755905 482.45669291338584 31.46456692913386 11.905511811023622 lui
335.62204724409446 482.45669291338584 22.393700787401574 11.905511811023622 a
344.6929133858268 482.45669291338584 31.46456692913386 11.905511811023622 été
358.2992125984252 482.45669291338584 44.78740157480315 11.905511811023622 décerné.

82.77165354330708 502.2992125984252 44.78740157480315 17.007874015748033 82.
108.28346456692914 502.2992125984252 51.023622047244096 17.007874015748033 MINA
140.03149606299212 502.2992125984252 89.29133858267717 17.007874015748033 (Francisco
210.33070866141733 502.2992125984252 57.54330708661417 17.007874015748033 Espoz
248.5984251968504 502.2992125984252 44.78740157480315 17.007874015748033 y),
274.1102362204724 502.2992125984252 63.77952755905512 17.007874015748033 fameux
318.61417322834643 502.2992125984252 51.023622047244096 17.007874015748033 chef
350.6456692913386 502.2992125984252 38.267716535433074 17.007874015748033 de
363.40157480314963 502.2992125984252 70.2992125984252 17.007874015748033 guerillas

109.7007874015748 516.4724409448819 79.08661417322834 16.15748031496063 espagnol,
170.36220472440945 516.4724409448819 85.32283464566929 16.15748031496063 adversaire
237.54330708661416 516.4724409448819 42.51968503937008 16.15748031496063 des
261.9212598425197 516.4724409448819 79.08661417322834 16.15748031496063 Français,
322.5826771653543 516.4724409448819 36.56692913385827 16.15748031496063 n.
341.00787401574803 516.4724409448819 54.70866141732284 16.15748031496063 1783,
377.5748031496063 516.4724409448819 36.56692913385827 16.15748031496063 m.
389.76377952755905 516.4724409448819 42.51968503937008 16.15748031496063 1835.

121.60629921259843 535.1811023622047 26.929133858267715 13.88976377952756 P.
135.21259842519686 535.1811023622047 26.929133858267715 13.88976377952756 a.
148.53543307086613 535.1811023622047 31.46456692913386 13.88976377952756 s.;
166.6771653543307 535.1811023622047 62.92913385826772 13.88976377952756 Pampelune,
216.0 535.1811023622047 26.929133858267715 13.88976377952756 22
229.60629921259843 535.1811023622047 36.0 13.88976377952756 mars
252.0 535.1811023622047 40.53543307086614 13.88976377952756 1810,
278.92913385826773 535.1811023622047 22.393700787401574 13.88976377952756 2
288.0 535.1811023622047 26.929133858267715 13.88976377952756 p.
301.3228346456693 535.1811023622047 31.46456692913386 13.88976377952756 1/2
319.46456692913387 535.1811023622047 40.53543307086614 13.88976377952756 in-4.
341.8582677165354 535.1811023622047 62.92913385826772 13.88976377952756 Rare.

117.07086614173228 550.7716535433071 75.4015748031496 13.32283464566929 Intéressante
178.58267716535434 550.7716535433071 47.338582677165356 13.32283464566929 pièce.
211.46456692913387 550.7716535433071 42.51968503937008 13.32283464566929 C’est
239.81102362204723 550.7716535433071 28.346456692913385 13.32283464566929 le
253.98425196850394 550.7716535433071 42.51968503937008 13.32283464566929 texte
282.3307086614173 550.7716535433071 66.04724409448819 13.32283464566929 autographe
334.20472440944883 550.7716535433071 42.51968503937008 13.32283464566929 d’une
362.5511811023622 550.7716535433071 75.4015748031496 13.32283464566929 proclamation
419.244094488189 550.7716535433071 14.173228346456693 13.32283464566929 à

107.43307086614173 564.0944881889764 29.763779527559056 8.220472440944881 ses
120.18897637795276 564.0944881889764 42.51968503937008 8.220472440944881 soldats.

83.62204724409449 580.2519685039371 40.818897637795274 17.007874015748033 83.
107.14960629921259 580.2519685039371 58.110236220472444 17.007874015748033 MOREAU
147.68503937007873 580.2519685039371 75.68503937007874 17.007874015748033 (Victor),
206.07874015748033 580.2519685039371 69.73228346456693 17.007874015748033 illustre
258.23622047244095 580.2519685039371 64.06299212598425 17.007874015748033 général
304.7244094488189 580.2519685039371 92.97637795275591 17.007874015748033 républicain,
380.40944881889766 580.2519685039371 34.86614173228347 17.007874015748033 n.
392.0314960629921 580.2519685039371 40.818897637795274 17.007874015748033 1763,

95.24409448818898 593.8582677165355 59.24409448818898 15.874015748031496 blessé
136.91338582677164 593.8582677165355 94.96062992125984 15.874015748031496 mortellement
214.01574803149606 593.8582677165355 47.62204724409449 15.874015748031496 dans
243.7795275590551 593.8582677165355 41.669291338582674 15.874015748031496 les
267.59055118110234 593.8582677165355 53.574803149606296 15.874015748031496 rangs
303.0236220472441 593.8582677165355 65.19685039370079 15.874015748031496 ennemis
350.6456692913386 593.8582677165355 29.763779527559056 15.874015748031496 à
362.5511811023622 593.8582677165355 35.71653543307087 15.874015748031496 la
374.45669291338584 593.8582677165355 59.24409448818898 15.874015748031496 bataille

110.26771653543307 610.2992125984252 36.28346456692913 13.32283464566929 de
128.40944881889763 610.2992125984252 66.33070866141732 13.32283464566929 Dresde,
170.36220472440945 610.2992125984252 42.23622047244095 13.32283464566929 1813.

121.32283464566929 626.4566929133858 31.748031496062993 14.456692913385826 L.
137.1968503937008 626.4566929133858 31.748031496062993 14.456692913385826 a.
153.0708661417323 626.4566929133858 31.748031496062993 14.456692913385826 s.
169.22834645669292 626.4566929133858 31.748031496062993 14.456692913385826 au
185.10236220472441 626.4566929133858 58.39370078740158 14.456692913385826 général
227.33858267716536 626.4566929133858 58.39370078740158 14.456692913385826 Morgan;
269.8582677165354 626.4566929133858 31.748031496062993 14.456692913385826 25
285.73228346456693 626.4566929133858 79.37007874015748 14.456692913385826 vendémiaire
349.2283464566929 626.4566929133858 31.748031496062993 14.456692913385826 an
365.1023622047244 626.4566929133858 31.748031496062993 14.456692913385826 IV
380.9763779527559 626.4566929133858 37.13385826771653 14.456692913385826 (12
396.8503937007874 626.4566929133858 37.13385826771653 14.456692913385826 octo-

110.83464566929133 640.3464566929134 32.31496062992126 12.188976377952756 bre
129.25984251968504 640.3464566929134 45.92125984251968 12.188976377952756 1795),
161.29133858267716 640.3464566929134 22.96062992125984 12.188976377952756 1
170.64566929133858 640.3464566929134 27.496062992125985 12.188976377952756 p.
184.53543307086613 640.3464566929134 41.38582677165354 12.188976377952756 in-4,
212.03149606299212 640.3464566929134 41.38582677165354 12.188976377952756 jolie
234.99212598425197 640.3464566929134 50.74015748031496 12.188976377952756 vignette.

117.07086614173228 654.2362204724409 28.913385826771652 13.039370078740157 Il
131.5275590551181 654.2362204724409 33.732283464566926 13.039370078740157 lui
150.8031496062992 654.2362204724409 52.724409448818896 13.039370078740157 annonce
189.0708661417323 654.2362204724409 38.55118110236221 13.039370078740157 avec
213.16535433070865 654.2362204724409 48.188976377952756 13.039370078740157 regret
246.89763779527559 654.2362204724409 33.732283464566926 13.039370078740157 que
266.1732283464567 654.2362204724409 28.913385826771652 13.039370078740157 le
280.34645669291336 654.2362204724409 48.188976377952756 13.039370078740157 Comité
314.0787401574803 654.2362204724409 28.913385826771652 13.039370078740157 de
328.53543307086613 654.2362204724409 43.37007874015748 13.039370078740157 Salut
357.4488188976378 654.2362204724409 48.188976377952756 13.039370078740157 public
390.8976377952756 654.2362204724409 24.094488188976378 13.039370078740157 a
395.7165354330709 654.2362204724409 38.55118110236221 13.039370078740157 décidé

108.28346456692914 666.7086614173228 39.40157480314961 10.488188976377952 qu’il
134.36220472440945 666.7086614173228 48.188976377952756 10.488188976377952 cessait
169.51181102362204 666.7086614173228 43.653543307086615 10.488188976377952 d'être
195.8740157480315 666.7086614173228 43.653543307086615 10.488188976377952 employé.
