617.6692913385826 891.7795275590552
214.58267716535434 124.15748031496064 33.732283464566926 7.653543307086614 —
228.18897637795277 124.15748031496064 40.53543307086614 7.653543307086614 23
241.79527559055117 124.15748031496064 20.409448818897637 7.653543307086614 —

62.645669291338585 145.70078740157481 54.70866141732284 15.307086614173228 122.
96.94488188976378 145.70078740157481 95.81102362204724 15.307086614173228 TOURGUENEF
165.25984251968504 145.70078740157481 61.79527559055118 15.307086614173228 (Ivan).

104.5984251968504 166.11023622047244 32.031496062992126 13.32283464566929 1°
120.75590551181102 166.11023622047244 32.031496062992126 13.32283464566929 L.
136.62992125984252 166.11023622047244 32.031496062992126 13.32283464566929 a.
152.50393700787401 166.11023622047244 32.031496062992126 13.32283464566929 s.
168.66141732283464 166.11023622047244 32.031496062992126 13.32283464566929 de
184.53543307086613 166.11023622047244 37.41732283464567 13.32283464566929 son
205.79527559055117 166.11023622047244 42.51968503937008 13.32283464566929 père
232.44094488188978 166.11023622047244 47.90551181102362 13.32283464566929 Serge
264.4724409448819 166.11023622047244 79.93700787401575 13.32283464566929 Tourguenef.
328.53543307086613 166.11023622047244 26.64566929133858 13.32283464566929 —
339.0236220472441 166.11023622047244 32.031496062992126 13.32283464566929 2°
354.8976377952756 166.11023622047244 32.031496062992126 13.32283464566929 L.
371.0551181102362 166.11023622047244 32.031496062992126 13.32283464566929 a.
386.92913385826773 166.11023622047244 32.031496062992126 13.32283464566929 s.
397.7007874015748 166.11023622047244 21.25984251968504 13.32283464566929 de

93.25984251968504 177.4488188976378 36.8503937007874 13.606299212598426 Mme
114.51968503937007 177.4488188976378 57.826771653543304 13.606299212598426 Pauline
156.4724409448819 177.4488188976378 62.92913385826772 13.606299212598426 Viardot,
203.5275590551181 177.4488188976378 41.95275590551181 13.606299212598426 amie
229.88976377952756 177.4488188976378 31.46456692913386 13.606299212598426 de
245.48031496062993 177.4488188976378 78.80314960629921 13.606299212598426 Tourguenef.
308.40944881889766 177.4488188976378 26.362204724409448 13.606299212598426 —
318.8976377952756 177.4488188976378 31.46456692913386 13.606299212598426 3°
334.7716535433071 177.4488188976378 47.338582677165356 13.606299212598426 Carte
360.8503937007874 177.4488188976378 57.826771653543304 13.606299212598426 imprimée,

93.54330708661418 189.0708661417323 41.10236220472441 13.606299212598426 pour
119.05511811023622 189.0708661417323 36.0 13.606299212598426 les
139.748031496063 189.0708661417323 61.511811023622045 13.606299212598426 obsèques
185.66929133858267 189.0708661417323 30.614173228346456 13.606299212598426 de
200.9763779527559 189.0708661417323 76.81889763779527 13.606299212598426 Tourguenef.
262.48818897637796 189.0708661417323 81.92125984251969 13.606299212598426 Intéressante
324.0 189.0708661417323 51.30708661417323 13.606299212598426 réunion.

63.21259842519685 212.5984251968504 43.08661417322835 16.724409448818896 123.
90.14173228346456 212.5984251968504 64.62992125984252 16.724409448818896 TRIVULCE
138.61417322834646 212.5984251968504 102.61417322834646 16.724409448818896 (Jean-Jacques),
225.0708661417323 212.5984251968504 37.7007874015748 16.724409448818896 dit
246.61417322834646 212.5984251968504 32.31496062992126 16.724409448818896 le
262.7716535433071 212.5984251968504 64.62992125984252 16.724409448818896 Grand
311.244094488189 212.5984251968504 91.84251968503936 16.724409448818896 Trivulce,
381.54330708661416 212.5984251968504 37.7007874015748 16.724409448818896 maré-

94.67716535433071 227.33858267716536 46.77165354330709 15.590551181102363 chal
124.15748031496064 227.33858267716536 35.1496062992126 15.590551181102363 de
141.73228346456693 227.33858267716536 64.34645669291339 15.590551181102363 France,
188.50393700787401 227.33858267716536 41.10236220472441 15.590551181102363 qui
212.03149606299212 227.33858267716536 64.34645669291339 15.590551181102363 conquit
258.8031496062992 227.33858267716536 35.1496062992126 15.590551181102363 le
270.70866141732284 227.33858267716536 64.34645669291339 15.590551181102363 Milanais.

106.2992125984252 248.31496062992127 25.79527559055118 13.32283464566929 L.
119.05511811023622 248.31496062992127 25.79527559055118 13.32283464566929 s.
132.09448818897638 248.31496062992127 42.803149606299215 13.32283464566929 Jo.
162.14173228346456 248.31496062992127 51.59055118110236 13.32283464566929 Jac.
200.69291338582678 248.31496062992127 34.2992125984252 13.32283464566929 avec
222.23622047244095 248.31496062992127 25.79527559055118 13.32283464566929 la
234.99212598425197 248.31496062992127 68.5984251968504 13.32283464566929 souscription
290.8346456692913 248.31496062992127 34.2992125984252 13.32283464566929 aut.
312.37795275590554 248.31496062992127 21.543307086614174 13.32283464566929 à
320.88188976377955 248.31496062992127 51.59055118110236 13.32283464566929 FRANÇOIS
359.43307086614175 248.31496062992127 30.04724409448819 13.32283464566929 Ier
376.7244094488189 248.31496062992127 21.543307086614174 13.32283464566929 ;
380.9763779527559 248.31496062992127 38.55118110236221 13.32283464566929 Embrun,

95.81102362204724 260.503937007874 19.84251968503937 13.32283464566929 5
103.74803149606299 260.503937007874 43.37007874015748 13.32283464566929 juillet
135.21259842519686 260.503937007874 47.338582677165356 13.32283464566929 (1515?),
170.9291338582677 260.503937007874 19.84251968503937 13.32283464566929 1
178.86614173228347 260.503937007874 23.811023622047244 13.32283464566929 p.
190.77165354330708 260.503937007874 27.77952755905512 13.32283464566929 1/2
206.36220472440945 260.503937007874 43.37007874015748 13.32283464566929 in-fol.
238.11023622047244 260.503937007874 43.37007874015748 13.32283464566929 Très
265.8897637795276 260.503937007874 43.37007874015748 13.32283464566929 rare.

101.19685039370079 278.6456692913386 51.023622047244096 12.472440944881889 SUPERBE
138.04724409448818 278.6456692913386 46.20472440944882 12.472440944881889 LETTRE
170.64566929133858 278.6456692913386 27.77952755905512 12.472440944881889 où
184.53543307086613 278.6456692913386 27.77952755905512 12.472440944881889 il
198.14173228346456 278.6456692913386 32.31496062992126 12.472440944881889 lui
216.8503937007874 278.6456692913386 46.20472440944882 12.472440944881889 promet
249.16535433070865 278.6456692913386 27.77952755905512 12.472440944881889 de
263.0551181102362 278.6456692913386 41.669291338582674 12.472440944881889 faire
290.8346456692913 278.6456692913386 41.669291338582674 12.472440944881889 bonne
318.61417322834643 278.6456692913386 41.669291338582674 12.472440944881889 garde
346.3937007874016 278.6456692913386 27.77952755905512 12.472440944881889 et
360.2834645669291 278.6456692913386 27.77952755905512 12.472440944881889 de
369.3543307086614 278.6456692913386 51.023622047244096 12.472440944881889 s’assurer

90.70866141732283 288.56692913385825 26.929133858267715 12.472440944881889 la
104.31496062992126 288.56692913385825 76.53543307086615 12.472440944881889 bienveillance
167.24409448818898 288.56692913385825 26.929133858267715 12.472440944881889 de
180.8503937007874 288.56692913385825 31.46456692913386 12.472440944881889 ses
198.70866141732284 288.56692913385825 36.0 12.472440944881889 amis
221.38582677165354 288.56692913385825 58.67716535433071 12.472440944881889 d’Italie.
266.45669291338584 288.56692913385825 26.929133858267715 12.472440944881889 Il
279.7795275590551 288.56692913385825 31.46456692913386 12.472440944881889 lui
297.9212598425197 288.56692913385825 49.60629921259842 12.472440944881889 annonce
333.9212598425197 288.56692913385825 26.929133858267715 12.472440944881889 le
347.5275590551181 288.56692913385825 49.60629921259842 12.472440944881889 passage
383.5275590551181 288.56692913385825 31.46456692913386 12.472440944881889 des
397.13385826771656 288.56692913385825 22.393700787401574 12.472440944881889 am-

91.2755905511811 298.7716535433071 68.88188976377953 12.755905511811024 bassadeurs
145.13385826771653 298.7716535433071 29.480314960629922 12.755905511811024 du
159.8740157480315 298.7716535433071 39.40157480314961 12.755905511811024 pape
184.53543307086613 298.7716535433071 29.480314960629922 12.755905511811024 et
199.2755905511811 298.7716535433071 29.480314960629922 12.755905511811024 du
214.01574803149606 298.7716535433071 34.2992125984252 12.755905511811024 roi
233.5748031496063 298.7716535433071 29.480314960629922 12.755905511811024 de
248.31496062992127 298.7716535433071 63.77952755905512 12.755905511811024 Portugal,
297.6377952755906 298.7716535433071 54.14173228346457 12.755905511811024 Antoine
336.755905511811 298.7716535433071 44.22047244094488 12.755905511811024 Pucci
366.23622047244095 298.7716535433071 44.22047244094488 12.755905511811024 (plus
390.8976377952756 298.7716535433071 29.480314960629922 12.755905511811024 tard

92.1259842519685 308.6929133858268 59.24409448818898 13.32283464566929 cardinal)
137.76377952755905 308.6929133858268 27.496062992125985 13.32283464566929 et
151.37007874015748 308.6929133858268 41.10236220472441 13.32283464566929 Diégo
178.86614173228347 308.6929133858268 54.70866141732284 13.32283464566929 Pacheco,
219.68503937007873 308.6929133858268 32.031496062992126 13.32283464566929 qui
238.11023622047244 308.6929133858268 27.496062992125985 13.32283464566929 se
251.71653543307087 308.6929133858268 50.173228346456696 13.32283464566929 rendent
288.2834645669291 308.6929133858268 36.56692913385827 13.32283464566929 vers
310.96062992125985 308.6929133858268 27.496062992125985 13.32283464566929 le
324.56692913385825 308.6929133858268 32.031496062992126 13.32283464566929 roi
342.99212598425197 308.6929133858268 27.496062992125985 13.32283464566929 de
356.59842519685037 308.6929133858268 59.24409448818898 13.32283464566929 Portugal.
397.7007874015748 308.6929133858268 22.677165354330707 13.32283464566929 «Le

92.1259842519685 318.8976377952756 32.31496062992126 12.472440944881889 dit
110.55118110236221 318.8976377952756 69.44881889763779 12.472440944881889 ambassadeur
166.11023622047244 318.8976377952756 27.77952755905512 12.472440944881889 de
180.0 318.8976377952756 41.669291338582674 12.472440944881889 notre
207.7795275590551 318.8976377952756 64.62992125984252 12.472440944881889 Saint-Père
258.5196850393701 318.8976377952756 32.31496062992126 12.472440944881889 est
276.9448818897638 318.8976377952756 37.13385826771653 12.472440944881889 bien
300.18897637795277 318.8976377952756 41.669291338582674 12.472440944881889 saige
327.9685039370079 318.8976377952756 27.77952755905512 12.472440944881889 et
341.8582677165354 318.8976377952756 50.74015748031496 12.472440944881889 gentil.
374.1732283464567 318.8976377952756 46.20472440944882 12.472440944881889 L’ambas-

91.84251968503936 328.81889763779526 48.188976377952756 13.32283464566929 sadeur
125.5748031496063 328.81889763779526 28.913385826771652 13.32283464566929 de
140.03149606299212 328.81889763779526 57.826771653543304 13.32283464566929 Portugal
183.68503937007873 328.81889763779526 33.732283464566926 13.32283464566929 est
202.96062992125985 328.81889763779526 57.826771653543304 13.32283464566929 personne
246.33070866141733 328.81889763779526 28.913385826771652 13.32283464566929 de
260.78740157480314 328.81889763779526 33.732283464566926 13.32283464566929 bon
280.06299212598424 328.81889763779526 48.188976377952756 13.32283464566929 aspect
313.79527559055117 328.81889763779526 28.913385826771652 13.32283464566929 et
328.251968503937 328.81889763779526 38.55118110236221 13.32283464566929 bien
352.62992125984255 328.81889763779526 43.37007874015748 13.32283464566929 saige
376.7244094488189 328.81889763779526 43.37007874015748 13.32283464566929 aussi.»

91.84251968503936 339.0236220472441 26.929133858267715 13.039370078740157 Il
105.44881889763779 339.0236220472441 31.46456692913386 13.039370078740157 lui
123.30708661417323 339.0236220472441 49.32283464566929 13.039370078740157 annonce
159.0236220472441 339.0236220472441 31.46456692913386 13.039370078740157 que
177.16535433070865 339.0236220472441 31.46456692913386 13.039370078740157 les
195.0236220472441 339.0236220472441 49.32283464566929 13.039370078740157 Suisses
231.0236220472441 339.0236220472441 53.85826771653543 13.039370078740157 abattent
271.2755905511811 339.0236220472441 58.39370078740158 13.039370078740157 plusieurs
316.06299212598424 339.0236220472441 67.18110236220473 13.039370078740157 forteresses
369.9212598425197 339.0236220472441 26.929133858267715 13.039370078740157 et
383.244094488189 339.0236220472441 31.46456692913386 13.039370078740157 que
396.8503937007874 339.0236220472441 22.393700787401574 13.039370078740157 les

91.55905511811024 349.51181102362204 69.73228346456693 11.622047244094489 aventuriers
147.11811023622047 349.51181102362204 27.77952755905512 11.622047244094489 de
161.29133858267716 349.51181102362204 41.95275590551181 11.622047244094489 cette
189.0708661417323 349.51181102362204 46.488188976377955 11.622047244094489 nation
221.66929133858267 349.51181102362204 65.19685039370079 11.622047244094489 descendent
272.6929133858268 349.51181102362204 37.13385826771653 11.622047244094489 dans
295.93700787401576 349.51181102362204 27.77952755905512 11.622047244094489 le
309.8267716535433 349.51181102362204 60.37795275590551 11.622047244094489 Milanais,
351.7795275590551 349.51181102362204 27.77952755905512 11.622047244094489 etc.

63.496062992125985 374.45669291338584 52.724409448818896 17.291338582677167 124.
96.37795275590551 374.45669291338584 66.04724409448819 17.291338582677167 VAUBAN
142.58267716535434 374.45669291338584 92.40944881889764 17.291338582677167 (Sébastien
215.43307086614172 374.45669291338584 92.40944881889764 17.291338582677167 LEPRESTE),
288.0 374.45669291338584 79.37007874015748 17.291338582677167 illustre
340.7244094488189 374.45669291338584 79.37007874015748 17.291338582677167 ingénieur,

95.5275590551181 390.0472440944882 74.26771653543307 14.173228346456693 maréchal
151.08661417322836 390.0472440944882 37.13385826771653 14.173228346456693 de
169.79527559055117 390.0472440944882 68.03149606299213 14.173228346456693 France,
219.11811023622047 390.0472440944882 37.13385826771653 14.173228346456693 n.
237.82677165354332 390.0472440944882 55.55905511811024 14.173228346456693 1633,
274.96062992125985 390.0472440944882 37.13385826771653 14.173228346456693 m.
287.1496062992126 390.0472440944882 43.37007874015748 14.173228346456693 1707.

109.41732283464567 409.6062992125984 27.496062992125985 13.039370078740157 L.
123.02362204724409 409.6062992125984 27.496062992125985 13.039370078740157 s.
136.91338582677164 409.6062992125984 41.10236220472441 13.039370078740157 le
164.40944881889763 409.6062992125984 54.99212598425197 13.039370078740157 maréchal
205.51181102362204 409.6062992125984 27.496062992125985 13.039370078740157 de
219.11811023622047 409.6062992125984 64.06299212598425 13.039370078740157 Vauban
269.5748031496063 409.6062992125984 22.96062992125984 13.039370078740157 à
278.6456692913386 409.6062992125984 27.496062992125985 13.039370078740157 M.
292.53543307086613 409.6062992125984 50.45669291338583 13.039370078740157 Tardif;
329.1023622047244 409.6062992125984 45.63779527559055 13.039370078740157 Paris,
361.13385826771656 409.6062992125984 27.496062992125985 13.039370078740157 12
375.0236220472441 409.6062992125984 32.031496062992126 13.039370078740157 mai
388.62992125984255 409.6062992125984 32.031496062992126 13.039370078740157 1706,

96.09448818897638 423.21259842519686 24.37795275590551 12.755905511811024 2
105.73228346456693 423.21259842519686 29.19685039370079 12.755905511811024 p.
120.4724409448819 423.21259842519686 34.2992125984252 12.755905511811024 1/2
140.03149606299212 423.21259842519686 43.93700787401575 12.755905511811024 in-4,
169.22834645669292 423.21259842519686 48.75590551181102 12.755905511811024 cachet
203.5275590551181 423.21259842519686 39.118110236220474 12.755905511811024 bien
223.08661417322836 423.21259842519686 53.574803149606296 12.755905511811024 conservé.

102.61417322834646 439.93700787401576 28.062992125984252 13.606299212598426 Il
116.78740157480316 439.93700787401576 32.881889763779526 13.606299212598426 lui
135.49606299212599 439.93700787401576 65.48031496062993 13.606299212598426 recommande
187.08661417322836 439.93700787401576 28.062992125984252 13.606299212598426 de
200.9763779527559 439.93700787401576 28.062992125984252 13.606299212598426 ne
215.1496062992126 439.93700787401576 32.881889763779526 13.606299212598426 pas
233.85826771653544 439.93700787401576 60.94488188976378 13.606299212598426 s’écarter
280.62992125984255 439.93700787401576 32.881889763779526 13.606299212598426 des
299.33858267716533 439.93700787401576 42.23622047244095 13.606299212598426 plans
327.40157480314963 439.93700787401576 42.23622047244095 13.606299212598426 qu’il
355.46456692913387 439.93700787401576 32.881889763779526 13.606299212598426 lui
374.1732283464567 439.93700787401576 23.52755905511811 13.606299212598426 a
378.70866141732284 439.93700787401576 42.23622047244095 13.606299212598426 tracés.

64.62992125984252 466.01574803149606 47.62204724409449 17.5748031496063 125.
94.39370078740157 466.01574803149606 83.05511811023622 17.5748031496063 VIEUXTEMPS
159.59055118110237 466.01574803149606 71.14960629921259 17.5748031496063 (Henri),
213.16535433070865 466.01574803149606 65.19685039370079 17.5748031496063 célèbre
260.503937007874 466.01574803149606 83.05511811023622 17.5748031496063 violoniste
325.98425196850394 466.01574803149606 59.24409448818898 17.5748031496063 belge,
367.37007874015745 466.01574803149606 35.71653543307087 17.5748031496063 n.
379.2755905511811 466.01574803149606 41.669291338582674 17.5748031496063 1820,

96.37795275590551 483.87401574803147 36.28346456692913 9.637795275590552 m.
108.28346456692914 483.87401574803147 42.51968503937008 9.637795275590552 1881.

108.85039370078741 502.5826771653543 28.346456692913385 13.039370078740157 L.
123.02362204724409 502.5826771653543 28.346456692913385 13.039370078740157 a.
137.1968503937008 502.5826771653543 32.881889763779526 13.039370078740157 s.;
156.18897637795277 502.5826771653543 66.04724409448819 13.039370078740157 Francfort,
207.7795275590551 502.5826771653543 23.52755905511811 13.039370078740157 2
217.41732283464566 502.5826771653543 37.7007874015748 13.039370078740157 juin
240.9448818897638 502.5826771653543 42.51968503937008 13.039370078740157 1865,
269.00787401574803 502.5826771653543 23.52755905511811 13.039370078740157 4
278.3622047244094 502.5826771653543 28.346456692913385 13.039370078740157 p.
288.0 502.5826771653543 32.881889763779526 13.039370078740157 in

104.31496062992126 519.8740157480315 64.62992125984252 13.606299212598426 Importante
155.0551181102362 519.8740157480315 46.20472440944882 13.606299212598426 lettre
187.37007874015748 519.8740157480315 55.55905511811024 13.606299212598426 relative
229.03937007874015 519.8740157480315 22.96062992125984 13.606299212598426 à
238.11023622047244 519.8740157480315 32.31496062992126 13.606299212598426 ses
256.53543307086613 519.8740157480315 73.98425196850394 13.606299212598426 compositions
316.62992125984255 519.8740157480315 64.62992125984252 13.606299212598426 musicales.
367.37007874015745 519.8740157480315 27.77952755905512 13.606299212598426 La
376.7244094488189 519.8740157480315 46.20472440944882 13.606299212598426 première

94.67716535433071 530.0787401574803 36.0 13.88976377952756 page
117.07086614173228 530.0787401574803 53.85826771653543 13.88976377952756 contient
157.60629921259843 530.0787401574803 44.78740157480315 13.88976377952756 quatre
189.0708661417323 530.0787401574803 44.78740157480315 13.88976377952756 lignes
220.53543307086613 530.0787401574803 26.929133858267715 13.88976377952756 de
233.85826771653544 530.0787401574803 53.85826771653543 13.88976377952756 musique.
274.3937007874016 530.0787401574803 26.929133858267715 13.88976377952756 Il
288.0 530.0787401574803 49.32283464566929 13.88976377952756 raconte
323.7165354330709 530.0787401574803 40.53543307086614 13.88976377952756 qu’il
350.6456692913386 530.0787401574803 22.393700787401574 13.88976377952756 a
359.7165354330709 530.0787401574803 36.0 13.88976377952756 fait
377.8582677165354 530.0787401574803 44.78740157480315 13.88976377952756 entendre

94.39370078740157 540.0 29.763779527559056 13.88976377952756 un
109.41732283464567 540.0 54.70866141732284 13.88976377952756 quatuor
149.38582677165354 540.0 29.763779527559056 13.88976377952756 de
164.1259842519685 540.0 29.763779527559056 13.88976377952756 sa
179.1496062992126 540.0 74.55118110236221 13.88976377952756 composition
238.96062992125985 540.0 39.68503937007874 13.88976377952756 avec
263.62204724409446 540.0 29.763779527559056 13.88976377952756 un
278.6456692913386 540.0 44.78740157480315 13.88976377952756 grand
308.40944881889766 540.0 54.70866141732284 13.88976377952756 succès.
348.37795275590554 540.0 39.68503937007874 13.88976377952756 «Les
368.2204724409449 540.0 54.70866141732284 13.88976377952756 Allemands

94.67716535433071 550.2047244094488 34.2992125984252 13.606299212598426 ont
114.23622047244095 550.2047244094488 39.118110236220474 13.606299212598426 paru
138.61417322834646 550.2047244094488 73.41732283464567 13.606299212598426 abasourdis.
197.29133858267716 550.2047244094488 34.2992125984252 13.606299212598426 Ils
217.13385826771653 550.2047244094488 53.85826771653543 13.606299212598426 avaient
256.251968503937 550.2047244094488 43.93700787401575 13.606299212598426 l'air
285.4488188976378 550.2047244094488 29.480314960629922 13.606299212598426 de
300.18897637795277 550.2047244094488 43.93700787401575 13.606299212598426 dire:
329.6692913385827 550.2047244094488 34.2992125984252 13.606299212598426 Pas
349.2283464566929 550.2047244094488 58.67716535433071 13.606299212598426 possible
388.34645669291336 550.2047244094488 34.2992125984252 13.606299212598426 qu’un

94.67716535433071 561.8267716535433 43.37007874015748 12.472440944881889 homme
123.59055118110236 561.8267716535433 33.732283464566926 12.472440944881889 ait
142.86614173228347 561.8267716535433 38.55118110236221 12.472440944881889 fait
166.96062992125985 561.8267716535433 43.37007874015748 12.472440944881889 cela,
195.8740157480315 561.8267716535433 53.00787401574803 12.472440944881889 n’étant
234.70866141732284 561.8267716535433 33.732283464566926 12.472440944881889 pas
249.16535433070865 561.8267716535433 57.826771653543304 12.472440944881889 Allemand.»

65.76377952755905 585.6377952755905 50.173228346456696 17.5748031496063 126.
97.22834645669292 585.6377952755905 69.16535433070867 17.5748031496063 VINCENT
147.4015748031496 585.6377952755905 37.7007874015748 17.5748031496063 DE
166.11023622047244 585.6377952755905 50.173228346456696 17.5748031496063 PAUL
197.5748031496063 585.6377952755905 75.4015748031496 17.5748031496063 (Saint),
254.26771653543307 585.6377952755905 87.8740157480315 17.5748031496063 l’illustre
323.1496062992126 585.6377952755905 81.63779527559055 17.5748031496063 fondateur
386.0787401574803 585.6377952755905 37.7007874015748 17.5748031496063 de
398.5511811023622 585.6377952755905 25.228346456692915 17.5748031496063 la

98.36220472440945 600.6614173228346 94.96062992125984 16.15748031496063 Congrégation
175.46456692913387 600.6614173228346 35.71653543307087 16.15748031496063 de
193.3228346456693 600.6614173228346 35.71653543307087 16.15748031496063 la
211.1811023622047 600.6614173228346 71.14960629921259 16.15748031496063 Mission,
264.755905511811 600.6614173228346 35.71653543307087 16.15748031496063 n.
282.61417322834643 600.6614173228346 53.574803149606296 16.15748031496063 1576,
318.0472440944882 600.6614173228346 35.71653543307087 16.15748031496063 m.
329.9527559055118 600.6614173228346 41.669291338582674 16.15748031496063 1660.

109.41732283464567 621.0708661417323 33.16535433070866 14.740157480314961 L.
125.85826771653544 621.0708661417323 33.16535433070866 14.740157480314961 s.
142.29921259842519 621.0708661417323 44.22047244094488 14.740157480314961 avec
170.07874015748033 621.0708661417323 38.55118110236221 14.740157480314961 une
192.18897637795277 621.0708661417323 49.60629921259842 14.740157480314961 ligne
225.0708661417323 621.0708661417323 44.22047244094488 14.740157480314961 aut.
252.8503937007874 621.0708661417323 33.16535433070866 14.740157480314961 au
269.29133858267716 621.0708661417323 44.22047244094488 14.740157480314961 Père
296.78740157480314 621.0708661417323 66.33070866141732 14.740157480314961 Boulard;
341.00787401574803 621.0708661417323 82.77165354330708 14.740157480314961 Saint

98.92913385826772 634.1102362204724 29.763779527559056 13.32283464566929 26
113.66929133858268 634.1102362204724 34.58267716535433 13.32283464566929 mai
133.51181102362204 634.1102362204724 44.503937007874015 13.32283464566929 1654,
162.99212598425197 634.1102362204724 24.661417322834644 13.32283464566929 1
172.91338582677164 634.1102362204724 29.763779527559056 13.32283464566929 p.
187.6535433070866 634.1102362204724 44.503937007874015 13.32283464566929 in-4,
217.41732283464566 634.1102362204724 49.32283464566929 13.32283464566929 cachet
252.0 634.1102362204724 39.40157480314961 13.32283464566929 bien
271.5590551181102 634.1102362204724 54.425196850393704 13.32283464566929 conservé.

106.01574803149606 651.1181102362204 53.85826771653543 14.173228346456693 Superbe
145.13385826771653 651.1181102362204 43.93700787401575 14.173228346456693 pièce
174.33070866141733 651.1181102362204 29.480314960629922 14.173228346456693 où
189.0708661417323 651.1181102362204 29.480314960629922 14.173228346456693 il
203.81102362204723 651.1181102362204 29.480314960629922 14.173228346456693 le
218.5511811023622 651.1181102362204 39.118110236220474 14.173228346456693 prie
242.9291338582677 651.1181102362204 29.480314960629922 14.173228346456693 de
257.6692913385827 651.1181102362204 49.039370078740156 14.173228346456693 prêter
291.9685039370079 651.1181102362204 29.480314960629922 14.173228346456693 sa
306.70866141732284 651.1181102362204 49.039370078740156 14.173228346456693 crosse
340.7244094488189 651.1181102362204 29.480314960629922 14.173228346456693 et
355.46456692913387 651.1181102362204 29.480314960629922 14.173228346456693 sa
370.20472440944883 651.1181102362204 43.93700787401575 14.173228346456693 mitre
399.68503937007875 651.1181102362204 24.37795275590551 14.173228346456693 à
404.503937007874 651.1181102362204 19.559055118110237 14.173228346456693 un

96.66141732283465 663.5905511811023 45.92125984251968 11.622047244094489 évêque
128.69291338582678 663.5905511811023 32.031496062992126 11.622047244094489 qui
147.11811023622047 663.5905511811023 32.031496062992126 11.622047244094489 n'a
165.25984251968504 663.5905511811023 32.031496062992126 11.622047244094489 pas
183.68503937007873 663.5905511811023 32.031496062992126 11.622047244094489 les
197.29133858267716 663.5905511811023 45.92125984251968 11.622047244094489 siennes.
