571.7480314960629 851.5275590551181
324.0 121.88976377952756 33.44881889763779 7.653543307086614 —
337.3228346456693 121.88976377952756 39.968503937007874 7.653543307086614 24
350.6456692913386 121.88976377952756 20.125984251968504 7.653543307086614 —

167.81102362204723 141.16535433070865 51.59055118110236 19.275590551181104 127.
200.1259842519685 141.16535433070865 64.34645669291339 19.275590551181104 WAGNER
245.1968503937008 141.16535433070865 90.14173228346456 19.275590551181104 (Richard),
316.06299212598424 141.16535433070865 38.55118110236221 19.275590551181104 le
335.62204724409446 141.16535433070865 58.110236220472444 19.275590551181104 grand
374.1732283464567 141.16535433070865 96.66141732283465 19.275590551181104 compositeur
451.5590551181102 141.16535433070865 38.55118110236221 19.275590551181104 de
464.31496062992125 141.16535433070865 58.110236220472444 19.275590551181104 musique

201.82677165354332 155.6220472440945 79.08661417322834 14.173228346456693 allemand,
262.48818897637796 155.6220472440945 36.56692913385827 14.173228346456693 n.
280.62992125984255 155.6220472440945 54.70866141732284 14.173228346456693 1813,
317.1968503937008 155.6220472440945 36.56692913385827 14.173228346456693 m.
329.38582677165357 155.6220472440945 42.51968503937008 14.173228346456693 1885.

213.16535433070865 174.33070866141733 28.62992125984252 14.740157480314961 L.
227.6220472440945 174.33070866141733 28.62992125984252 14.740157480314961 a.
241.79527559055117 174.33070866141733 33.44881889763779 14.740157480314961 s.,
261.07086614173227 174.33070866141733 28.62992125984252 14.740157480314961 en
275.244094488189 174.33070866141733 62.07874015748032 14.740157480314961 français,
323.1496062992126 174.33070866141733 23.811023622047244 14.740157480314961 à
332.78740157480314 174.33070866141733 33.44881889763779 14.740157480314961 une
351.7795275590551 174.33070866141733 43.08661417322835 14.740157480314961 dame;
380.40944881889766 174.33070866141733 43.08661417322835 14.740157480314961 jeudi
409.03937007874015 174.33070866141733 43.08661417322835 14.740157480314961 soir,
437.9527559055118 174.33070866141733 23.811023622047244 14.740157480314961 1
447.3070866141732 174.33070866141733 28.62992125984252 14.740157480314961 p.
456.9448818897638 174.33070866141733 33.44881889763779 14.740157480314961 in

208.62992125984252 190.48818897637796 39.40157480314961 10.488188976377952 Belle
234.70866141732284 190.48818897637796 43.93700787401575 10.488188976377952 lettre
265.6062992125984 190.48818897637796 26.362204724409448 10.488188976377952 où
278.6456692913386 190.48818897637796 26.362204724409448 10.488188976377952 il
291.9685039370079 190.48818897637796 48.188976377952756 10.488188976377952 décline
326.8346456692913 190.48818897637796 30.614173228346456 10.488188976377952 une
340.15748031496065 190.48818897637796 56.976377952755904 10.488188976377952 invitation.

166.6771653543307 208.3464566929134 50.74015748031496 17.858267716535433 128.
198.4251968503937 208.3464566929134 57.25984251968504 17.858267716535433 WEBER
236.40944881889763 208.3464566929134 114.23622047244095 17.858267716535433 (Charles-Marie
331.65354330708664 208.3464566929134 57.25984251968504 17.858267716535433 von),
369.6377952755906 208.3464566929134 37.98425196850393 17.858267716535433 le
388.9133858267717 208.3464566929134 57.25984251968504 17.858267716535433 grand
426.8976377952756 208.3464566929134 95.24409448818898 17.858267716535433 compositeur
496.62992125984255 208.3464566929134 25.511811023622048 17.858267716535433 de

200.9763779527559 222.8031496062992 63.496062992125985 17.291338582677167 musique
246.89763779527559 222.8031496062992 74.83464566929133 17.291338582677167 allemand,
304.7244094488189 222.8031496062992 57.54330708661417 17.291338582677167 auteur
344.9763779527559 222.8031496062992 34.58267716535433 17.291338582677167 de
362.26771653543307 222.8031496062992 126.70866141732283 17.291338582677167 Freyschutz,
471.68503937007875 222.8031496062992 34.58267716535433 17.291338582677167 n.
483.3070866141732 222.8031496062992 34.58267716535433 17.291338582677167 1786

200.40944881889763 237.25984251968504 37.7007874015748 9.921259842519685 m.
212.88188976377953 237.25984251968504 43.93700787401575 9.921259842519685 1826.

212.88188976377953 257.1023622047244 25.511811023622048 13.32283464566929 L.
225.63779527559055 257.1023622047244 25.511811023622048 13.32283464566929 a.
238.39370078740157 257.1023622047244 29.763779527559056 13.32283464566929 s.;
255.4015748031496 257.1023622047244 21.25984251968504 13.32283464566929 6
263.90551181102364 257.1023622047244 51.023622047244096 13.32283464566929 novembre
302.45669291338584 257.1023622047244 38.267716535433074 13.32283464566929 1822,
327.9685039370079 257.1023622047244 21.25984251968504 13.32283464566929 2
336.4724409448819 257.1023622047244 25.511811023622048 13.32283464566929 p.
349.2283464566929 257.1023622047244 38.267716535433074 13.32283464566929 in-4.
370.48818897637796 257.1023622047244 59.811023622047244 13.32283464566929 Rare.

206.9291338582677 273.25984251968504 58.67716535433071 13.88976377952756 PRÉCIEUSE
252.0 273.25984251968504 40.53543307086614 13.88976377952756 PIÈCE
279.21259842519686 273.25984251968504 26.929133858267715 13.88976377952756 où
292.53543307086613 273.25984251968504 26.929133858267715 13.88976377952756 il
306.1417322834646 273.25984251968504 49.60629921259842 13.88976377952756 discute
342.1417322834646 273.25984251968504 31.46456692913386 13.88976377952756 les
360.2834645669291 273.25984251968504 63.21259842519685 13.88976377952756 conditions
409.8897637795276 273.25984251968504 36.0 13.88976377952756 dans
432.56692913385825 273.25984251968504 63.21259842519685 13.88976377952756 lesquelles
482.1732283464567 273.25984251968504 26.929133858267715 13.88976377952756 il
491.244094488189 273.25984251968504 31.46456692913386 13.88976377952756 devra

197.00787401574803 283.18110236220474 58.110236220472444 14.173228346456693 composer
240.66141732283464 283.18110236220474 29.19685039370079 14.173228346456693 un
255.11811023622047 283.18110236220474 58.110236220472444 14.173228346456693 ouvrage.
298.7716535433071 283.18110236220474 29.19685039370079 14.173228346456693 Il
313.2283464566929 283.18110236220474 53.29133858267716 14.173228346456693 déclare
352.06299212598424 283.18110236220474 34.01574803149607 14.173228346456693 que
371.62204724409446 283.18110236220474 48.47244094488189 14.173228346456693 malgré
405.3543307086614 283.18110236220474 29.19685039370079 14.173228346456693 sa
420.09448818897636 283.18110236220474 43.653543307086615 14.173228346456693 bonne
449.00787401574803 283.18110236220474 53.29133858267716 14.173228346456693 volonté
487.84251968503935 283.18110236220474 29.19685039370079 14.173228346456693 il
497.4803149606299 283.18110236220474 24.37795275590551 14.173228346456693 lui

196.7244094488189 293.38582677165357 32.881889763779526 15.023622047244094 est
215.71653543307087 293.38582677165357 65.76377952755905 15.023622047244094 impossible
267.3070866141732 293.38582677165357 28.346456692913385 15.023622047244094 de
281.4803149606299 293.38582677165357 65.76377952755905 15.023622047244094 satisfaire
333.3543307086614 293.38582677165357 28.346456692913385 15.023622047244094 au
347.5275590551181 293.38582677165357 42.23622047244095 15.023622047244094 désir
375.59055118110234 293.38582677165357 28.346456692913385 15.023622047244094 de
389.76377952755905 293.38582677165357 32.881889763779526 15.023622047244094 son
408.755905511811 293.38582677165357 84.75590551181102 15.023622047244094 correspondant.
479.33858267716533 293.38582677165357 28.346456692913385 15.023622047244094 Il
488.6929133858268 293.38582677165357 32.881889763779526 15.023622047244094 parle

197.5748031496063 303.59055118110234 44.78740157480315 11.905511811023622 ensuite
230.17322834645668 303.59055118110234 24.37795275590551 11.905511811023622 de
242.36220472440945 303.59055118110234 28.62992125984252 11.905511811023622 son
258.5196850393701 303.59055118110234 36.56692913385827 11.905511811023622 opéra
278.92913385826773 303.59055118110234 85.60629921259843 11.905511811023622 Abou

164.9763779527559 320.88188976377955 53.85826771653543 18.141732283464567 129.
198.70866141732284 320.88188976377955 94.11023622047244 18.141732283464567 WELLINGTON
272.6929133858268 320.88188976377955 73.98425196850394 18.141732283464567 (Arthur
326.5511811023622 320.88188976377955 94.11023622047244 18.141732283464567 WELLESLEY,
400.53543307086613 320.88188976377955 47.05511811023622 18.141732283464567 duc
427.46456692913387 320.88188976377955 53.85826771653543 18.141732283464567 de),
460.9133858267717 320.88188976377955 40.25196850393701 18.141732283464567 le
474.5196850393701 320.88188976377955 47.05511811023622 18.141732283464567 vain-

199.2755905511811 335.33858267716533 54.99212598425197 15.874015748031496 queur
235.84251968503938 335.33858267716533 36.56692913385827 15.874015748031496 de
253.98425196850394 335.33858267716533 79.37007874015748 15.874015748031496 Waterloo,
314.92913385826773 335.33858267716533 36.56692913385827 15.874015748031496 n.
333.3543307086614 335.33858267716533 54.99212598425197 15.874015748031496 1769,
369.9212598425197 335.33858267716533 36.56692913385827 15.874015748031496 m.
382.1102362204724 335.33858267716533 42.803149606299215 15.874015748031496 1852.

211.1811023622047 354.61417322834643 30.614173228346456 15.874015748031496 L.
226.48818897637796 354.61417322834643 30.614173228346456 15.874015748031496 a.
241.79527559055117 354.61417322834643 35.43307086614173 15.874015748031496 s.,
261.9212598425197 354.61417322834643 30.614173228346456 15.874015748031496 en
277.2283464566929 354.61417322834643 66.04724409448819 15.874015748031496 français,
327.9685039370079 354.61417322834643 25.511811023622048 15.874015748031496 à
338.1732283464567 354.61417322834643 30.614173228346456 15.874015748031496 la
353.4803149606299 354.61417322834643 66.04724409448819 15.874015748031496 princesse
404.2204724409449 354.61417322834643 30.614173228346456 15.874015748031496 de
419.5275590551181 354.61417322834643 71.14960629921259 15.874015748031496 Vaudemont;
470.26771653543307 354.61417322834643 50.74015748031496 15.874015748031496 Cambrai,

200.1259842519685 365.9527559055118 27.77952755905512 13.039370078740157 11
214.01574803149606 365.9527559055118 50.74015748031496 13.039370078740157 octobre
250.86614173228347 365.9527559055118 41.669291338582674 13.039370078740157 1817,
278.6456692913386 365.9527559055118 23.244094488188978 13.039370078740157 1
288.0 365.9527559055118 27.77952755905512 13.039370078740157 p.
301.8897637795276 365.9527559055118 41.669291338582674 13.039370078740157 in-4.
329.6692913385827 365.9527559055118 41.669291338582674 13.039370078740157 Jolie
352.62992125984255 365.9527559055118 41.669291338582674 13.039370078740157 lettre.

164.69291338582678 384.37795275590554 51.023622047244096 19.275590551181104 130.
196.44094488188978 384.37795275590554 95.5275590551181 19.275590551181104 WINCKELMANN
272.9763779527559 384.37795275590554 121.03937007874016 19.275590551181104 (Jean-Jacques),
374.74015748031496 384.37795275590554 89.29133858267717 19.275590551181104 l’illustre
438.5196850393701 384.37795275590554 82.77165354330708 19.275590551181104 archéologue

198.70866141732284 398.8346456692913 76.81889763779527 14.456692913385826 allemand,
257.6692913385827 398.8346456692913 76.81889763779527 14.456692913385826 assassiné
316.9133858267717 398.8346456692913 35.43307086614173 14.456692913385826 en
328.53543307086613 398.8346456692913 41.38582677165354 14.456692913385826 1768.

209.76377952755905 417.8267716535433 28.346456692913385 15.307086614173228 L.
223.93700787401573 417.8267716535433 28.346456692913385 15.307086614173228 a.
238.11023622047244 417.8267716535433 32.881889763779526 15.307086614173228 s.,
257.1023622047244 417.8267716535433 28.346456692913385 15.307086614173228 en
270.99212598425197 417.8267716535433 56.40944881889764 15.307086614173228 italien,
313.51181102362204 417.8267716535433 28.346456692913385 15.307086614173228 (à
327.68503937007875 417.8267716535433 66.04724409448819 15.307086614173228 l’Académie
379.5590551181102 417.8267716535433 28.346456692913385 15.307086614173228 de
393.4488188976378 417.8267716535433 61.22834645669291 15.307086614173228 Corlone);
440.78740157480314 417.8267716535433 42.51968503937008 15.307086614173228 Rome,
468.8503937007874 417.8267716535433 28.346456692913385 15.307086614173228 14
478.20472440944883 417.8267716535433 42.51968503937008 15.307086614173228 février

198.70866141732284 429.1653543307087 43.08661417322835 11.905511811023622 1761,
227.33858267716536 429.1653543307087 23.811023622047244 11.905511811023622 2
236.9763779527559 429.1653543307087 28.62992125984252 11.905511811023622 p.
246.61417322834646 429.1653543307087 33.44881889763779 11.905511811023622 in

204.09448818897638 445.3228346456693 55.275590551181104 14.456692913385826 SUPERBE
244.3464566929134 445.3228346456693 50.173228346456696 14.456692913385826 LETTRE
279.496062992126 445.3228346456693 30.04724409448819 14.456692913385826 de
294.5196850393701 445.3228346456693 85.32283464566929 14.456692913385826 remerciements
364.81889763779526 445.3228346456693 40.25196850393701 14.456692913385826 pour
389.76377952755905 445.3228346456693 35.1496062992126 14.456692913385826 son
409.8897637795276 445.3228346456693 65.19685039370079 14.456692913385826 admission
460.06299212598424 445.3228346456693 40.25196850393701 14.456692913385826 dans
479.90551181102364 445.3228346456693 40.25196850393701 14.456692913385826 l’Aca-

193.3228346456693 455.81102362204723 45.354330708661415 8.503937007874017 démie
223.6535433070866 455.81102362204723 30.330708661417322 8.503937007874017 de
233.85826771653544 455.81102362204723 50.45669291338583 8.503937007874017 Cortone.

162.70866141732284 474.5196850393701 49.889763779527556 18.141732283464567 131.
193.88976377952756 474.5196850393701 49.889763779527556 18.141732283464567 ZENO
225.0708661417323 474.5196850393701 93.8267716535433 18.141732283464567 (Apostolo),
300.18897637795277 474.5196850393701 56.125984251968504 18.141732283464567 poète
337.6062992125984 474.5196850393701 87.59055118110236 18.141732283464567 dramatique
406.20472440944883 474.5196850393701 74.83464566929133 18.141732283464567 italien,
462.61417322834643 474.5196850393701 37.41732283464567 18.141732283464567 n.
475.0866141732283 474.5196850393701 43.653543307086615 18.141732283464567 1668,

195.8740157480315 489.8267716535433 37.7007874015748 10.204724409448819 m.
208.3464566929134 489.8267716535433 43.93700787401575 10.204724409448819 1750.

209.1968503937008 508.251968503937 29.480314960629922 15.307086614173228 L.
223.93700787401573 508.251968503937 29.480314960629922 15.307086614173228 a.
238.6771653543307 508.251968503937 29.480314960629922 15.307086614173228 s.
253.41732283464566 508.251968503937 24.661417322834644 15.307086614173228 à
263.0551181102362 508.251968503937 58.960629921259844 15.307086614173228 François
307.2755905511811 508.251968503937 58.960629921259844 15.307086614173228 Séguier;
351.496062992126 508.251968503937 54.14173228346457 15.307086614173228 Venise,
390.8976377952756 508.251968503937 29.480314960629922 15.307086614173228 23
405.6377952755906 508.251968503937 44.22047244094488 15.307086614173228 avril
435.11811023622045 508.251968503937 44.22047244094488 15.307086614173228 1746,
464.31496062992125 508.251968503937 24.661417322834644 15.307086614173228 1
474.23622047244095 508.251968503937 29.480314960629922 15.307086614173228 p.
484.15748031496065 508.251968503937 34.2992125984252 15.307086614173228 in

204.3779527559055 524.1259842519685 39.68503937007874 14.740157480314961 Belle
231.0236220472441 524.1259842519685 44.22047244094488 14.740157480314961 lettre
261.9212598425197 524.1259842519685 26.362204724409448 14.740157480314961 où
274.96062992125985 524.1259842519685 26.362204724409448 14.740157480314961 il
288.2834645669291 524.1259842519685 39.68503937007874 14.740157480314961 parle
314.6456692913386 524.1259842519685 26.362204724409448 14.740157480314961 de
327.9685039370079 524.1259842519685 26.362204724409448 14.740157480314961 sa
341.29133858267716 524.1259842519685 39.68503937007874 14.740157480314961 santé
367.65354330708664 524.1259842519685 26.362204724409448 14.740157480314961 et
380.9763779527559 524.1259842519685 26.362204724409448 14.740157480314961 de
394.01574803149606 524.1259842519685 39.68503937007874 14.740157480314961 celle
420.66141732283467 524.1259842519685 26.362204724409448 14.740157480314961 de
433.7007874015748 524.1259842519685 30.89763779527559 14.740157480314961 son
447.0236220472441 524.1259842519685 70.58267716535433 14.740157480314961 correspondant.

162.99212598425197 544.2519685039371 48.47244094488189 17.007874015748033 132.
193.3228346456693 544.2519685039371 48.47244094488189 17.007874015748033 ZOLA
223.37007874015748 544.2519685039371 72.85039370078741 17.007874015748033 (Émile),
278.0787401574803 544.2519685039371 36.28346456692913 17.007874015748033 le
296.2204724409449 544.2519685039371 66.61417322834646 17.007874015748033 célèbre
338.74015748031496 544.2519685039371 72.85039370078741 17.007874015748033 romancier.

208.06299212598427 566.9291338582677 28.62992125984252 13.32283464566929 L.
222.51968503937007 566.9291338582677 28.62992125984252 13.32283464566929 a.
236.9763779527559 566.9291338582677 33.44881889763779 13.32283464566929 s.;
255.96850393700788 566.9291338582677 47.90551181102362 13.32283464566929 Médan,
289.4173228346457 566.9291338582677 28.62992125984252 13.32283464566929 15
303.87401574803147 566.9291338582677 38.267716535433074 13.32283464566929 juin
327.9685039370079 566.9291338582677 43.08661417322835 13.32283464566929 1890,
356.59842519685037 566.9291338582677 24.094488188976378 13.32283464566929 1
366.23622047244095 566.9291338582677 28.62992125984252 13.32283464566929 p.
375.87401574803147 566.9291338582677 33.44881889763779 13.32283464566929 in

202.11023622047244 582.8031496062993 27.496062992125985 13.606299212598426 Il
215.71653543307087 582.8031496062993 50.45669291338583 13.606299212598426 exprime
252.56692913385828 582.8031496062993 27.496062992125985 13.606299212598426 le
266.1732283464567 582.8031496062993 50.45669291338583 13.606299212598426 plaisir
302.74015748031496 582.8031496062993 41.10236220472441 13.606299212598426 qu'il
330.23622047244095 582.8031496062993 22.96062992125984 13.606299212598426 a
339.59055118110234 582.8031496062993 54.99212598425197 13.606299212598426 ressenti
380.6929133858268 582.8031496062993 22.96062992125984 13.606299212598426 à
389.76377952755905 582.8031496062993 36.56692913385827 13.606299212598426 voir
412.7244094488189 582.8031496062993 32.031496062992126 13.606299212598426 une
431.1496062992126 582.8031496062993 27.496062992125985 13.606299212598426 de
444.755905511811 582.8031496062993 32.031496062992126 13.606299212598426 ses
463.18110236220474 582.8031496062993 45.92125984251968 13.606299212598426 œuvres
490.6771653543307 582.8031496062993 27.496062992125985 13.606299212598426 tra-

191.90551181102362 593.007874015748 41.38582677165354 8.503937007874017 duite
219.4015748031496 593.007874015748 27.496062992125985 8.503937007874017 en
228.4724409448819 593.007874015748 36.8503937007874 8.503937007874017 russe.

160.44094488188978 613.1338582677165 51.023622047244096 18.141732283464567 133.
192.18897637795277 613.1338582677165 51.023622047244096 18.141732283464567 Sous
223.93700787401573 613.1338582677165 38.267716535433074 18.141732283464567 ce
243.21259842519686 613.1338582677165 70.01574803149606 18.141732283464567 numéro,
293.9527559055118 613.1338582677165 38.267716535433074 18.141732283464567 il
313.2283464566929 613.1338582677165 51.023622047244096 18.141732283464567 sera
344.9763779527559 613.1338582677165 57.25984251968504 18.141732283464567 vendu
383.244094488189 613.1338582677165 38.267716535433074 18.141732283464567 de
402.23622047244095 613.1338582677165 76.53543307086615 18.141732283464567 nombreux
453.25984251968504 613.1338582677165 63.77952755905512 18.141732283464567 autogra-

194.45669291338584 627.3070866141733 47.62204724409449 14.740157480314961 phes
224.2204724409449 627.3070866141733 41.669291338582674 14.740157480314961 non
242.07874015748033 627.3070866141733 77.38582677165354 14.740157480314961 catalogués.

224.50393700787401 664.4409448818898 40.818897637795274 10.204724409448819 Paris.
252.8503937007874 664.4409448818898 20.409448818897637 10.204724409448819 —
261.07086614173227 664.4409448818898 56.976377952755904 10.204724409448819 Imprimerie
305.8582677165354 664.4409448818898 24.37795275590551 10.204724409448819 L.
318.0472440944882 664.4409448818898 53.00787401574803 10.204724409448819 MARETHEUX
358.86614173228344 664.4409448818898 24.37795275590551 10.204724409448819 1,
371.33858267716533 664.4409448818898 28.62992125984252 10.204724409448819 rue
387.496062992126 664.4409448818898 53.00787401574803 10.204724409448819 Cassette.
428.31496062992125 664.4409448818898 20.409448818897637 10.204724409448819 —
432.2834645669291 664.4409448818898 28.62992125984252 10.204724409448819 7776.
