617.6692913385826 891.7795275590552
233.29133858267716 134.9291338582677 34.2992125984252 6.803149606299213 —
246.89763779527559 134.9291338582677 34.2992125984252 6.803149606299213 9
253.70078740157481 134.9291338582677 20.69291338582677 6.803149606299213 —

83.05511811023622 155.0551181102362 46.77165354330709 14.173228346456693 46.
109.98425196850394 155.0551181102362 80.50393700787401 14.173228346456693 FRANÇOIS
170.36220472440945 155.0551181102362 40.25196850393701 14.173228346456693 DE
190.20472440944883 155.0551181102362 60.37795275590551 14.173228346456693 SALES
230.45669291338584 155.0551181102362 80.50393700787401 14.173228346456693 (Saint),
290.8346456692913 155.0551181102362 93.8267716535433 14.173228346456693 l’illustre
364.53543307086613 155.0551181102362 66.89763779527559 14.173228346456693 évêque
404.503937007874 155.0551181102362 26.929133858267715 14.173228346456693 de

109.7007874015748 169.22834645669292 66.33070866141732 11.905511811023622 Genève,
157.88976377952756 169.22834645669292 36.28346456692913 11.905511811023622 n.
176.03149606299212 169.22834645669292 54.425196850393704 11.905511811023622 1567,
212.03149606299212 169.22834645669292 36.28346456692913 11.905511811023622 m.
224.2204724409449 169.22834645669292 42.23622047244095 11.905511811023622 1622.

121.32283464566929 189.92125984251967 28.913385826771652 11.338582677165354 P.
135.7795275590551 189.92125984251967 33.732283464566926 11.338582677165354 s.;
155.0551181102362 189.92125984251967 52.724409448818896 11.338582677165354 Genève,
193.3228346456693 189.92125984251967 28.913385826771652 11.338582677165354 17
207.7795275590551 189.92125984251967 38.55118110236221 11.338582677165354 juin
231.8740157480315 189.92125984251967 43.37007874015748 11.338582677165354 1606,
260.78740157480314 189.92125984251967 24.094488188976378 11.338582677165354 1
270.1417322834646 189.92125984251967 28.913385826771652 11.338582677165354 p.
279.7795275590551 189.92125984251967 33.732283464566926 11.338582677165354 in

116.78740157480316 208.62992125984252 28.62992125984252 10.488188976377952 Il
131.24409448818898 208.62992125984252 52.44094488188976 10.488188976377952 déclare
169.22834645669292 208.62992125984252 42.803149606299215 10.488188976377952 avoir
197.85826771653544 208.62992125984252 37.98425196850393 10.488188976377952 reçu
221.66929133858267 208.62992125984252 28.62992125984252 10.488188976377952 de
235.84251968503938 208.62992125984252 47.62204724409449 10.488188976377952 Pierre
269.29133858267716 208.62992125984252 52.44094488188976 10.488188976377952 Demuzy,
307.2755905511811 208.62992125984252 33.44881889763779 10.488188976377952 son
326.26771653543307 208.62992125984252 57.25984251968504 10.488188976377952 fermier,
369.3543307086614 208.62992125984252 28.62992125984252 10.488188976377952 la
378.70866141732284 208.62992125984252 52.44094488188976 10.488188976377952 redevance

107.14960629921259 218.83464566929135 41.95275590551181 10.204724409448819 qu'il
134.9291338582677 218.83464566929135 32.59842519685039 10.204724409448819 lui
153.63779527559055 218.83464566929135 37.41732283464567 10.204724409448819 doit
177.16535433070865 218.83464566929135 37.41732283464567 10.204724409448819 pour
200.40944881889763 218.83464566929135 37.41732283464567 10.204724409448819 deux
223.93700787401573 218.83464566929135 46.77165354330709 10.204724409448819 années
256.53543307086613 218.83464566929135 28.062992125984252 10.204724409448819 de
265.8897637795276 218.83464566929135 46.77165354330709 10.204724409448819 fermage.

84.75590551181102 244.06299212598427 41.95275590551181 12.755905511811024 47.
108.56692913385827 244.06299212598427 72.0 12.755905511811024 FRANÇOIS
162.70866141732284 244.06299212598427 47.90551181102362 12.755905511811024 Ier,
192.4724409448819 244.06299212598427 41.95275590551181 12.755905511811024 roi
216.56692913385828 244.06299212598427 36.0 12.755905511811024 de
234.4251968503937 244.06299212598427 66.04724409448819 12.755905511811024 France,
282.3307086614173 244.06299212598427 36.0 12.755905511811024 n.
300.4724409448819 244.06299212598427 53.85826771653543 12.755905511811024 1494,
336.4724409448819 244.06299212598427 36.0 12.755905511811024 m.
348.37795275590554 244.06299212598427 41.95275590551181 12.755905511811024 1547.

121.88976377952756 265.3228346456693 28.062992125984252 11.05511811023622 L.
136.06299212598427 265.3228346456693 28.062992125984252 11.05511811023622 s.
150.23622047244095 265.3228346456693 28.062992125984252 11.05511811023622 au
164.1259842519685 265.3228346456693 56.40944881889764 11.05511811023622 chapitre
206.36220472440945 265.3228346456693 28.062992125984252 11.05511811023622 de
220.53543307086613 265.3228346456693 56.40944881889764 11.05511811023622 l’église
262.7716535433071 265.3228346456693 28.062992125984252 11.05511811023622 de
276.9448818897638 265.3228346456693 42.23622047244095 11.05511811023622 Lyon;
305.00787401574803 265.3228346456693 28.062992125984252 11.05511811023622 11
319.18110236220474 265.3228346456693 37.41732283464567 11.05511811023622 août
342.4251968503937 265.3228346456693 42.23622047244095 11.05511811023622 1538,
370.7716535433071 265.3228346456693 32.881889763779526 11.05511811023622 1/2
389.4803149606299 265.3228346456693 28.062992125984252 11.05511811023622 p.
398.8346456692913 265.3228346456693 32.881889763779526 11.05511811023622 in

117.35433070866142 284.0314960629921 41.10236220472441 9.921259842519685 Belle
144.56692913385828 284.0314960629921 45.63779527559055 9.921259842519685 lettre
176.5984251968504 284.0314960629921 27.496062992125985 9.921259842519685 où
190.20472440944883 284.0314960629921 27.496062992125985 9.921259842519685 il
204.09448818897638 284.0314960629921 50.173228346456696 9.921259842519685 informe
240.3779527559055 284.0314960629921 32.031496062992126 9.921259842519685 les
258.8031496062992 284.0314960629921 50.173228346456696 9.921259842519685 membres
295.0866141732283 284.0314960629921 27.496062992125985 9.921259842519685 du
308.9763779527559 284.0314960629921 54.70866141732284 9.921259842519685 chapitre
349.79527559055117 284.0314960629921 41.10236220472441 9.921259842519685 qu’il
377.29133858267716 284.0314960629921 54.70866141732284 9.921259842519685 dispense
413.8582677165354 284.0314960629921 18.141732283464567 9.921259842519685 de

107.71653543307086 294.23622047244095 26.64566929133858 9.921259842519685 la
121.03937007874016 294.23622047244095 57.54330708661417 9.921259842519685 résidence
165.25984251968504 294.23622047244095 26.64566929133858 9.921259842519685 le
178.58267716535434 294.23622047244095 44.22047244094488 9.921259842519685 prieur
209.76377952755905 294.23622047244095 26.64566929133858 9.921259842519685 de
223.08661417322836 294.23622047244095 26.64566929133858 9.921259842519685 la
236.1259842519685 294.23622047244095 53.00787401574803 9.921259842519685 chapelle
276.09448818897636 294.23622047244095 26.64566929133858 9.921259842519685 de
289.4173228346457 294.23622047244095 35.43307086614173 9.921259842519685 leur
306.99212598425197 294.23622047244095 39.968503937007874 9.921259842519685 église.

82.77165354330708 317.76377952755905 41.38582677165354 15.307086614173228 48.
106.58267716535433 317.76377952755905 58.960629921259844 15.307086614173228 FRÉRON
147.68503937007873 317.76377952755905 124.15748031496064 15.307086614173228 (Élie-Catherine),
254.26771653543307 317.76377952755905 58.960629921259844 15.307086614173228 fameux
295.65354330708664 317.76377952755905 70.86614173228347 15.307086614173228 critique
348.66141732283467 317.76377952755905 35.43307086614173 15.307086614173228 et
360.56692913385825 317.76377952755905 70.86614173228347 15.307086614173228 polémiste,

109.41732283464567 333.3543307086614 59.52755905511811 12.472440944881889 ennemi
151.08661417322836 333.3543307086614 65.48031496062993 12.472440944881889 acharné
198.70866141732284 333.3543307086614 35.71653543307087 12.472440944881889 de
216.56692913385828 333.3543307086614 77.38582677165354 12.472440944881889 Voltaire,
276.09448818897636 333.3543307086614 35.71653543307087 12.472440944881889 n.
293.9527559055118 333.3543307086614 53.574803149606296 12.472440944881889 1719,
329.6692913385827 333.3543307086614 35.71653543307087 12.472440944881889 m.
341.5748031496063 333.3543307086614 41.669291338582674 12.472440944881889 1776.

120.4724409448819 354.3307086614173 32.881889763779526 10.488188976377952 L.
136.91338582677164 354.3307086614173 32.881889763779526 10.488188976377952 a.
153.0708661417323 354.3307086614173 32.881889763779526 10.488188976377952 s.
169.51181102362204 354.3307086614173 27.212598425196852 10.488188976377952 à
180.56692913385828 354.3307086614173 32.881889763779526 10.488188976377952 M.
196.7244094488189 354.3307086614173 32.881889763779526 10.488188976377952 Le
213.16535433070865 354.3307086614173 54.70866141732284 10.488188976377952 Gouvé,
251.43307086614172 354.3307086614173 54.70866141732284 10.488188976377952 avocat
289.7007874015748 354.3307086614173 32.881889763779526 10.488188976377952 au
306.1417322834646 354.3307086614173 76.53543307086615 10.488188976377952 Parlement;
360.8503937007874 354.3307086614173 70.86614173228347 10.488188976377952 Versailles,

110.55118110236221 365.9527559055118 23.244094488188978 11.05511811023622 4
119.62204724409449 365.9527559055118 51.023622047244096 11.05511811023622 février
156.75590551181102 365.9527559055118 41.669291338582674 11.05511811023622 1776,
184.8188976377953 365.9527559055118 23.244094488188978 11.05511811023622 1
194.17322834645668 365.9527559055118 27.77952755905512 11.05511811023622 p.
208.06299212598427 365.9527559055118 41.669291338582674 11.05511811023622 in-4,
231.30708661417322 365.9527559055118 41.669291338582674 11.05511811023622 cachet.

117.35433070866142 384.37795275590554 32.59842519685039 8.220472440944881 Jolie
139.1811023622047 384.37795275590554 36.28346456692913 8.220472440944881 lettre
164.69291338582678 384.37795275590554 21.826771653543307 8.220472440944881 où
175.46456692913387 384.37795275590554 21.826771653543307 8.220472440944881 il
186.23622047244095 384.37795275590554 21.826771653543307 8.220472440944881 le
197.29133858267716 384.37795275590554 43.653543307086615 8.220472440944881 félicite
229.88976377952756 384.37795275590554 21.826771653543307 8.220472440944881 du
240.66141732283464 384.37795275590554 36.28346456692913 8.220472440944881 succès
262.48818897637796 384.37795275590554 68.88188976377953 8.220472440944881 d'Atlilie.

83.33858267716535 409.3228346456693 45.07086614173228 14.456692913385826 49.
109.13385826771653 409.3228346456693 70.86614173228347 14.456692913385826 FRUGONI
160.7244094488189 409.3228346456693 141.73228346456693 14.456692913385826 (Carlo-Innocenzo),
283.18110236220474 409.3228346456693 70.86614173228347 14.456692913385826 célèbre
334.48818897637796 409.3228346456693 57.826771653543304 14.456692913385826 poète
366.8031496062992 409.3228346456693 64.34645669291339 14.456692913385826 italien,

109.41732283464567 424.62992125984255 36.8503937007874 11.622047244094489 n.
127.84251968503936 424.62992125984255 54.99212598425197 11.622047244094489 1692,
164.69291338582678 424.62992125984255 36.8503937007874 11.622047244094489 m.
176.88188976377953 424.62992125984255 42.803149606299215 11.622047244094489 1768.

122.45669291338582 445.03937007874015 29.19685039370079 10.488188976377952 L.
136.91338582677164 445.03937007874015 29.19685039370079 10.488188976377952 a.
151.6535433070866 445.03937007874015 29.19685039370079 10.488188976377952 s.
166.11023622047244 445.03937007874015 24.37795275590551 10.488188976377952 à
176.03149606299212 445.03937007874015 29.19685039370079 10.488188976377952 un
190.48818897637796 445.03937007874015 63.21259842519685 10.488188976377952 cardinal;
239.24409448818898 445.03937007874015 68.03149606299213 10.488188976377952 Plaisance,
292.81889763779526 445.03937007874015 29.19685039370079 10.488188976377952 25
307.2755905511811 445.03937007874015 34.01574803149607 10.488188976377952 mai
326.8346456692913 445.03937007874015 43.93700787401575 10.488188976377952 1725,
356.0314960629921 445.03937007874015 24.37795275590551 10.488188976377952 2
365.6692913385827 445.03937007874015 29.19685039370079 10.488188976377952 p.
375.59055118110234 445.03937007874015 34.01574803149607 10.488188976377952 in

116.50393700787401 463.46456692913387 43.653543307086615 9.921259842519685 Belle
145.70078740157481 463.46456692913387 48.47244094488189 9.921259842519685 lettre
179.71653543307087 463.46456692913387 53.29133858267716 9.921259842519685 d’envoi
218.5511811023622 463.46456692913387 29.19685039370079 9.921259842519685 de
233.00787401574803 463.46456692913387 38.83464566929134 9.921259842519685 cinq
257.38582677165357 463.46456692913387 53.29133858267716 9.921259842519685 sonnets
296.2204724409449 463.46456692913387 29.19685039370079 9.921259842519685 en
310.6771653543307 463.46456692913387 53.29133858267716 9.921259842519685 réponse
349.51181102362204 463.46456692913387 24.37795275590551 9.921259842519685 à
359.1496062992126 463.46456692913387 29.19685039370079 9.921259842519685 un
373.8897637795276 463.46456692913387 38.83464566929134 9.921259842519685 défi
397.98425196850394 463.46456692913387 29.19685039370079 9.921259842519685 de
407.62204724409446 463.46456692913387 24.37795275590551 9.921259842519685 Son

100.91338582677166 474.8031496062992 57.25984251968504 7.653543307086614 Eminence.

83.62204724409449 498.8976377952756 44.22047244094488 14.173228346456693 50.
108.85039370078741 498.8976377952756 69.44881889763779 14.173228346456693 GAUTIER
159.30708661417322 498.8976377952756 101.19685039370079 14.173228346456693 (Théophile),
241.51181102362204 498.8976377952756 37.98425196850393 14.173228346456693 le
260.503937007874 498.8976377952756 69.44881889763779 14.173228346456693 célèbre
310.96062992125985 498.8976377952756 82.20472440944881 14.173228346456693 écrivain,
374.1732283464567 498.8976377952756 37.98425196850393 14.173228346456693 n.
386.92913385826773 498.8976377952756 44.22047244094488 14.173228346456693 1811,

110.26771653543307 514.2047244094488 37.7007874015748 9.354330708661417 m.
122.74015748031496 514.2047244094488 43.93700787401575 9.354330708661417 1872.

121.32283464566929 533.7637795275591 30.04724409448819 11.338582677165354 L.
136.3464566929134 533.7637795275591 30.04724409448819 11.338582677165354 a.
151.6535433070866 533.7637795275591 30.04724409448819 11.338582677165354 s.
166.6771653543307 533.7637795275591 25.228346456692915 11.338582677165354 à
176.5984251968504 533.7637795275591 50.173228346456696 11.338582677165354 Madame
211.748031496063 533.7637795275591 55.275590551181104 11.338582677165354 Lacroix
252.0 533.7637795275591 60.09448818897638 11.338582677165354 (janvier
297.07086614173227 533.7637795275591 50.173228346456696 11.338582677165354 1855),
332.2204724409449 533.7637795275591 35.1496062992126 11.338582677165354 1/2
352.34645669291336 533.7637795275591 30.04724409448819 11.338582677165354 p.
367.37007874015745 533.7637795275591 45.07086614173228 11.338582677165354 in-8,
392.31496062992125 533.7637795275591 40.25196850393701 11.338582677165354 cachet

107.43307086614173 546.5196850393701 33.732283464566926 8.220472440944881 brisé.

117.07086614173228 563.8110236220473 72.85039370078741 8.78740157480315 Intéressante
176.31496062992127 563.8110236220473 45.63779527559055 8.78740157480315 lettre
208.06299212598427 563.8110236220473 27.212598425196852 8.78740157480315 où
221.95275590551182 563.8110236220473 27.212598425196852 8.78740157480315 il
235.55905511811022 563.8110236220473 32.031496062992126 8.78740157480315 lui
253.70078740157481 563.8110236220473 50.173228346456696 8.78740157480315 annonce
290.26771653543307 563.8110236220473 27.212598425196852 8.78740157480315 la
303.87401574803147 563.8110236220473 36.56692913385827 8.78740157480315 mort
326.5511811023622 563.8110236220473 27.212598425196852 8.78740157480315 de
340.4409448818898 563.8110236220473 45.63779527559055 8.78740157480315 Gérard
372.18897637795277 563.8110236220473 27.212598425196852 8.78740157480315 de
381.25984251968504 563.8110236220473 41.10236220472441 8.78740157480315 Nerval.

83.33858267716535 588.1889763779527 46.20472440944882 15.023622047244094 51.
109.7007874015748 588.1889763779527 65.76377952755905 15.023622047244094 GÉRARD
155.6220472440945 588.1889763779527 39.40157480314961 15.023622047244094 DE
175.46456692913387 588.1889763779527 65.76377952755905 15.023622047244094 NERVAL
221.66929133858267 588.1889763779527 72.56692913385827 15.023622047244094 (Gérard
274.1102362204724 588.1889763779527 85.60629921259843 15.023622047244094 LABRUNIE,
340.15748031496065 588.1889763779527 59.24409448818898 15.023622047244094 dit),
373.03937007874015 588.1889763779527 59.24409448818898 15.023622047244094 célèbre

111.11811023622047 602.9291338582677 46.488188976377955 14.456692913385826 poète
142.01574803149606 602.9291338582677 30.89763779527559 14.456692913385826 et
157.60629921259843 602.9291338582677 82.77165354330708 14.456692913385826 littérateur,
224.78740157480314 602.9291338582677 72.28346456692914 14.456692913385826 traducteur
281.4803149606299 602.9291338582677 30.89763779527559 14.456692913385826 de
297.07086614173227 602.9291338582677 87.8740157480315 14.456692913385826 Faust,
369.3543307086614 602.9291338582677 30.89763779527559 14.456692913385826 n.
384.9448818897638 602.9291338582677 46.488188976377955 14.456692913385826 1808,
410.74015748031496 602.9291338582677 20.69291338582677 14.456692913385826 m.

110.26771653543307 617.9527559055118 39.68503937007874 13.039370078740157 par
132.9448818897638 617.9527559055118 62.645669291338585 13.039370078740157 suicide
178.58267716535434 617.9527559055118 34.01574803149607 13.039370078740157 en
189.92125984251967 617.9527559055118 39.68503937007874 13.039370078740157 1855.

123.30708661417323 640.3464566929134 29.480314960629922 11.622047244094489 1°
138.04724409448818 640.3464566929134 29.480314960629922 11.622047244094489 L.
152.78740157480314 640.3464566929134 29.480314960629922 11.622047244094489 a.
167.5275590551181 640.3464566929134 34.2992125984252 11.622047244094489 s.;
187.08661417322836 640.3464566929134 34.2992125984252 11.622047244094489 1er
206.64566929133858 640.3464566929134 34.2992125984252 11.622047244094489 mai
226.20472440944883 640.3464566929134 44.22047244094488 11.622047244094489 1852,
255.68503937007873 640.3464566929134 24.661417322834644 11.622047244094489 1
265.6062992125984 640.3464566929134 29.480314960629922 11.622047244094489 p.
280.34645669291336 640.3464566929134 49.039370078740156 11.622047244094489 in-12.
314.6456692913386 640.3464566929134 24.661417322834644 11.622047244094489 —
324.56692913385825 640.3464566929134 29.480314960629922 11.622047244094489 2°
339.3070866141732 640.3464566929134 49.039370078740156 11.622047244094489 Dessin
373.6062992125984 640.3464566929134 58.960629921259844 11.622047244094489 original
413.00787401574803 640.3464566929134 19.559055118110237 11.622047244094489 au

110.83464566929133 651.6850393700787 56.125984251968504 12.472440944881889 crayon,
151.6535433070866 651.6850393700787 81.92125984251969 12.472440944881889 représentant
218.26771653543307 651.6850393700787 35.71653543307087 12.472440944881889 une
238.6771653543307 651.6850393700787 71.43307086614173 12.472440944881889 Orientale,
294.8031496062992 651.6850393700787 25.511811023622048 12.472440944881889 1
305.00787401574803 651.6850393700787 30.614173228346456 12.472440944881889 p.
320.31496062992125 651.6850393700787 45.92125984251968 12.472440944881889 in-8.
350.92913385826773 651.6850393700787 30.614173228346456 12.472440944881889 Ce
366.5196850393701 651.6850393700787 51.023622047244096 12.472440944881889 dessin
402.23622047244095 651.6850393700787 25.511811023622048 12.472440944881889 a
407.33858267716533 651.6850393700787 25.511811023622048 12.472440944881889 été

112.53543307086615 663.5905511811023 52.15748031496063 11.905511811023622 reproduit
152.78740157480314 663.5905511811023 32.031496062992126 11.905511811023622 dans
172.91338582677164 663.5905511811023 24.094488188976378 11.905511811023622 le
184.8188976377953 663.5905511811023 48.188976377952756 11.905511811023622 Petit
217.13385826771653 663.5905511811023 52.15748031496063 11.905511811023622 Figaro.
