571.7480314960629 851.5275590551181
183.96850393700788 115.37007874015748 178.86614173228347 20.976377952755904 LETTRES
297.6377952755906 115.37007874015748 211.46456692913387 20.976377952755904 AUTOGRAPHES

229.60629921259843 147.96850393700788 57.54330708661417 16.15748031496063 ET
258.5196850393701 147.96850393700788 124.44094488188976 16.15748031496063 DOCUMENTS
344.6929133858268 147.96850393700788 124.44094488188976 16.15748031496063 HISTORIQUES

207.7795275590551 191.6220472440945 65.48031496062993 12.755905511811024 MAISON
253.41732283464566 191.6220472440945 65.48031496062993 12.755905511811024 FONDÉE
299.33858267716533 191.6220472440945 39.118110236220474 12.755905511811024 EN
318.8976377952756 191.6220472440945 52.44094488188976 12.755905511811024 1830
351.7795275590551 191.6220472440945 45.92125984251968 12.755905511811024 PAR
377.8582677165354 191.6220472440945 39.118110236220474 12.755905511811024 J.
397.4173228346457 191.6220472440945 78.51968503937007 12.755905511811024 CHARAVAY
449.8582677165354 191.6220472440945 39.118110236220474 12.755905511811024 AINÉ

316.62992125984255 215.43307086614172 27.77952755905512 9.637795275590552 et
330.5196850393701 215.43307086614172 51.023622047244096 9.637795275590552 dirigée
362.8346456692913 215.43307086614172 23.244094488188978 9.637795275590552 par

236.40944881889763 234.99212598425197 87.59055118110236 13.039370078740157 ÉTIENNE
300.18897637795277 234.99212598425197 95.5275590551181 13.039370078740157 CHARAVAY
371.90551181102364 234.99212598425197 63.77952755905512 13.039370078740157 FILS
411.59055118110234 234.99212598425197 47.90551181102362 13.039370078740157 ET
427.748031496063 234.99212598425197 31.748031496062993 13.039370078740157 SR

216.28346456692913 253.70078740157481 81.35433070866142 10.771653543307087 ARCHIVISTE
280.06299212598424 253.70078740157481 92.69291338582677 10.771653543307087 PALÉOGRAPHE,
355.46456692913387 253.70078740157481 58.110236220472444 10.771653543307087 EXPERT
396.0 253.70078740157481 34.86614173228347 10.771653543307087 EN
407.62204724409446 253.70078740157481 75.4015748031496 10.771653543307087 AUTOGRAPHES

249.4488188976378 274.3937007874016 32.031496062992126 15.590551181102363 A
262.20472440944883 274.3937007874016 63.77952755905512 15.590551181102363 Paris,
306.70866141732284 274.3937007874016 44.78740157480315 15.590551181102363 rue
332.2204724409449 274.3937007874016 38.267716535433074 15.590551181102363 de
351.496062992126 274.3937007874016 102.04724409448819 15.590551181102363 Furstenberg,
428.0314960629921 274.3937007874016 19.275590551181104 15.590551181102363 3

181.41732283464566 314.6456692913386 42.51968503937008 13.88976377952756 Achat
209.76377952755905 314.6456692913386 28.346456692913385 13.88976377952756 de
223.93700787401573 314.6456692913386 70.86614173228347 13.88976377952756 Collections
280.62992125984255 314.6456692913386 80.22047244094489 13.88976377952756 d’autographes
346.6771653543307 314.6456692913386 28.346456692913385 13.88976377952756 au
360.8503937007874 314.6456692913386 61.22834645669291 13.88976377952756 comptant;
408.18897637795277 314.6456692913386 61.22834645669291 13.88976377952756 échanges;
450.70866141732284 314.6456692913386 61.22834645669291 13.88976377952756 commissions

221.10236220472441 326.5511811023622 44.22047244094488 12.755905511811024 ventes
252.28346456692913 326.5511811023622 57.54330708661417 12.755905511811024 publiques
296.503937007874 326.5511811023622 26.64566929133858 12.755905511811024 et
309.8267716535433 326.5511811023622 22.11023622047244 12.755905511811024 à
318.8976377952756 326.5511811023622 62.07874015748032 12.755905511811024 l’amiable;
367.65354330708664 326.5511811023622 57.54330708661417 12.755905511811024 rédaction
411.87401574803147 326.5511811023622 26.64566929133858 12.755905511811024 de
420.9448818897638 326.5511811023622 57.54330708661417 12.755905511811024 catalogues;

198.99212598425197 338.1732283464567 43.37007874015748 12.472440944881889 copies
229.3228346456693 338.1732283464567 60.661417322834644 12.472440944881889 certifiées
276.66141732283467 338.1732283464567 26.078740157480315 12.472440944881889 de
289.7007874015748 338.1732283464567 51.874015748031496 12.472440944881889 chartes,
328.81889763779526 338.1732283464567 56.125984251968504 12.472440944881889 documents
371.90551181102364 338.1732283464567 26.078740157480315 12.472440944881889 et
384.9448818897638 338.1732283464567 69.16535433070867 12.472440944881889 autographes;
436.81889763779526 338.1732283464567 60.661417322834644 12.472440944881889 vérification

264.4724409448819 349.51181102362204 24.661417322834644 11.05511811023622 de
276.9448818897638 349.51181102362204 41.38582677165354 11.05511811023622 pièces
305.8582677165354 349.51181102362204 24.661417322834644 11.05511811023622 et
318.3307086614173 349.51181102362204 61.79527559055118 11.05511811023622 certificats
363.68503937007875 349.51181102362204 70.01574803149606 11.05511811023622 d’authenticité.

193.03937007874015 385.51181102362204 27.496062992125985 16.724409448818896 M.
206.64566929133858 385.51181102362204 50.173228346456696 16.724409448818896 Étienne
243.21259842519686 385.51181102362204 54.70866141732284 16.724409448818896 Charavay
284.31496062992125 385.51181102362204 45.63779527559055 16.724409448818896 achète
316.06299212598424 385.51181102362204 41.10236220472441 16.724409448818896 au
343.5590551181102 385.51181102362204 72.85039370078741 16.724409448818896 comptant
402.8031496062992 385.51181102362204 32.031496062992126 16.724409448818896 les
420.9448818897638 385.51181102362204 68.31496062992126 16.724409448818896 autographes
471.11811023622045 385.51181102362204 41.10236220472441 16.724409448818896 anciens

179.71653543307087 398.26771653543307 29.480314960629922 16.724409448818896 et
194.45669291338584 398.26771653543307 63.496062992125985 16.724409448818896 modernes,
243.21259842519686 398.26771653543307 34.2992125984252 16.724409448818896 les
262.7716535433071 398.26771653543307 73.41732283464567 16.724409448818896 manuscrits,
321.4488188976378 398.26771653543307 34.2992125984252 16.724409448818896 les
341.00787401574803 398.26771653543307 58.67716535433071 16.724409448818896 chartes,
384.9448818897638 398.26771653543307 34.2992125984252 16.724409448818896 les
404.503937007874 398.26771653543307 63.496062992125985 16.724409448818896 documents
448.7244094488189 398.26771653543307 63.496062992125985 16.724409448818896 historiques

179.43307086614172 410.74015748031496 28.346456692913385 8.78740157480315 de
193.60629921259843 410.74015748031496 42.51968503937008 8.78740157480315 toute
217.13385826771653 410.74015748031496 42.51968503937008 8.78740157480315 nature.

191.6220472440945 424.62992125984255 30.04724409448819 15.307086614173228 Il
206.64566929133858 424.62992125984255 54.99212598425197 15.307086614173228 possède
246.61417322834646 424.62992125984255 39.968503937007874 15.307086614173228 dans
271.84251968503935 424.62992125984255 34.86614173228347 15.307086614173228 son
291.68503937007875 424.62992125984255 54.99212598425197 15.307086614173228 cabinet
331.65354330708664 424.62992125984255 34.86614173228347 15.307086614173228 une
351.7795275590551 424.62992125984255 70.01574803149606 15.307086614173228 collection
406.7716535433071 424.62992125984255 39.968503937007874 15.307086614173228 très
431.7165354330709 424.62992125984255 79.93700787401575 15.307086614173228 considérable
491.5275590551181 424.62992125984255 20.125984251968504 15.307086614173228 de

178.58267716535434 435.9685039370079 54.70866141732284 15.307086614173228 lettres
218.5511811023622 435.9685039370079 74.55118110236221 15.307086614173228 autographes
278.0787401574803 435.9685039370079 29.763779527559056 15.307086614173228 de
293.1023622047244 435.9685039370079 69.44881889763779 15.307086614173228 célébrités
347.81102362204723 435.9685039370079 69.44881889763779 15.307086614173228 françaises
402.23622047244095 435.9685039370079 29.763779527559056 15.307086614173228 et
417.25984251968504 435.9685039370079 69.44881889763779 15.307086614173228 étrangères
471.9685039370079 435.9685039370079 29.763779527559056 15.307086614173228 en
481.8897637795276 435.9685039370079 29.763779527559056 15.307086614173228 tout

178.86614173228347 447.3070866141732 48.188976377952756 13.32283464566929 genre,
212.5984251968504 447.3070866141732 57.826771653543304 13.32283464566929 classées
255.96850393700788 447.3070866141732 43.37007874015748 13.32283464566929 comme
284.88188976377955 447.3070866141732 28.913385826771652 13.32283464566929 il
294.5196850393701 447.3070866141732 33.732283464566926 13.32283464566929 suit:

190.48818897637796 462.61417322834643 40.53543307086614 15.874015748031496 Rois
216.0 462.61417322834643 30.614173228346456 15.874015748031496 et
231.0236220472441 462.61417322834643 50.74015748031496 15.874015748031496 reines
266.74015748031496 462.61417322834643 30.614173228346456 15.874015748031496 de
282.0472440944882 462.61417322834643 55.84251968503937 15.874015748031496 France;
322.5826771653543 462.61417322834643 25.511811023622048 15.874015748031496 —
332.78740157480314 462.61417322834643 71.14960629921259 15.874015748031496 souverains
388.62992125984255 462.61417322834643 71.14960629921259 15.874015748031496 étrangers;
444.4724409448819 462.61417322834643 25.511811023622048 15.874015748031496 —
449.5748031496063 462.61417322834643 60.94488188976378 15.874015748031496 écrivains;

177.4488188976378 471.68503937007875 26.929133858267715 17.007874015748033 —
188.2204724409449 471.68503937007875 64.62992125984252 17.007874015748033 Académie
236.69291338582678 471.68503937007875 75.4015748031496 17.007874015748033 française;
295.93700787401576 471.68503937007875 26.929133858267715 17.007874015748033 —
306.70866141732284 471.68503937007875 64.62992125984252 17.007874015748033 clergé;.
354.8976377952756 471.68503937007875 26.929133858267715 17.007874015748033 —
365.6692913385827 471.68503937007875 53.85826771653543 17.007874015748033 hommes
403.37007874015745 471.68503937007875 59.24409448818898 17.007874015748033 d’État;
446.45669291338584 471.68503937007875 26.929133858267715 17.007874015748033 —
451.84251968503935 471.68503937007875 59.24409448818898 17.007874015748033 maréchaux

177.4488188976378 485.29133858267716 31.748031496062993 15.307086614173228 de
193.3228346456693 485.29133858267716 58.110236220472444 15.307086614173228 France;
235.84251968503938 485.29133858267716 26.362204724409448 15.307086614173228 —
246.33070866141733 485.29133858267716 63.496062992125985 15.307086614173228 savants;
293.9527559055118 485.29133858267716 26.362204724409448 15.307086614173228 —
304.4409448818898 485.29133858267716 63.496062992125985 15.307086614173228 peintres
352.06299212598424 485.29133858267716 26.362204724409448 15.307086614173228 ;
362.5511811023622 485.29133858267716 26.362204724409448 15.307086614173228 —
373.3228346456693 485.29133858267716 79.37007874015748 15.307086614173228 sculpteurs;
436.81889763779526 485.29133858267716 26.362204724409448 15.307086614173228 —
447.3070866141732 485.29133858267716 68.88188976377953 15.307086614173228 graveurs;
494.92913385826773 485.29133858267716 15.874015748031496 15.307086614173228 —

177.4488188976378 496.62992125984255 83.33858267716535 14.740157480314961 architectes;
244.91338582677164 496.62992125984255 26.078740157480315 14.740157480314961 —
255.4015748031496 496.62992125984255 83.33858267716535 14.740157480314961 compositeurs
322.86614173228344 496.62992125984255 31.181102362204726 14.740157480314961 de
338.45669291338584 496.62992125984255 62.36220472440945 14.740157480314961 musique;
385.51181102362204 496.62992125984255 26.078740157480315 14.740157480314961 —
395.7165354330709 496.62992125984255 62.36220472440945 14.740157480314961 acteurs;
442.48818897637796 496.62992125984255 26.078740157480315 14.740157480314961 —
447.87401574803147 496.62992125984255 62.36220472440945 14.740157480314961 révolution

177.16535433070865 507.9685039370079 73.98425196850394 14.740157480314961 française;
235.55905511811022 507.9685039370079 26.362204724409448 14.740157480314961 —
246.04724409448818 507.9685039370079 68.88188976377953 14.740157480314961 documents
299.0551181102362 507.9685039370079 84.75590551181102 14.740157480314961 historiques;
367.93700787401576 507.9685039370079 26.362204724409448 14.740157480314961 —
378.4251968503937 507.9685039370079 63.496062992125985 14.740157480314961 chartes;
426.0472440944882 507.9685039370079 26.362204724409448 14.740157480314961 —
436.81889763779526 507.9685039370079 68.88188976377953 14.740157480314961 documents
484.4409448818898 507.9685039370079 26.362204724409448 14.740157480314961 sur

177.4488188976378 519.0236220472441 33.732283464566926 14.173228346456693 les
196.7244094488189 519.0236220472441 62.92913385826772 14.173228346456693 provinces
245.1968503937008 519.0236220472441 28.913385826771652 14.173228346456693 de
259.65354330708664 519.0236220472441 48.188976377952756 14.173228346456693 France
293.38582677165357 519.0236220472441 28.913385826771652 14.173228346456693 et
307.84251968503935 519.0236220472441 33.732283464566926 14.173228346456693 les
327.11811023622045 519.0236220472441 57.826771653543304 14.173228346456693 familles
370.7716535433071 519.0236220472441 53.00787401574803 14.173228346456693 nobles,
404.503937007874 519.0236220472441 28.913385826771652 14.173228346456693 etc.

189.35433070866142 532.3464566929134 47.90551181102362 17.007874015748033 Chaque
222.8031496062992 532.3464566929134 43.08661417322835 17.007874015748033 mois,
251.71653543307087 532.3464566929134 28.62992125984252 17.007874015748033 M.
266.1732283464567 532.3464566929134 52.724409448818896 17.007874015748033 Étienne
304.4409448818898 532.3464566929134 57.54330708661417 17.007874015748033 Charavay
347.5275590551181 532.3464566929134 47.90551181102362 17.007874015748033 publie
380.9763779527559 532.3464566929134 28.62992125984252 17.007874015748033 un
395.43307086614175 532.3464566929134 72.0 17.007874015748033 Bulletin
448.15748031496065 532.3464566929134 62.36220472440945 17.007874015748033 d’auto

177.4488188976378 545.6692913385826 62.07874015748032 16.15748031496063 graphes
226.20472440944883 545.6692913385826 22.11023622047244 16.15748031496063 à
235.2755905511811 545.6692913385826 35.43307086614173 16.15748031496063 prix
257.38582677165357 545.6692913385826 70.86614173228347 16.15748031496063 marqués,
314.92913385826773 545.6692913385826 30.89763779527559 16.15748031496063 qui
332.78740157480314 545.6692913385826 30.89763779527559 16.15748031496063 est
350.3622047244094 545.6692913385826 44.22047244094488 16.15748031496063 envoyé
381.54330708661416 545.6692913385826 70.86614173228347 16.15748031496063 gratuitement
439.0866141732283 545.6692913385826 22.11023622047244 16.15748031496063 à
447.87401574803147 545.6692913385826 35.43307086614173 16.15748031496063 tous
469.98425196850394 545.6692913385826 35.43307086614173 16.15748031496063 ceux
487.84251968503935 545.6692913385826 22.11023622047244 16.15748031496063 qui

177.16535433070865 557.007874015748 29.19685039370079 14.456692913385826 en
191.6220472440945 557.007874015748 38.83464566929134 14.456692913385826 font
216.0 557.007874015748 29.19685039370079 14.456692913385826 la
230.45669291338584 557.007874015748 58.110236220472444 14.456692913385826 demande.
274.1102362204724 557.007874015748 29.19685039370079 14.456692913385826 Ce
288.56692913385825 557.007874015748 58.110236220472444 14.456692913385826 bulletin
332.2204724409449 557.007874015748 48.47244094488189 14.456692913385826 paraît
366.23622047244095 557.007874015748 48.47244094488189 14.456692913385826 depuis
395.1496062992126 557.007874015748 34.01574803149607 14.456692913385826 1846.

189.92125984251967 572.0314960629921 86.74015748031496 13.88976377952756 L’authenticité
262.20472440944883 572.0314960629921 33.732283464566926 13.88976377952756 des
281.4803149606299 572.0314960629921 72.28346456692914 13.88976377952756 autographes
339.59055118110234 572.0314960629921 33.732283464566926 13.88976377952756 est
354.0472440944882 572.0314960629921 53.00787401574803 13.88976377952756 garantie.

188.78740157480314 585.6377952755905 31.46456692913386 17.5748031496063 M.
204.66141732283464 585.6377952755905 57.826771653543304 17.5748031496063 Étienne
246.61417322834646 585.6377952755905 62.92913385826772 17.5748031496063 Charavay
293.9527559055118 585.6377952755905 57.826771653543304 17.5748031496063 procède
335.90551181102364 585.6377952755905 68.31496062992126 17.5748031496063 également
388.62992125984255 585.6377952755905 36.8503937007874 17.5748031496063 par
409.6062992125984 585.6377952755905 41.95275590551181 17.5748031496063 voie
435.9685039370079 585.6377952755905 73.41732283464567 17.5748031496063 d’échange.
488.40944881889766 585.6377952755905 20.976377952755904 17.5748031496063 Il

176.5984251968504 598.3937007874016 39.68503937007874 15.023622047244094 prie
201.54330708661416 598.3937007874016 34.86614173228347 15.023622047244094 MM.
221.38582677165354 598.3937007874016 34.86614173228347 15.023622047244094 les
241.22834645669292 598.3937007874016 59.52755905511811 15.023622047244094 Amateurs
286.01574803149606 598.3937007874016 29.763779527559056 15.023622047244094 de
300.755905511811 598.3937007874016 34.86614173228347 15.023622047244094 lui
320.59842519685037 598.3937007874016 74.55118110236221 15.023622047244094 transmettre
380.40944881889766 598.3937007874016 29.763779527559056 15.023622047244094 la
395.1496062992126 598.3937007874016 44.78740157480315 15.023622047244094 liste
424.9133858267717 598.3937007874016 29.763779527559056 15.023622047244094 de
439.93700787401576 598.3937007874016 44.78740157480315 15.023622047244094 leurs
464.59842519685037 598.3937007874016 44.78740157480315 15.023622047244094 doubles

176.88188976377953 609.4488188976378 26.929133858267715 15.590551181102363 et
190.48818897637796 609.4488188976378 40.25196850393701 15.590551181102363 celle
217.13385826771653 609.4488188976378 26.929133858267715 15.590551181102363 de
230.74015748031496 609.4488188976378 40.25196850393701 15.590551181102363 leurs
257.6692913385827 609.4488188976378 67.18110236220473 15.590551181102363 desiderata:
311.244094488189 609.4488188976378 26.929133858267715 15.590551181102363 il
324.8503937007874 609.4488188976378 62.645669291338585 15.590551181102363 s’occupera
374.1732283464567 609.4488188976378 53.85826771653543 15.590551181102363 aussitôt
414.4251968503937 609.4488188976378 26.929133858267715 15.590551181102363 de
427.748031496063 609.4488188976378 31.46456692913386 15.590551181102363 les
441.3543307086614 609.4488188976378 58.110236220472444 15.590551181102363 satisfaire.

188.2204724409449 624.7559055118111 31.181102362204726 15.874015748031496 Il
203.81102362204723 624.7559055118111 62.07874015748032 15.874015748031496 prévient
250.29921259842519 624.7559055118111 36.28346456692913 15.874015748031496 MM.
270.99212598425197 624.7559055118111 36.28346456692913 15.874015748031496 les
291.68503937007875 624.7559055118111 62.07874015748032 15.874015748031496 Amateurs
338.1732283464567 624.7559055118111 46.488188976377955 15.874015748031496 qu’il
369.3543307086614 624.7559055118111 36.28346456692913 15.874015748031496 met
390.0472440944882 624.7559055118111 25.79527559055118 15.874015748031496 à
400.251968503937 624.7559055118111 41.38582677165354 15.874015748031496 leur
426.3307086614173 624.7559055118111 77.66929133858268 15.874015748031496 disposition
483.3070866141732 624.7559055118111 25.79527559055118 15.874015748031496 des

176.88188976377953 635.8110236220473 65.48031496062993 15.874015748031496 Cartons
228.18897637795277 635.8110236220473 79.37007874015748 15.874015748031496 d’autographes
293.6692913385827 635.8110236220473 23.244094488188978 15.874015748031496 à
303.0236220472441 635.8110236220473 37.41732283464567 15.874015748031496 prix
326.26771653543307 635.8110236220473 51.30708661417323 15.874015748031496 marqués
363.68503937007875 635.8110236220473 28.062992125984252 15.874015748031496 de
377.5748031496063 635.8110236220473 28.062992125984252 15.874015748031496 50
391.748031496063 635.8110236220473 56.125984251968504 15.874015748031496 centimes
433.7007874015748 635.8110236220473 23.244094488188978 15.874015748031496 à
443.0551181102362 635.8110236220473 23.244094488188978 15.874015748031496 3
447.87401574803147 635.8110236220473 60.661417322834644 15.874015748031496 francs,

176.03149606299212 647.4330708661417 37.98425196850393 16.15748031496063 dans
199.84251968503938 647.4330708661417 56.976377952755904 16.15748031496063 lesquels
242.36220472440945 647.4330708661417 33.16535433070866 16.15748031496063 ils
261.3543307086614 647.4330708661417 56.976377952755904 16.15748031496063 pourront
304.15748031496065 647.4330708661417 42.803149606299215 16.15748031496063 venir
332.503937007874 647.4330708661417 42.803149606299215 16.15748031496063 faire
361.13385826771656 647.4330708661417 33.16535433070866 16.15748031496063 des
379.84251968503935 647.4330708661417 66.33070866141732 16.15748031496063 recherches
432.0 647.4330708661417 37.98425196850393 16.15748031496063 tous
455.81102362204723 647.4330708661417 33.16535433070866 16.15748031496063 les
469.98425196850394 647.4330708661417 37.98425196850393 16.15748031496063 jours,

175.748031496063 658.2047244094488 47.338582677165356 15.874015748031496 rue
208.91338582677164 658.2047244094488 28.346456692913385 15.874015748031496 de
223.37007874015748 658.2047244094488 75.96850393700787 15.874015748031496 Furstenberg,
284.88188976377955 658.2047244094488 47.338582677165356 15.874015748031496 3,
318.0472440944882 658.2047244094488 28.346456692913385 15.874015748031496 de
332.503937007874 658.2047244094488 37.98425196850393 15.874015748031496 neuf
356.0314960629921 658.2047244094488 47.338582677165356 15.874015748031496 heures
389.4803149606299 658.2047244094488 28.346456692913385 15.874015748031496 du
403.65354330708664 658.2047244094488 42.803149606299215 15.874015748031496 matin
432.0 658.2047244094488 23.811023622047244 15.874015748031496 à
441.6377952755906 658.2047244094488 33.16535433070866 15.874015748031496 six
460.62992125984255 658.2047244094488 47.338582677165356 15.874015748031496 heures
488.9763779527559 658.2047244094488 18.992125984251967 15.874015748031496 du

171.7795275590551 669.8267716535433 30.614173228346456 8.503937007874017 soir.

229.03937007874015 694.488188976378 39.118110236220474 10.771653543307087 Paris.
256.53543307086613 694.488188976378 19.559055118110237 10.771653543307087 —
264.18897637795277 694.488188976378 54.70866141732284 10.771653543307087 Imprimerie
307.2755905511811 694.488188976378 23.52755905511811 10.771653543307087 L.
318.8976377952756 694.488188976378 54.70866141732284 10.771653543307087 MARETHEUX,
361.98425196850394 694.488188976378 23.52755905511811 10.771653543307087 1,
373.6062992125984 694.488188976378 27.212598425196852 10.771653543307087 rue
389.1968503937008 694.488188976378 50.74015748031496 10.771653543307087 Cassette.
428.31496062992125 694.488188976378 19.559055118110237 10.771653543307087 —
432.2834645669291 694.488188976378 27.212598425196852 10.771653543307087 7776.
