534.8976377952756 851.5275590551181
285.1653543307087 130.11023622047244 32.881889763779526 7.086614173228346 —
298.20472440944883 130.11023622047244 39.40157480314961 7.086614173228346 16
311.5275590551181 130.11023622047244 19.84251968503937 7.086614173228346 —

134.9291338582677 149.66929133858267 42.51968503937008 16.724409448818896 84.
159.0236220472441 149.66929133858267 72.85039370078741 16.724409448818896 MURATORI
213.73228346456693 149.66929133858267 139.748031496063 16.724409448818896 (Lodovico-Antonio),
335.33858267716533 149.66929133858267 36.56692913385827 16.724409448818896 le
353.4803149606299 149.66929133858267 54.70866141732284 16.724409448818896 grand
390.0472440944882 149.66929133858267 60.661417322834644 16.724409448818896 érudit
426.61417322834643 149.66929133858267 60.661417322834644 16.724409448818896 italien,

162.14173228346456 165.25984251968504 36.0 12.188976377952756 n.
180.0 165.25984251968504 54.14173228346457 12.188976377952756 1672,
216.28346456692913 165.25984251968504 36.0 12.188976377952756 m.
228.18897637795277 165.25984251968504 42.23622047244095 12.188976377952756 1750.

173.1968503937008 185.95275590551182 32.31496062992126 14.173228346456693 L.
189.35433070866142 185.95275590551182 32.31496062992126 14.173228346456693 a.
205.51181102362204 185.95275590551182 32.31496062992126 14.173228346456693 s.
221.66929133858267 185.95275590551182 32.31496062992126 14.173228346456693 (à
238.11023622047244 185.95275590551182 64.91338582677166 14.173228346456693 Girolamo
286.5826771653543 185.95275590551182 86.45669291338582 14.173228346456693 Tartarotti);
356.88188976377955 185.95275590551182 59.52755905511811 14.173228346456693 Modène,
399.9685039370079 185.95275590551182 26.929133858267715 14.173228346456693 2
410.74015748031496 185.95275590551182 59.52755905511811 14.173228346456693 octobre
448.7244094488189 185.95275590551182 37.7007874015748 14.173228346456693 1732,

162.4251968503937 197.5748031496063 22.96062992125984 11.05511811023622 4
171.49606299212599 197.5748031496063 27.496062992125985 11.05511811023622 p.
180.8503937007874 197.5748031496063 32.031496062992126 11.05511811023622 in

169.22834645669292 216.28346456692913 61.511811023622045 11.905511811023622 Importante
217.70078740157481 216.28346456692913 43.93700787401575 11.905511811023622 lettre
248.5984251968504 216.28346456692913 26.362204724409448 11.905511811023622 où
261.9212598425197 216.28346456692913 26.362204724409448 11.905511811023622 il
274.96062992125985 216.28346456692913 26.362204724409448 11.905511811023622 le
288.2834645669291 216.28346456692913 52.724409448818896 11.905511811023622 félicite
327.9685039370079 216.28346456692913 26.362204724409448 11.905511811023622 de
341.00787401574803 216.28346456692913 30.89763779527559 11.905511811023622 son
358.5826771653543 216.28346456692913 48.47244094488189 11.905511811023622 dessein
394.01574803149606 216.28346456692913 26.362204724409448 11.905511811023622 de
407.0551181102362 216.28346456692913 48.47244094488189 11.905511811023622 traiter
442.48818897637796 216.28346456692913 26.362204724409448 11.905511811023622 de
451.2755905511811 216.28346456692913 35.1496062992126 11.905511811023622 l’ori-

158.45669291338584 226.20472440944883 36.8503937007874 12.755905511811024 gine
181.41732283464566 226.20472440944883 27.77952755905512 12.755905511811024 et
195.30708661417322 226.20472440944883 27.77952755905512 12.755905511811024 de
209.1968503937008 226.20472440944883 60.09448818897638 12.755905511811024 l’essence
255.11811023622047 226.20472440944883 27.77952755905512 12.755905511811024 de
269.00787401574803 226.20472440944883 46.20472440944882 12.755905511811024 l'âme.
301.3228346456693 226.20472440944883 50.74015748031496 12.755905511811024 Longues
338.1732283464567 226.20472440944883 27.77952755905512 12.755905511811024 et
352.06299212598424 226.20472440944883 78.51968503937007 12.755905511811024 intéressantes
412.15748031496065 226.20472440944883 73.7007874015748 12.755905511811024 considérations

158.74015748031496 236.69291338582678 21.543307086614174 10.488188976377952 à
167.24409448818898 236.69291338582678 26.078740157480315 10.488188976377952 ce
176.03149606299212 236.69291338582678 34.58267716535433 10.488188976377952 sujet.

133.79527559055117 256.53543307086613 42.23622047244095 16.440944881889763 85.
157.88976377952756 256.53543307086613 60.661417322834644 16.440944881889763 MUSSET
200.40944881889763 256.53543307086613 66.61417322834646 16.440944881889763 (Alfred
248.5984251968504 256.53543307086613 48.47244094488189 16.440944881889763 de),
278.92913385826773 256.53543307086613 36.28346456692913 16.440944881889763 le
297.07086614173227 256.53543307086613 54.425196850393704 16.440944881889763 grand
333.3543307086614 256.53543307086613 60.661417322834644 16.440944881889763 poète,
375.87401574803147 256.53543307086613 36.28346456692913 16.440944881889763 n.
394.01574803149606 256.53543307086613 54.425196850393704 16.440944881889763 1810,
430.2992125984252 256.53543307086613 36.28346456692913 16.440944881889763 m.
442.48818897637796 256.53543307086613 42.23622047244095 16.440944881889763 1857.

174.33070866141733 278.6456692913386 26.64566929133858 13.039370078740157 L.
187.6535433070866 278.6456692913386 26.64566929133858 13.039370078740157 a.
200.9763779527559 278.6456692913386 26.64566929133858 13.039370078740157 s.
214.29921259842519 278.6456692913386 22.11023622047244 13.039370078740157 à
223.08661417322836 278.6456692913386 26.64566929133858 13.039370078740157 M.
236.40944881889763 278.6456692913386 53.29133858267716 13.039370078740157 Marette;
276.37795275590554 278.6456692913386 26.64566929133858 13.039370078740157 31
289.7007874015748 278.6456692913386 35.43307086614173 13.039370078740157 mars
311.81102362204723 278.6456692913386 39.968503937007874 13.039370078740157 1840,
338.45669291338584 278.6456692913386 30.89763779527559 13.039370078740157 1/2
356.0314960629921 278.6456692913386 26.64566929133858 13.039370078740157 p.
369.3543307086614 278.6456692913386 39.968503937007874 13.039370078740157 in-4.
391.46456692913387 278.6456692913386 62.07874015748032 13.039370078740157 Rare.

168.09448818897638 297.6377952755906 28.062992125984252 12.188976377952756 Il
181.98425196850394 297.6377952755906 28.062992125984252 12.188976377952756 le
195.8740157480315 297.6377952755906 37.13385826771653 12.188976377952756 prie
219.11811023622047 297.6377952755906 28.062992125984252 12.188976377952756 de
233.00787401574803 297.6377952755906 32.59842519685039 12.188976377952756 lui
251.71653543307087 297.6377952755906 41.95275590551181 12.188976377952756 faire
279.7795275590551 297.6377952755906 55.84251968503937 12.188976377952756 remettre
321.4488188976378 297.6377952755906 32.59842519685039 12.188976377952756 ses
340.15748031496065 297.6377952755906 79.08661417322834 12.188976377952756 appointements
405.3543307086614 297.6377952755906 28.062992125984252 12.188976377952756 du
419.244094488189 297.6377952755906 37.13385826771653 12.188976377952756 mois
442.48818897637796 297.6377952755906 28.062992125984252 12.188976377952756 de
451.84251968503935 297.6377952755906 32.59842519685039 12.188976377952756 mars.

131.5275590551181 316.06299212598424 49.32283464566929 18.4251968503937 86.
159.8740157480315 316.06299212598424 84.75590551181102 18.4251968503937 NAPOLÉON
223.37007874015748 316.06299212598424 56.40944881889764 18.4251968503937 Ier,
258.8031496062992 316.06299212598424 84.75590551181102 18.4251968503937 empereur
322.2992125984252 316.06299212598424 49.32283464566929 18.4251968503937 des
350.6456692913386 316.06299212598424 91.84251968503936 18.4251968503937 Français,
421.2283464566929 316.06299212598424 42.51968503937008 18.4251968503937 n.
435.40157480314963 316.06299212598424 49.32283464566929 18.4251968503937 1769,

159.59055118110237 332.78740157480314 38.83464566929134 9.921259842519685 m.
172.62992125984252 332.78740157480314 45.07086614173228 9.921259842519685 1821.

171.7795275590551 353.76377952755905 30.330708661417322 13.88976377952756 P.
187.08661417322836 353.76377952755905 40.25196850393701 13.88976377952756 aut.
212.03149606299212 353.76377952755905 40.25196850393701 13.88976377952756 sig.
237.25984251968504 353.76377952755905 110.83464566929133 13.88976377952756 Buonaparte,
333.07086614173227 353.76377952755905 30.330708661417322 13.88976377952756 en
348.09448818897636 353.76377952755905 60.37795275590551 13.88976377952756 italien;
393.4488188976378 353.76377952755905 30.330708661417322 13.88976377952756 10
408.4724409448819 353.76377952755905 60.37795275590551 13.88976377952756 novembre
449.00787401574803 353.76377952755905 35.1496062992126 13.88976377952756 1792,

161.5748031496063 365.38582677165357 27.77952755905512 11.622047244094489 1/2
177.4488188976378 365.38582677165357 23.811023622047244 11.622047244094489 p.
189.35433070866142 365.38582677165357 31.748031496062993 11.622047244094489 in-4
209.1968503937008 365.38582677165357 43.653543307086615 11.622047244094489 oblong.
240.9448818897638 365.38582677165357 43.653543307086615 11.622047244094489 Très
268.7244094488189 365.38582677165357 43.653543307086615 11.622047244094489 rare.

166.11023622047244 384.09448818897636 42.803149606299215 11.905511811023622 Ordre
194.74015748031496 384.09448818897636 28.62992125984252 11.905511811023622 de
208.91338582677164 384.09448818897636 56.976377952755904 11.905511811023622 paiement
251.71653543307087 384.09448818897636 52.15748031496063 11.905511811023622 adressé
289.7007874015748 384.09448818897636 28.62992125984252 11.905511811023622 au
304.15748031496065 384.09448818897636 61.79527559055118 11.905511811023622 capitaine
346.96062992125985 384.09448818897636 52.15748031496063 11.905511811023622 Pianelli.

130.39370078740157 402.23622047244095 49.32283464566929 18.141732283464567 87.
158.74015748031496 402.23622047244095 84.4724409448819 18.141732283464567 NAPOLÉON
221.95275590551182 402.23622047244095 56.40944881889764 18.141732283464567 III,
257.38582677165357 402.23622047244095 84.4724409448819 18.141732283464567 empereur
320.59842519685037 402.23622047244095 49.32283464566929 18.141732283464567 des
348.9448818897638 402.23622047244095 91.55905511811024 18.141732283464567 Français,
419.244094488189 402.23622047244095 42.23622047244095 18.141732283464567 n.
433.4173228346457 402.23622047244095 49.32283464566929 18.141732283464567 1808,

158.74015748031496 419.244094488189 37.41732283464567 9.921259842519685 m.
171.21259842519686 419.244094488189 43.653543307086615 9.921259842519685 1873.

170.64566929133858 440.503937007874 28.913385826771652 13.606299212598426 L.
185.10236220472441 440.503937007874 28.913385826771652 13.606299212598426 a.
199.55905511811022 440.503937007874 33.732283464566926 13.606299212598426 s.,
218.83464566929135 440.503937007874 28.913385826771652 13.606299212598426 en
233.00787401574803 440.503937007874 62.36220472440945 13.606299212598426 allemand,
281.1968503937008 440.503937007874 24.094488188976378 13.606299212598426 à
290.8346456692913 440.503937007874 33.732283464566926 13.606299212598426 son
310.1102362204724 440.503937007874 72.0 13.606299212598426 précepteur,
367.65354330708664 440.503937007874 28.913385826771652 13.606299212598426 M.
382.1102362204724 440.503937007874 62.36220472440945 13.606299212598426 Spermann;
430.2992125984252 440.503937007874 24.094488188976378 13.606299212598426 1
439.65354330708664 440.503937007874 28.913385826771652 13.606299212598426 p.
449.29133858267716 440.503937007874 33.732283464566926 13.606299212598426 in

165.25984251968504 459.496062992126 56.976377952755904 12.188976377952756 CURIEUSE
208.06299212598427 459.496062992126 47.62204724409449 12.188976377952756 LETTRE
241.22834645669292 459.496062992126 28.62992125984252 12.188976377952756 de
255.68503937007873 459.496062992126 28.62992125984252 12.188976377952756 sa
269.8582677165354 459.496062992126 61.79527559055118 12.188976377952756 jeunesse.
317.1968503937008 459.496062992126 28.62992125984252 12.188976377952756 Il
331.65354330708664 459.496062992126 28.62992125984252 12.188976377952756 le
345.8267716535433 459.496062992126 37.98425196850393 12.188976377952756 prie
369.6377952755906 459.496062992126 28.62992125984252 12.188976377952756 de
383.81102362204723 459.496062992126 28.62992125984252 12.188976377952756 ne
397.98425196850394 459.496062992126 33.16535433070866 12.188976377952756 pas
416.9763779527559 459.496062992126 33.16535433070866 12.188976377952756 lui
435.9685039370079 459.496062992126 47.62204724409449 12.188976377952756 donner
464.59842519685037 459.496062992126 18.992125984251967 12.188976377952756 de

155.0551181102362 469.7007874015748 43.37007874015748 12.188976377952756 leçon
183.96850393700788 469.7007874015748 38.55118110236221 12.188976377952756 pour
208.06299212598427 469.7007874015748 28.913385826771652 12.188976377952756 la
222.51968503937007 469.7007874015748 53.00787401574803 12.188976377952756 journée
261.07086614173227 469.7007874015748 43.37007874015748 12.188976377952756 parce
289.98425196850394 469.7007874015748 43.37007874015748 12.188976377952756 qu’il
318.8976377952756 469.7007874015748 38.55118110236221 12.188976377952756 doit
343.2755905511811 469.7007874015748 57.826771653543304 12.188976377952756 recevoir
386.6456692913386 469.7007874015748 28.913385826771652 12.188976377952756 la
401.1023622047244 469.7007874015748 48.188976377952756 12.188976377952756 visite
434.8346456692913 469.7007874015748 28.913385826771652 12.188976377952756 du
449.29133858267716 469.7007874015748 33.732283464566926 12.188976377952756 roi
463.748031496063 469.7007874015748 19.275590551181104 12.188976377952756 de

155.0551181102362 477.9212598425197 65.48031496062993 13.88976377952756 Wurtemberg.
207.49606299212599 477.9212598425197 26.362204724409448 13.88976377952756 Il
220.53543307086613 477.9212598425197 39.40157480314961 13.88976377952756 finit
246.89763779527559 477.9212598425197 26.362204724409448 13.88976377952756 sa
259.93700787401576 477.9212598425197 43.653543307086615 13.88976377952756 lettre
290.5511811023622 477.9212598425197 30.614173228346456 13.88976377952756 par
308.12598425196853 477.9212598425197 30.614173228346456 13.88976377952756 des
325.4173228346457 477.9212598425197 74.26771653543307 13.88976377952756 plaisanteries
386.6456692913386 477.9212598425197 30.614173228346456 13.88976377952756 sur
404.2204724409449 477.9212598425197 52.44094488188976 13.88976377952756 l'amour.
443.62204724409446 477.9212598425197 39.40157480314961 13.88976377952756 «Bist
465.4488188976378 477.9212598425197 17.5748031496063 13.88976377952756 du

154.20472440944883 489.8267716535433 34.2992125984252 12.472440944881889 und
173.76377952755905 489.8267716535433 49.039370078740156 12.472440944881889 warum?
208.06299212598427 489.8267716535433 24.661417322834644 12.472440944881889 O
217.98425196850394 489.8267716535433 44.22047244094488 12.472440944881889 Zeit!
247.46456692913387 489.8267716535433 24.661417322834644 12.472440944881889 O
257.38582677165357 489.8267716535433 54.14173228346457 12.472440944881889 Sitten!
296.503937007874 489.8267716535433 34.2992125984252 12.472440944881889 Ich
316.34645669291336 489.8267716535433 34.2992125984252 12.472440944881889 bin
335.90551181102364 489.8267716535433 34.2992125984252 12.472440944881889 ein
355.46456692913387 489.8267716535433 78.51968503937007 12.472440944881889 Narr.»(Es-tu
419.5275590551181 489.8267716535433 29.480314960629922 12.472440944881889 et
429.1653543307087 489.8267716535433 54.14173228346457 12.472440944881889 pourquoi?

153.92125984251967 500.0314960629921 24.944881889763778 11.05511811023622 ô
164.1259842519685 500.0314960629921 49.60629921259842 11.05511811023622 temps,
198.70866141732284 500.0314960629921 24.944881889763778 11.05511811023622 ô
208.62992125984252 500.0314960629921 49.60629921259842 11.05511811023622 mœurs!
243.49606299212599 500.0314960629921 29.763779527559056 11.05511811023622 je
258.5196850393701 500.0314960629921 39.68503937007874 11.05511811023622 suis
283.18110236220474 500.0314960629921 29.763779527559056 11.05511811023622 un
293.1023622047244 500.0314960629921 34.86614173228347 11.05511811023622 fou.»

129.25984251968504 517.8897637795276 45.63779527559055 18.708661417322833 88.
155.33858267716536 517.8897637795276 78.51968503937007 18.708661417322833 NAPOLÉON
214.29921259842519 517.8897637795276 202.6771653543307 18.708661417322833 (Eugène-Louis-Jean-Joseph),
397.13385826771656 517.8897637795276 65.48031496062993 18.708661417322833 prince
436.53543307086613 517.8897637795276 45.63779527559055 18.708661417322833 impé-

157.03937007874015 534.6141732283464 51.59055118110236 15.307086614173228 rial,
191.33858267716536 534.6141732283464 45.63779527559055 15.307086614173228 fils
219.96850393700788 534.6141732283464 57.25984251968504 15.307086614173228 unique
259.93700787401576 534.6141732283464 34.2992125984252 15.307086614173228 de
276.9448818897638 534.6141732283464 68.5984251968504 15.307086614173228 Napoléon
328.53543307086613 534.6141732283464 45.63779527559055 15.307086614173228 III,
357.1653543307087 534.6141732283464 34.2992125984252 15.307086614173228 n.
374.1732283464567 534.6141732283464 51.59055118110236 15.307086614173228 1856,
408.4724409448819 534.6141732283464 34.2992125984252 15.307086614173228 m.
420.09448818897636 534.6141732283464 39.968503937007874 15.307086614173228 1879.

168.66141732283464 556.1574803149606 29.480314960629922 13.32283464566929 L.
183.4015748031496 556.1574803149606 29.480314960629922 13.32283464566929 a.
197.85826771653544 556.1574803149606 29.480314960629922 13.32283464566929 s.
212.5984251968504 556.1574803149606 24.37795275590551 13.32283464566929 à
222.51968503937007 556.1574803149606 29.480314960629922 13.32283464566929 M.
236.9763779527559 556.1574803149606 29.480314960629922 13.32283464566929 de
251.71653543307087 556.1574803149606 63.496062992125985 13.32283464566929 Persigny;
300.755905511811 556.1574803149606 78.23622047244095 13.32283464566929 Chislehurst,
364.251968503937 556.1574803149606 29.480314960629922 13.32283464566929 20
378.99212598425197 556.1574803149606 53.85826771653543 13.32283464566929 octobre
418.1102362204724 556.1574803149606 43.93700787401575 13.32283464566929 1875,
447.3070866141732 556.1574803149606 34.2992125984252 13.32283464566929 3/4
462.0472440944882 556.1574803149606 19.559055118110237 13.32283464566929 de

158.45669291338584 567.2125984251968 20.976377952755904 11.905511811023622 p.
168.9448818897638 567.2125984251968 31.46456692913386 11.905511811023622 in-8.
189.63779527559055 567.2125984251968 38.267716535433074 11.905511811023622 Très
214.29921259842519 567.2125984251968 38.267716535433074 11.905511811023622 rare.

163.2755905511811 586.488188976378 39.68503937007874 12.755905511811024 Jolie
189.92125984251967 586.488188976378 43.93700787401575 12.755905511811024 lettre
220.8188976377953 586.488188976378 26.362204724409448 12.755905511811024 où
233.85826771653544 586.488188976378 26.362204724409448 12.755905511811024 il
247.1811023622047 586.488188976378 26.362204724409448 12.755905511811024 le
260.503937007874 586.488188976378 53.00787401574803 12.755905511811024 félicite
299.90551181102364 586.488188976378 26.362204724409448 12.755905511811024 de
313.2283464566929 586.488188976378 30.89763779527559 12.755905511811024 son
330.8031496062992 586.488188976378 57.25984251968504 12.755905511811024 admission
375.0236220472441 586.488188976378 22.11023622047244 12.755905511811024 à
383.81102362204723 586.488188976378 48.47244094488189 12.755905511811024 l’Ecole
418.96062992125985 586.488188976378 26.362204724409448 12.755905511811024 de
427.748031496063 586.488188976378 53.00787401574803 12.755905511811024 Saint

127.55905511811024 606.8976377952756 48.47244094488189 16.440944881889763 89.
155.0551181102362 606.8976377952756 76.25196850393701 16.440944881889763 MUNNICH
210.61417322834646 606.8976377952756 180.0 16.440944881889763 (Burchardt-Christophe,
369.6377952755906 606.8976377952756 76.25196850393701 16.440944881889763 comte),
418.1102362204724 606.8976377952756 62.36220472440945 16.440944881889763 célèbre

155.33858267716536 621.3543307086615 66.89763779527559 15.023622047244094 général
203.81102362204723 621.3543307086615 36.56692913385827 15.023622047244094 et
221.95275590551182 621.3543307086615 54.70866141732284 15.023622047244094 homme
258.5196850393701 621.3543307086615 60.661417322834644 15.023622047244094 d’Etat
301.03937007874015 621.3543307086615 60.661417322834644 15.023622047244094 russe,
343.5590551181102 621.3543307086615 36.56692913385827 15.023622047244094 n.
361.7007874015748 621.3543307086615 54.70866141732284 15.023622047244094 1683,
398.26771653543307 621.3543307086615 36.56692913385827 15.023622047244094 m.
410.45669291338584 621.3543307086615 42.51968503937008 15.023622047244094 1767.

166.6771653543307 641.4803149606299 33.16535433070866 13.32283464566929 L.
183.11811023622047 641.4803149606299 38.55118110236221 13.32283464566929 s.,
205.22834645669292 641.4803149606299 43.93700787401575 13.32283464566929 avec
232.7244094488189 641.4803149606299 33.16535433070866 13.32283464566929 la
249.16535433070865 641.4803149606299 88.15748031496064 13.32283464566929 souscription
320.88188976377955 641.4803149606299 49.60629921259842 13.32283464566929 aut.,
353.76377952755905 641.4803149606299 33.16535433070866 13.32283464566929 au
370.20472440944883 641.4803149606299 71.71653543307086 13.32283464566929 landgrave
425.4803149606299 641.4803149606299 33.16535433070866 13.32283464566929 de
436.53543307086613 641.4803149606299 43.93700787401575 13.32283464566929 Hesse-

156.75590551181102 652.5354330708661 60.09448818897638 13.606299212598426 Hombourg;
202.96062992125985 652.5354330708661 101.76377952755905 13.606299212598426 Saint-Pétersbourg,
290.8346456692913 652.5354330708661 23.244094488188978 13.606299212598426 7
300.18897637795277 652.5354330708661 37.13385826771653 13.606299212598426 mars
323.43307086614175 652.5354330708661 41.669291338582674 13.606299212598426 1741,
351.21259842519686 652.5354330708661 23.244094488188978 13.606299212598426 3
360.56692913385825 652.5354330708661 27.77952755905512 13.606299212598426 p.
374.45669291338584 652.5354330708661 41.669291338582674 13.606299212598426 in-4.
397.4173228346457 652.5354330708661 64.91338582677166 13.606299212598426 Rare.

162.4251968503937 670.3937007874016 36.8503937007874 10.204724409448819 Très
185.38582677165354 670.3937007874016 41.669291338582674 10.204724409448819 belle
213.16535433070865 670.3937007874016 46.20472440944882 10.204724409448819 lettre
245.48031496062993 670.3937007874016 27.77952755905512 10.204724409448819 où
259.37007874015745 670.3937007874016 27.77952755905512 10.204724409448819 il
273.25984251968504 670.3937007874016 55.275590551181104 10.204724409448819 l’assure
314.6456692913386 670.3937007874016 27.77952755905512 10.204724409448819 de
328.53543307086613 670.3937007874016 32.31496062992126 10.204724409448819 son
346.96062992125985 670.3937007874016 64.62992125984252 10.204724409448819 dévouement
397.7007874015748 670.3937007874016 22.96062992125984 10.204724409448819 à
407.0551181102362 670.3937007874016 27.77952755905512 10.204724409448819 sa
416.12598425196853 670.3937007874016 41.669291338582674 10.204724409448819 maison.
