<alto xmlns:xsi="http://www.w3.org/2001/XMLSchema-instance" xmlns="http://www.loc.gov/standards/alto/ns-v2#" xmlns:page="http://schema.primaresearch.org/PAGE/gts/pagecontent/2013-07-15" xsi:schemaLocation="http://www.loc.gov/standards/alto/ns-v2# http://www.loc.gov/standards/alto/alto.xsd">
  <Description>
    <MeasurementUnit>pixel</MeasurementUnit>
    <sourceImageInformation>
         <fileName>1896_05_30_ETI-23.xml</fileName>
      </sourceImageInformation>
    <OCRProcessing ID="IdOcr">
      <ocrProcessingStep>
        <processingDateTime>2020-05-13T10:39:51.179+02:00</processingDateTime>
        <processingSoftware>
               <softwareCreator>CONTRIBUTORS</softwareCreator>
               <softwareName>pdfalto</softwareName>
               <softwareVersion>0.1</softwareVersion>
            </processingSoftware>
      </ocrProcessingStep>
    </OCRProcessing>
  </Description>
  <Styles>
     <TextStyle ID="FONT0" FONTFAMILY="unknown" FONTSIZE="unknown" FONTTYPE="unknown" FONTWIDTH="unknown" FONTCOLOR="unknown" FONTSTYLE=""/>
     <TextStyle ID="FONT1" FONTFAMILY="unknown" FONTSIZE="unknown" FONTTYPE="unknown" FONTWIDTH="unknown" FONTCOLOR="unknown" FONTSTYLE="bold"/>
     <TextStyle ID="FONT2" FONTFAMILY="unknown" FONTSIZE="unknown" FONTTYPE="unknown" FONTWIDTH="unknown" FONTCOLOR="unknown" FONTSTYLE="italics"/>
</Styles>
  <Tags/>
  <Layout>
    <Page ID="Page1" PHYSICAL_IMG_NR="1" HEIGHT="891.7795275590552" WIDTH="617.6692913385826">
      <PrintSpace HEIGHT="811.5590551181102" WIDTH="549.9212598425197" VPOS="24.37795275590551" HPOS="23.52755905511811">
        <TextBlock ID="r_1_1" HEIGHT="11.338582677165354" WIDTH="43.653543307086615" VPOS="126.14173228346456" HPOS="236.40944881889763">
          <TextLine ID="line_1552857662874_515" BASELINE="485" HEIGHT="10.771653543307087" WIDTH="42.23622047244095" VPOS="126.70866141732283" HPOS="236.40944881889763">
            <String HEIGHT="10.771653543307087" WIDTH="35.1496062992126" VPOS="126.70866141732283" HPOS="229.3228346456693" CONTENT="—" ID="line_1552857662874_515_1" STYLEREFS="FONT0"/>
            <SP HEIGHT="10.771653543307087" WIDTH="7.086614173228346" VPOS="126.70866141732283" HPOS="264.4724409448819"/>
            <String HEIGHT="10.771653543307087" WIDTH="42.23622047244095" VPOS="126.70866141732283" HPOS="243.49606299212599" CONTENT="21" ID="line_1552857662874_515_2" STYLEREFS="FONT0"/>
            <SP HEIGHT="10.771653543307087" WIDTH="7.086614173228346" VPOS="126.70866141732283" HPOS="285.73228346456693"/>
            <String HEIGHT="10.771653543307087" WIDTH="21.25984251968504" VPOS="126.70866141732283" HPOS="257.6692913385827" CONTENT="—" ID="line_1552857662874_515_3" STYLEREFS="FONT0"/>
          </TextLine>
        </TextBlock>
        <TextBlock ID="r_3_1" HEIGHT="39.68503937007874" WIDTH="351.7795275590551" VPOS="147.68503937007873" HPOS="82.48818897637796">
          <TextLine ID="tl_2" BASELINE="575" HEIGHT="15.023622047244094" WIDTH="351.21259842519686" VPOS="147.96850393700788" HPOS="82.77165354330708">
            <String HEIGHT="15.023622047244094" WIDTH="54.14173228346457" VPOS="147.96850393700788" HPOS="75.96850393700787" CONTENT="111." ID="tl_2_1" STYLEREFS="FONT0"/>
            <SP HEIGHT="15.023622047244094" WIDTH="6.803149606299213" VPOS="147.96850393700788" HPOS="130.11023622047244"/>
            <String HEIGHT="15.023622047244094" WIDTH="81.07086614173228" VPOS="147.96850393700788" HPOS="109.7007874015748" CONTENT="SCHLEGEL" ID="tl_2_2" STYLEREFS="FONT0"/>
            <SP HEIGHT="15.023622047244094" WIDTH="6.803149606299213" VPOS="147.96850393700788" HPOS="190.77165354330708"/>
            <String HEIGHT="15.023622047244094" WIDTH="121.60629921259843" VPOS="147.96850393700788" HPOS="170.64566929133858" CONTENT="(August-Wilhem" ID="tl_2_3" STYLEREFS="FONT0"/>
            <SP HEIGHT="15.023622047244094" WIDTH="6.803149606299213" VPOS="147.96850393700788" HPOS="292.251968503937"/>
            <String HEIGHT="15.023622047244094" WIDTH="60.661417322834644" VPOS="147.96850393700788" HPOS="271.84251968503935" CONTENT="von)," ID="tl_2_4" STYLEREFS="FONT0"/>
            <SP HEIGHT="15.023622047244094" WIDTH="6.803149606299213" VPOS="147.96850393700788" HPOS="332.78740157480314"/>
            <String HEIGHT="15.023622047244094" WIDTH="60.661417322834644" VPOS="147.96850393700788" HPOS="312.37795275590554" CONTENT="grand" ID="tl_2_5" STYLEREFS="FONT0"/>
            <SP HEIGHT="15.023622047244094" WIDTH="6.803149606299213" VPOS="147.96850393700788" HPOS="373.3228346456693"/>
            <String HEIGHT="15.023622047244094" WIDTH="81.07086614173228" VPOS="147.96850393700788" HPOS="352.9133858267717" CONTENT="critique" ID="tl_2_6" STYLEREFS="FONT0"/>
            <SP HEIGHT="15.023622047244094" WIDTH="6.803149606299213" VPOS="147.96850393700788" HPOS="433.98425196850394"/>
            <String HEIGHT="15.023622047244094" WIDTH="26.929133858267715" VPOS="147.96850393700788" HPOS="407.0551181102362" CONTENT="et" ID="tl_2_7" STYLEREFS="FONT0"/>
          </TextLine>
          <TextLine ID="tl_3" BASELINE="621" HEIGHT="13.88976377952756" WIDTH="318.3307086614173" VPOS="162.14173228346456" HPOS="114.80314960629921">
            <String HEIGHT="13.88976377952756" WIDTH="74.83464566929133" VPOS="162.14173228346456" HPOS="108.56692913385827" CONTENT="écrivain" ID="tl_3_1" STYLEREFS="FONT0"/>
            <SP HEIGHT="13.88976377952756" WIDTH="6.2362204724409445" VPOS="162.14173228346456" HPOS="183.4015748031496"/>
            <String HEIGHT="13.88976377952756" WIDTH="81.07086614173228" VPOS="162.14173228346456" HPOS="164.69291338582678" CONTENT="allemand," ID="tl_3_2" STYLEREFS="FONT0"/>
            <SP HEIGHT="13.88976377952756" WIDTH="6.2362204724409445" VPOS="162.14173228346456" HPOS="245.76377952755905"/>
            <String HEIGHT="13.88976377952756" WIDTH="43.653543307086615" VPOS="162.14173228346456" HPOS="227.0551181102362" CONTENT="ami" ID="tl_3_3" STYLEREFS="FONT0"/>
            <SP HEIGHT="13.88976377952756" WIDTH="6.2362204724409445" VPOS="162.14173228346456" HPOS="270.70866141732284"/>
            <String HEIGHT="13.88976377952756" WIDTH="37.41732283464567" VPOS="162.14173228346456" HPOS="252.0" CONTENT="de" ID="tl_3_4" STYLEREFS="FONT0"/>
            <SP HEIGHT="13.88976377952756" WIDTH="6.2362204724409445" VPOS="162.14173228346456" HPOS="289.7007874015748"/>
            <String HEIGHT="13.88976377952756" WIDTH="62.36220472440945" VPOS="162.14173228346456" HPOS="270.70866141732284" CONTENT="Madame" ID="tl_3_5" STYLEREFS="FONT0"/>
            <SP HEIGHT="13.88976377952756" WIDTH="6.2362204724409445" VPOS="162.14173228346456" HPOS="333.3543307086614"/>
            <String HEIGHT="13.88976377952756" WIDTH="37.41732283464567" VPOS="162.14173228346456" HPOS="314.6456692913386" CONTENT="de" ID="tl_3_6" STYLEREFS="FONT0"/>
            <SP HEIGHT="13.88976377952756" WIDTH="6.2362204724409445" VPOS="162.14173228346456" HPOS="352.06299212598424"/>
            <String HEIGHT="13.88976377952756" WIDTH="62.36220472440945" VPOS="162.14173228346456" HPOS="333.3543307086614" CONTENT="Staël," ID="tl_3_7" STYLEREFS="FONT0"/>
            <SP HEIGHT="13.88976377952756" WIDTH="6.2362204724409445" VPOS="162.14173228346456" HPOS="395.7165354330709"/>
            <String HEIGHT="13.88976377952756" WIDTH="37.41732283464567" VPOS="162.14173228346456" HPOS="377.00787401574803" CONTENT="n." ID="tl_3_8" STYLEREFS="FONT0"/>
            <SP HEIGHT="13.88976377952756" WIDTH="6.2362204724409445" VPOS="162.14173228346456" HPOS="414.4251968503937"/>
            <String HEIGHT="13.88976377952756" WIDTH="43.653543307086615" VPOS="162.14173228346456" HPOS="389.4803149606299" CONTENT="1767," ID="tl_3_9" STYLEREFS="FONT0"/>
          </TextLine>
          <TextLine ID="tl_4" BASELINE="660" HEIGHT="9.637795275590552" WIDTH="50.45669291338583" VPOS="177.4488188976378" HPOS="114.23622047244095">
            <String HEIGHT="9.637795275590552" WIDTH="37.98425196850393" VPOS="177.4488188976378" HPOS="108.0" CONTENT="m." ID="tl_4_1" STYLEREFS="FONT0"/>
            <SP HEIGHT="9.637795275590552" WIDTH="6.2362204724409445" VPOS="177.4488188976378" HPOS="145.70078740157481"/>
            <String HEIGHT="9.637795275590552" WIDTH="44.22047244094488" VPOS="177.4488188976378" HPOS="120.4724409448819" CONTENT="1845." ID="tl_4_2" STYLEREFS="FONT0"/>
          </TextLine>
        </TextBlock>
        <TextBlock ID="r_3_2" HEIGHT="12.755905511811024" WIDTH="309.25984251968504" VPOS="194.74015748031496" HPOS="124.7244094488189">
          <TextLine ID="tl_5" BASELINE="731" HEIGHT="12.188976377952756" WIDTH="308.6929133858268" VPOS="195.0236220472441" HPOS="125.00787401574803">
            <String HEIGHT="12.188976377952756" WIDTH="31.46456692913386" VPOS="195.0236220472441" HPOS="119.90551181102362" CONTENT="L." ID="tl_5_1" STYLEREFS="FONT0"/>
            <SP HEIGHT="12.188976377952756" WIDTH="5.102362204724409" VPOS="195.0236220472441" HPOS="151.08661417322836"/>
            <String HEIGHT="12.188976377952756" WIDTH="31.46456692913386" VPOS="195.0236220472441" HPOS="135.49606299212599" CONTENT="a." ID="tl_5_2" STYLEREFS="FONT0"/>
            <SP HEIGHT="12.188976377952756" WIDTH="5.102362204724409" VPOS="195.0236220472441" HPOS="166.96062992125985"/>
            <String HEIGHT="12.188976377952756" WIDTH="36.56692913385827" VPOS="195.0236220472441" HPOS="151.08661417322836" CONTENT="s.," ID="tl_5_3" STYLEREFS="FONT0"/>
            <SP HEIGHT="12.188976377952756" WIDTH="5.102362204724409" VPOS="195.0236220472441" HPOS="187.6535433070866"/>
            <String HEIGHT="12.188976377952756" WIDTH="31.46456692913386" VPOS="195.0236220472441" HPOS="172.06299212598427" CONTENT="en" ID="tl_5_4" STYLEREFS="FONT0"/>
            <SP HEIGHT="12.188976377952756" WIDTH="5.102362204724409" VPOS="195.0236220472441" HPOS="203.5275590551181"/>
            <String HEIGHT="12.188976377952756" WIDTH="68.03149606299213" VPOS="195.0236220472441" HPOS="187.6535433070866" CONTENT="français," ID="tl_5_5" STYLEREFS="FONT0"/>
            <SP HEIGHT="12.188976377952756" WIDTH="5.102362204724409" VPOS="195.0236220472441" HPOS="255.68503937007873"/>
            <String HEIGHT="12.188976377952756" WIDTH="26.078740157480315" VPOS="195.0236220472441" HPOS="240.09448818897638" CONTENT="à" ID="tl_5_6" STYLEREFS="FONT0"/>
            <SP HEIGHT="12.188976377952756" WIDTH="5.102362204724409" VPOS="195.0236220472441" HPOS="266.1732283464567"/>
            <String HEIGHT="12.188976377952756" WIDTH="62.645669291338585" VPOS="195.0236220472441" HPOS="250.58267716535434" CONTENT="Langlès;" ID="tl_5_7" STYLEREFS="FONT0"/>
            <SP HEIGHT="12.188976377952756" WIDTH="5.102362204724409" VPOS="195.0236220472441" HPOS="313.2283464566929"/>
            <String HEIGHT="12.188976377952756" WIDTH="57.54330708661417" VPOS="195.0236220472441" HPOS="297.6377952755906" CONTENT="Coppet," ID="tl_5_8" STYLEREFS="FONT0"/>
            <SP HEIGHT="12.188976377952756" WIDTH="5.102362204724409" VPOS="195.0236220472441" HPOS="355.18110236220474"/>
            <String HEIGHT="12.188976377952756" WIDTH="26.078740157480315" VPOS="195.0236220472441" HPOS="339.59055118110234" CONTENT="4" ID="tl_5_9" STYLEREFS="FONT0"/>
            <SP HEIGHT="12.188976377952756" WIDTH="5.102362204724409" VPOS="195.0236220472441" HPOS="365.6692913385827"/>
            <String HEIGHT="12.188976377952756" WIDTH="68.03149606299213" VPOS="195.0236220472441" HPOS="350.0787401574803" CONTENT="septembre" ID="tl_5_10" STYLEREFS="FONT0"/>
            <SP HEIGHT="12.188976377952756" WIDTH="5.102362204724409" VPOS="195.0236220472441" HPOS="418.1102362204724"/>
            <String HEIGHT="12.188976377952756" WIDTH="36.56692913385827" VPOS="195.0236220472441" HPOS="397.13385826771656" CONTENT="1815," ID="tl_5_11" STYLEREFS="FONT0"/>
          </TextLine>
        </TextBlock>
        <TextBlock ID="r_3_3" HEIGHT="12.472440944881889" WIDTH="134.07874015748033" VPOS="206.07874015748033" HPOS="113.66929133858268">
          <TextLine ID="tl_6" BASELINE="770" HEIGHT="11.905511811023622" WIDTH="133.51181102362204" VPOS="206.36220472440945" HPOS="113.95275590551181">
            <String HEIGHT="11.905511811023622" WIDTH="18.992125984251967" VPOS="206.36220472440945" HPOS="110.26771653543307" CONTENT="2" ID="tl_6_1" STYLEREFS="FONT0"/>
            <SP HEIGHT="11.905511811023622" WIDTH="3.6850393700787403" VPOS="206.36220472440945" HPOS="129.25984251968504"/>
            <String HEIGHT="11.905511811023622" WIDTH="22.96062992125984" VPOS="206.36220472440945" HPOS="117.63779527559055" CONTENT="p." ID="tl_6_2" STYLEREFS="FONT0"/>
            <SP HEIGHT="11.905511811023622" WIDTH="3.6850393700787403" VPOS="206.36220472440945" HPOS="140.5984251968504"/>
            <String HEIGHT="11.905511811023622" WIDTH="34.2992125984252" VPOS="206.36220472440945" HPOS="129.25984251968504" CONTENT="in-4." ID="tl_6_3" STYLEREFS="FONT0"/>
            <SP HEIGHT="11.905511811023622" WIDTH="3.6850393700787403" VPOS="206.36220472440945" HPOS="163.55905511811022"/>
            <String HEIGHT="11.905511811023622" WIDTH="49.60629921259842" VPOS="206.36220472440945" HPOS="152.2204724409449" CONTENT="(Coll." ID="tl_6_4" STYLEREFS="FONT2"/>
            <SP HEIGHT="11.905511811023622" WIDTH="3.6850393700787403" VPOS="206.36220472440945" HPOS="201.82677165354332"/>
            <String HEIGHT="11.905511811023622" WIDTH="22.96062992125984" VPOS="206.36220472440945" HPOS="190.20472440944883" CONTENT="A." ID="tl_6_5" STYLEREFS="FONT2"/>
            <SP HEIGHT="11.905511811023622" WIDTH="3.6850393700787403" VPOS="206.36220472440945" HPOS="213.16535433070865"/>
            <String HEIGHT="11.905511811023622" WIDTH="49.60629921259842" VPOS="206.36220472440945" HPOS="197.85826771653544" CONTENT="Bovet.)" ID="tl_6_6" STYLEREFS="FONT2"/>
          </TextLine>
        </TextBlock>
        <TextBlock ID="r_3_4" HEIGHT="72.56692913385827" WIDTH="324.2834645669291" VPOS="223.37007874015748" HPOS="110.26771653543307">
          <TextLine ID="tl_7" BASELINE="829" HEIGHT="11.338582677165354" WIDTH="312.9448818897638" VPOS="223.6535433070866" HPOS="120.75590551181102">
            <String HEIGHT="11.338582677165354" WIDTH="33.16535433070866" VPOS="223.6535433070866" HPOS="115.93700787401575" CONTENT="Les" ID="tl_7_1" STYLEREFS="FONT0"/>
            <SP HEIGHT="11.338582677165354" WIDTH="4.818897637795276" VPOS="223.6535433070866" HPOS="149.10236220472441"/>
            <String HEIGHT="11.338582677165354" WIDTH="66.33070866141732" VPOS="223.6535433070866" HPOS="134.9291338582677" CONTENT="événements" ID="tl_7_2" STYLEREFS="FONT0"/>
            <SP HEIGHT="11.338582677165354" WIDTH="4.818897637795276" VPOS="223.6535433070866" HPOS="201.25984251968504"/>
            <String HEIGHT="11.338582677165354" WIDTH="28.346456692913385" VPOS="223.6535433070866" HPOS="187.08661417322836" CONTENT="et" ID="tl_7_3" STYLEREFS="FONT0"/>
            <SP HEIGHT="11.338582677165354" WIDTH="4.818897637795276" VPOS="223.6535433070866" HPOS="215.71653543307087"/>
            <String HEIGHT="11.338582677165354" WIDTH="85.32283464566929" VPOS="223.6535433070866" HPOS="201.25984251968504" CONTENT="l’interruption" ID="tl_7_4" STYLEREFS="FONT0"/>
            <SP HEIGHT="11.338582677165354" WIDTH="4.818897637795276" VPOS="223.6535433070866" HPOS="286.5826771653543"/>
            <String HEIGHT="11.338582677165354" WIDTH="28.346456692913385" VPOS="223.6535433070866" HPOS="272.40944881889766" CONTENT="du" ID="tl_7_5" STYLEREFS="FONT0"/>
            <SP HEIGHT="11.338582677165354" WIDTH="4.818897637795276" VPOS="223.6535433070866" HPOS="301.03937007874015"/>
            <String HEIGHT="11.338582677165354" WIDTH="52.15748031496063" VPOS="223.6535433070866" HPOS="286.5826771653543" CONTENT="service" ID="tl_7_6" STYLEREFS="FONT0"/>
            <SP HEIGHT="11.338582677165354" WIDTH="4.818897637795276" VPOS="223.6535433070866" HPOS="338.74015748031496"/>
            <String HEIGHT="11.338582677165354" WIDTH="33.16535433070866" VPOS="223.6535433070866" HPOS="324.56692913385825" CONTENT="des" ID="tl_7_7" STYLEREFS="FONT0"/>
            <SP HEIGHT="11.338582677165354" WIDTH="4.818897637795276" VPOS="223.6535433070866" HPOS="357.73228346456693"/>
            <String HEIGHT="11.338582677165354" WIDTH="47.338582677165356" VPOS="223.6535433070866" HPOS="343.5590551181102" CONTENT="postes" ID="tl_7_8" STYLEREFS="FONT0"/>
            <SP HEIGHT="11.338582677165354" WIDTH="4.818897637795276" VPOS="223.6535433070866" HPOS="390.8976377952756"/>
            <String HEIGHT="11.338582677165354" WIDTH="42.803149606299215" VPOS="223.6535433070866" HPOS="376.7244094488189" CONTENT="l'ont" ID="tl_7_9" STYLEREFS="FONT0"/>
            <SP HEIGHT="11.338582677165354" WIDTH="4.818897637795276" VPOS="223.6535433070866" HPOS="419.5275590551181"/>
            <String HEIGHT="11.338582677165354" WIDTH="33.16535433070866" VPOS="223.6535433070866" HPOS="400.53543307086613" CONTENT="empê" SUBS_TYPE="HypPart1" SUBS_CONTENT="empêché" ID="tl_7_10" STYLEREFS="FONT0"/>
            <HYP CONTENT="-"/>
          </TextLine>
          <TextLine ID="tl_8" BASELINE="865" HEIGHT="11.05511811023622" WIDTH="322.2992125984252" VPOS="234.14173228346456" HPOS="110.83464566929133">
            <String HEIGHT="11.05511811023622" WIDTH="32.31496062992126" VPOS="234.14173228346456" HPOS="106.2992125984252" CONTENT="ché" SUBS_TYPE="HypPart2" SUBS_CONTENT="empêché" ID="tl_8_1" STYLEREFS="FONT0"/>
            <SP HEIGHT="11.05511811023622" WIDTH="4.535433070866142" VPOS="234.14173228346456" HPOS="138.33070866141733"/>
            <String HEIGHT="11.05511811023622" WIDTH="27.496062992125985" VPOS="234.14173228346456" HPOS="124.7244094488189" CONTENT="de" ID="tl_8_2" STYLEREFS="FONT0"/>
            <SP HEIGHT="11.05511811023622" WIDTH="4.535433070866142" VPOS="234.14173228346456" HPOS="152.2204724409449"/>
            <String HEIGHT="11.05511811023622" WIDTH="55.275590551181104" VPOS="234.14173228346456" HPOS="138.33070866141733" CONTENT="répondre" ID="tl_8_3" STYLEREFS="FONT0"/>
            <SP HEIGHT="11.05511811023622" WIDTH="4.535433070866142" VPOS="234.14173228346456" HPOS="193.60629921259843"/>
            <String HEIGHT="11.05511811023622" WIDTH="36.8503937007874" VPOS="234.14173228346456" HPOS="180.0" CONTENT="plus" ID="tl_8_4" STYLEREFS="FONT0"/>
            <SP HEIGHT="11.05511811023622" WIDTH="4.535433070866142" VPOS="234.14173228346456" HPOS="216.8503937007874"/>
            <String HEIGHT="11.05511811023622" WIDTH="32.31496062992126" VPOS="234.14173228346456" HPOS="202.96062992125985" CONTENT="tôt" ID="tl_8_5" STYLEREFS="FONT0"/>
            <SP HEIGHT="11.05511811023622" WIDTH="4.535433070866142" VPOS="234.14173228346456" HPOS="235.2755905511811"/>
            <String HEIGHT="11.05511811023622" WIDTH="22.96062992125984" VPOS="234.14173228346456" HPOS="221.38582677165354" CONTENT="à" ID="tl_8_6" STYLEREFS="FONT0"/>
            <SP HEIGHT="11.05511811023622" WIDTH="4.535433070866142" VPOS="234.14173228346456" HPOS="244.3464566929134"/>
            <String HEIGHT="11.05511811023622" WIDTH="27.496062992125985" VPOS="234.14173228346456" HPOS="230.45669291338584" CONTENT="sa" ID="tl_8_7" STYLEREFS="FONT0"/>
            <SP HEIGHT="11.05511811023622" WIDTH="4.535433070866142" VPOS="234.14173228346456" HPOS="258.23622047244095"/>
            <String HEIGHT="11.05511811023622" WIDTH="45.92125984251968" VPOS="234.14173228346456" HPOS="244.3464566929134" CONTENT="lettre" ID="tl_8_8" STYLEREFS="FONT0"/>
            <SP HEIGHT="11.05511811023622" WIDTH="4.535433070866142" VPOS="234.14173228346456" HPOS="290.26771653543307"/>
            <String HEIGHT="11.05511811023622" WIDTH="27.496062992125985" VPOS="234.14173228346456" HPOS="276.66141732283467" CONTENT="du" ID="tl_8_9" STYLEREFS="FONT0"/>
            <SP HEIGHT="11.05511811023622" WIDTH="4.535433070866142" VPOS="234.14173228346456" HPOS="304.15748031496065"/>
            <String HEIGHT="11.05511811023622" WIDTH="22.96062992125984" VPOS="234.14173228346456" HPOS="290.26771653543307" CONTENT="8" ID="tl_8_10" STYLEREFS="FONT0"/>
            <SP HEIGHT="11.05511811023622" WIDTH="4.535433070866142" VPOS="234.14173228346456" HPOS="313.51181102362204"/>
            <String HEIGHT="11.05511811023622" WIDTH="36.8503937007874" VPOS="234.14173228346456" HPOS="299.62204724409446" CONTENT="mai." ID="tl_8_11" STYLEREFS="FONT0"/>
            <SP HEIGHT="11.05511811023622" WIDTH="4.535433070866142" VPOS="234.14173228346456" HPOS="336.4724409448819"/>
            <String HEIGHT="11.05511811023622" WIDTH="32.31496062992126" VPOS="234.14173228346456" HPOS="322.5826771653543" CONTENT="«Il" ID="tl_8_12" STYLEREFS="FONT0"/>
            <SP HEIGHT="11.05511811023622" WIDTH="4.535433070866142" VPOS="234.14173228346456" HPOS="354.8976377952756"/>
            <String HEIGHT="11.05511811023622" WIDTH="36.8503937007874" VPOS="234.14173228346456" HPOS="341.00787401574803" CONTENT="faut" ID="tl_8_13" STYLEREFS="FONT0"/>
            <SP HEIGHT="11.05511811023622" WIDTH="4.535433070866142" VPOS="234.14173228346456" HPOS="377.8582677165354"/>
            <String HEIGHT="11.05511811023622" WIDTH="50.74015748031496" VPOS="234.14173228346456" HPOS="363.9685039370079" CONTENT="espérer" ID="tl_8_14" STYLEREFS="FONT0"/>
            <SP HEIGHT="11.05511811023622" WIDTH="4.535433070866142" VPOS="234.14173228346456" HPOS="414.70866141732284"/>
            <String HEIGHT="11.05511811023622" WIDTH="36.8503937007874" VPOS="234.14173228346456" HPOS="396.2834645669291" CONTENT="qu’une" ID="tl_8_15" STYLEREFS="FONT0"/>
          </TextLine>
          <TextLine ID="tl_9" BASELINE="900" HEIGHT="11.05511811023622" WIDTH="323.1496062992126" VPOS="244.06299212598427" HPOS="110.55118110236221">
            <String HEIGHT="11.05511811023622" WIDTH="40.53543307086614" VPOS="244.06299212598427" HPOS="105.44881889763779" CONTENT="paix" ID="tl_9_1" STYLEREFS="FONT0"/>
            <SP HEIGHT="11.05511811023622" WIDTH="5.102362204724409" VPOS="244.06299212598427" HPOS="145.98425196850394"/>
            <String HEIGHT="11.05511811023622" WIDTH="55.55905511811024" VPOS="244.06299212598427" HPOS="130.6771653543307" CONTENT="durable" ID="tl_9_2" STYLEREFS="FONT0"/>
            <SP HEIGHT="11.05511811023622" WIDTH="5.102362204724409" VPOS="244.06299212598427" HPOS="186.23622047244095"/>
            <String HEIGHT="11.05511811023622" WIDTH="30.330708661417322" VPOS="244.06299212598427" HPOS="171.21259842519686" CONTENT="et" ID="tl_9_3" STYLEREFS="FONT0"/>
            <SP HEIGHT="11.05511811023622" WIDTH="5.102362204724409" VPOS="244.06299212598427" HPOS="201.54330708661416"/>
            <String HEIGHT="11.05511811023622" WIDTH="60.661417322834644" VPOS="244.06299212598427" HPOS="186.23622047244095" CONTENT="vraiment" ID="tl_9_4" STYLEREFS="FONT0"/>
            <SP HEIGHT="11.05511811023622" WIDTH="5.102362204724409" VPOS="244.06299212598427" HPOS="246.89763779527559"/>
            <String HEIGHT="11.05511811023622" WIDTH="70.58267716535433" VPOS="244.06299212598427" HPOS="231.8740157480315" CONTENT="européenne" ID="tl_9_5" STYLEREFS="FONT0"/>
            <SP HEIGHT="11.05511811023622" WIDTH="5.102362204724409" VPOS="244.06299212598427" HPOS="302.45669291338584"/>
            <String HEIGHT="11.05511811023622" WIDTH="60.661417322834644" VPOS="244.06299212598427" HPOS="287.1496062992126" CONTENT="ramènera" ID="tl_9_6" STYLEREFS="FONT0"/>
            <SP HEIGHT="11.05511811023622" WIDTH="5.102362204724409" VPOS="244.06299212598427" HPOS="347.81102362204723"/>
            <String HEIGHT="11.05511811023622" WIDTH="45.354330708661415" VPOS="244.06299212598427" HPOS="332.78740157480314" CONTENT="enfin" ID="tl_9_7" STYLEREFS="FONT0"/>
            <SP HEIGHT="11.05511811023622" WIDTH="5.102362204724409" VPOS="244.06299212598427" HPOS="378.1417322834646"/>
            <String HEIGHT="11.05511811023622" WIDTH="30.330708661417322" VPOS="244.06299212598427" HPOS="363.11811023622045" CONTENT="le" ID="tl_9_8" STYLEREFS="FONT0"/>
            <SP HEIGHT="11.05511811023622" WIDTH="5.102362204724409" VPOS="244.06299212598427" HPOS="393.4488188976378"/>
            <String HEIGHT="11.05511811023622" WIDTH="45.354330708661415" VPOS="244.06299212598427" HPOS="378.1417322834646" CONTENT="calme" ID="tl_9_9" STYLEREFS="FONT0"/>
            <SP HEIGHT="11.05511811023622" WIDTH="5.102362204724409" VPOS="244.06299212598427" HPOS="423.496062992126"/>
            <String HEIGHT="11.05511811023622" WIDTH="30.330708661417322" VPOS="244.06299212598427" HPOS="403.37007874015745" CONTENT="dans" ID="tl_9_10" STYLEREFS="FONT0"/>
          </TextLine>
          <TextLine ID="tl_10" BASELINE="935" HEIGHT="11.05511811023622" WIDTH="322.86614173228344" VPOS="253.98425196850394" HPOS="110.55118110236221">
            <String HEIGHT="11.05511811023622" WIDTH="32.31496062992126" VPOS="253.98425196850394" HPOS="106.01574803149606" CONTENT="les" ID="tl_10_1" STYLEREFS="FONT0"/>
            <SP HEIGHT="11.05511811023622" WIDTH="4.535433070866142" VPOS="253.98425196850394" HPOS="138.33070866141733"/>
            <String HEIGHT="11.05511811023622" WIDTH="55.275590551181104" VPOS="253.98425196850394" HPOS="124.44094488188976" CONTENT="esprits," ID="tl_10_2" STYLEREFS="FONT0"/>
            <SP HEIGHT="11.05511811023622" WIDTH="4.535433070866142" VPOS="253.98425196850394" HPOS="179.71653543307087"/>
            <String HEIGHT="11.05511811023622" WIDTH="50.74015748031496" VPOS="253.98425196850394" HPOS="165.82677165354332" CONTENT="qu’elle" ID="tl_10_3" STYLEREFS="FONT0"/>
            <SP HEIGHT="11.05511811023622" WIDTH="4.535433070866142" VPOS="253.98425196850394" HPOS="216.56692913385828"/>
            <String HEIGHT="11.05511811023622" WIDTH="64.62992125984252" VPOS="253.98425196850394" HPOS="202.6771653543307" CONTENT="favorisera" ID="tl_10_4" STYLEREFS="FONT0"/>
            <SP HEIGHT="11.05511811023622" WIDTH="4.535433070866142" VPOS="253.98425196850394" HPOS="267.3070866141732"/>
            <String HEIGHT="11.05511811023622" WIDTH="32.31496062992126" VPOS="253.98425196850394" HPOS="253.41732283464566" CONTENT="les" ID="tl_10_5" STYLEREFS="FONT0"/>
            <SP HEIGHT="11.05511811023622" WIDTH="4.535433070866142" VPOS="253.98425196850394" HPOS="285.73228346456693"/>
            <String HEIGHT="11.05511811023622" WIDTH="64.62992125984252" VPOS="253.98425196850394" HPOS="272.12598425196853" CONTENT="recherches" ID="tl_10_6" STYLEREFS="FONT0"/>
            <SP HEIGHT="11.05511811023622" WIDTH="4.535433070866142" VPOS="253.98425196850394" HPOS="336.4724409448819"/>
            <String HEIGHT="11.05511811023622" WIDTH="60.09448818897638" VPOS="253.98425196850394" HPOS="322.5826771653543" CONTENT="paisibles" ID="tl_10_7" STYLEREFS="FONT0"/>
            <SP HEIGHT="11.05511811023622" WIDTH="4.535433070866142" VPOS="253.98425196850394" HPOS="382.6771653543307"/>
            <String HEIGHT="11.05511811023622" WIDTH="27.77952755905512" VPOS="253.98425196850394" HPOS="368.78740157480314" CONTENT="et" ID="tl_10_8" STYLEREFS="FONT0"/>
            <SP HEIGHT="11.05511811023622" WIDTH="4.535433070866142" VPOS="253.98425196850394" HPOS="396.56692913385825"/>
            <String HEIGHT="11.05511811023622" WIDTH="32.31496062992126" VPOS="253.98425196850394" HPOS="382.6771653543307" CONTENT="les" ID="tl_10_9" STYLEREFS="FONT0"/>
            <SP HEIGHT="11.05511811023622" WIDTH="4.535433070866142" VPOS="253.98425196850394" HPOS="414.99212598425197"/>
            <String HEIGHT="11.05511811023622" WIDTH="36.8503937007874" VPOS="253.98425196850394" HPOS="396.56692913385825" CONTENT="commu" SUBS_TYPE="HypPart1" SUBS_CONTENT="communications" ID="tl_10_10" STYLEREFS="FONT0"/>
            <HYP CONTENT="-"/>
          </TextLine>
          <TextLine ID="tl_11" BASELINE="971" HEIGHT="11.05511811023622" WIDTH="322.01574803149606" VPOS="264.18897637795277" HPOS="110.83464566929133">
            <String HEIGHT="11.05511811023622" WIDTH="58.110236220472444" VPOS="264.18897637795277" HPOS="106.2992125984252" CONTENT="nications" SUBS_TYPE="HypPart2" SUBS_CONTENT="communications" ID="tl_11_1" STYLEREFS="FONT0"/>
            <SP HEIGHT="11.05511811023622" WIDTH="4.535433070866142" VPOS="264.18897637795277" HPOS="164.40944881889763"/>
            <String HEIGHT="11.05511811023622" WIDTH="40.25196850393701" VPOS="264.18897637795277" HPOS="151.08661417322836" CONTENT="entre" ID="tl_11_2" STYLEREFS="FONT0"/>
            <SP HEIGHT="11.05511811023622" WIDTH="4.535433070866142" VPOS="264.18897637795277" HPOS="191.33858267716536"/>
            <String HEIGHT="11.05511811023622" WIDTH="31.181102362204726" VPOS="264.18897637795277" HPOS="178.01574803149606" CONTENT="les" ID="tl_11_3" STYLEREFS="FONT0"/>
            <SP HEIGHT="11.05511811023622" WIDTH="4.535433070866142" VPOS="264.18897637795277" HPOS="209.1968503937008"/>
            <String HEIGHT="11.05511811023622" WIDTH="49.32283464566929" VPOS="264.18897637795277" HPOS="195.8740157480315" CONTENT="savants" ID="tl_11_4" STYLEREFS="FONT0"/>
            <SP HEIGHT="11.05511811023622" WIDTH="4.535433070866142" VPOS="264.18897637795277" HPOS="244.91338582677164"/>
            <String HEIGHT="11.05511811023622" WIDTH="31.181102362204726" VPOS="264.18897637795277" HPOS="231.59055118110237" CONTENT="des" ID="tl_11_5" STYLEREFS="FONT0"/>
            <SP HEIGHT="11.05511811023622" WIDTH="4.535433070866142" VPOS="264.18897637795277" HPOS="262.7716535433071"/>
            <String HEIGHT="11.05511811023622" WIDTH="62.645669291338585" VPOS="264.18897637795277" HPOS="249.4488188976378" CONTENT="différents" ID="tl_11_6" STYLEREFS="FONT0"/>
            <SP HEIGHT="11.05511811023622" WIDTH="4.535433070866142" VPOS="264.18897637795277" HPOS="312.09448818897636"/>
            <String HEIGHT="11.05511811023622" WIDTH="40.25196850393701" VPOS="264.18897637795277" HPOS="298.7716535433071" CONTENT="pays," ID="tl_11_7" STYLEREFS="FONT0"/>
            <SP HEIGHT="11.05511811023622" WIDTH="4.535433070866142" VPOS="264.18897637795277" HPOS="339.0236220472441"/>
            <String HEIGHT="11.05511811023622" WIDTH="35.71653543307087" VPOS="264.18897637795277" HPOS="325.4173228346457" CONTENT="qui," ID="tl_11_8" STYLEREFS="FONT0"/>
            <SP HEIGHT="11.05511811023622" WIDTH="4.535433070866142" VPOS="264.18897637795277" HPOS="361.4173228346457"/>
            <String HEIGHT="11.05511811023622" WIDTH="31.181102362204726" VPOS="264.18897637795277" HPOS="347.81102362204723" CONTENT="par" ID="tl_11_9" STYLEREFS="FONT0"/>
            <SP HEIGHT="11.05511811023622" WIDTH="4.535433070866142" VPOS="264.18897637795277" HPOS="379.2755905511811"/>
            <String HEIGHT="11.05511811023622" WIDTH="35.71653543307087" VPOS="264.18897637795277" HPOS="365.6692913385827" CONTENT="leur" ID="tl_11_10" STYLEREFS="FONT0"/>
            <SP HEIGHT="11.05511811023622" WIDTH="4.535433070866142" VPOS="264.18897637795277" HPOS="401.6692913385827"/>
            <String HEIGHT="11.05511811023622" WIDTH="49.32283464566929" VPOS="264.18897637795277" HPOS="383.5275590551181" CONTENT="vocation," ID="tl_11_11" STYLEREFS="FONT0"/>
          </TextLine>
          <TextLine ID="tl_12" BASELINE="1006" HEIGHT="11.05511811023622" WIDTH="323.43307086614175" VPOS="274.1102362204724" HPOS="110.83464566929133">
            <String HEIGHT="11.05511811023622" WIDTH="53.85826771653543" VPOS="274.1102362204724" HPOS="106.01574803149606" CONTENT="doivent" ID="tl_12_1" STYLEREFS="FONT0"/>
            <SP HEIGHT="11.05511811023622" WIDTH="4.818897637795276" VPOS="274.1102362204724" HPOS="159.8740157480315"/>
            <String HEIGHT="11.05511811023622" WIDTH="39.118110236220474" VPOS="274.1102362204724" HPOS="145.13385826771653" CONTENT="être" ID="tl_12_2" STYLEREFS="FONT0"/>
            <SP HEIGHT="11.05511811023622" WIDTH="4.818897637795276" VPOS="274.1102362204724" HPOS="184.251968503937"/>
            <String HEIGHT="11.05511811023622" WIDTH="88.15748031496064" VPOS="274.1102362204724" HPOS="169.51181102362204" CONTENT="cosmopolites.»" ID="tl_12_3" STYLEREFS="FONT0"/>
            <SP HEIGHT="11.05511811023622" WIDTH="4.818897637795276" VPOS="274.1102362204724" HPOS="257.9527559055118"/>
            <String HEIGHT="11.05511811023622" WIDTH="29.480314960629922" VPOS="274.1102362204724" HPOS="243.21259842519686" CONTENT="Il" ID="tl_12_4" STYLEREFS="FONT0"/>
            <SP HEIGHT="11.05511811023622" WIDTH="4.818897637795276" VPOS="274.1102362204724" HPOS="272.6929133858268"/>
            <String HEIGHT="11.05511811023622" WIDTH="44.22047244094488" VPOS="274.1102362204724" HPOS="257.9527559055118" CONTENT="parle" ID="tl_12_5" STYLEREFS="FONT0"/>
            <SP HEIGHT="11.05511811023622" WIDTH="4.818897637795276" VPOS="274.1102362204724" HPOS="301.8897637795276"/>
            <String HEIGHT="11.05511811023622" WIDTH="53.85826771653543" VPOS="274.1102362204724" HPOS="287.1496062992126" CONTENT="ensuite" ID="tl_12_6" STYLEREFS="FONT0"/>
            <SP HEIGHT="11.05511811023622" WIDTH="4.818897637795276" VPOS="274.1102362204724" HPOS="341.29133858267716"/>
            <String HEIGHT="11.05511811023622" WIDTH="29.480314960629922" VPOS="274.1102362204724" HPOS="326.5511811023622" CONTENT="de" ID="tl_12_7" STYLEREFS="FONT0"/>
            <SP HEIGHT="11.05511811023622" WIDTH="4.818897637795276" VPOS="274.1102362204724" HPOS="355.748031496063"/>
            <String HEIGHT="11.05511811023622" WIDTH="34.2992125984252" VPOS="274.1102362204724" HPOS="341.29133858267716" CONTENT="ses" ID="tl_12_8" STYLEREFS="FONT0"/>
            <SP HEIGHT="11.05511811023622" WIDTH="4.818897637795276" VPOS="274.1102362204724" HPOS="375.59055118110234"/>
            <String HEIGHT="11.05511811023622" WIDTH="49.039370078740156" VPOS="274.1102362204724" HPOS="360.8503937007874" CONTENT="études" ID="tl_12_9" STYLEREFS="FONT0"/>
            <SP HEIGHT="11.05511811023622" WIDTH="4.818897637795276" VPOS="274.1102362204724" HPOS="409.8897637795276"/>
            <String HEIGHT="11.05511811023622" WIDTH="34.2992125984252" VPOS="274.1102362204724" HPOS="395.1496062992126" CONTENT="sur" ID="tl_12_10" STYLEREFS="FONT0"/>
            <SP HEIGHT="11.05511811023622" WIDTH="4.818897637795276" VPOS="274.1102362204724" HPOS="429.4488188976378"/>
            <String HEIGHT="11.05511811023622" WIDTH="24.37795275590551" VPOS="274.1102362204724" HPOS="409.8897637795276" CONTENT="les" ID="tl_12_11" STYLEREFS="FONT0"/>
          </TextLine>
          <TextLine ID="tl_13" BASELINE="1043" HEIGHT="10.488188976377952" WIDTH="87.8740157480315" VPOS="285.1653543307087" HPOS="110.83464566929133">
            <String HEIGHT="10.488188976377952" WIDTH="50.74015748031496" VPOS="285.1653543307087" HPOS="106.2992125984252" CONTENT="langues" ID="tl_13_1" STYLEREFS="FONT0"/>
            <SP HEIGHT="10.488188976377952" WIDTH="4.535433070866142" VPOS="285.1653543307087" HPOS="157.03937007874015"/>
            <String HEIGHT="10.488188976377952" WIDTH="60.09448818897638" VPOS="285.1653543307087" HPOS="138.61417322834646" CONTENT="orientales." ID="tl_13_2" STYLEREFS="FONT0"/>
          </TextLine>
        </TextBlock>
        <TextBlock ID="r_3_5" HEIGHT="28.346456692913385" WIDTH="351.7795275590551" VPOS="304.4409448818898" HPOS="83.05511811023622">
          <TextLine ID="tl_14" BASELINE="1126" HEIGHT="14.456692913385826" WIDTH="351.21259842519686" VPOS="304.7244094488189" HPOS="83.33858267716535">
            <String HEIGHT="14.456692913385826" WIDTH="52.15748031496063" VPOS="304.7244094488189" HPOS="76.81889763779527" CONTENT="112." ID="tl_14_1" STYLEREFS="FONT0"/>
            <SP HEIGHT="14.456692913385826" WIDTH="6.519685039370079" VPOS="304.7244094488189" HPOS="128.9763779527559"/>
            <String HEIGHT="14.456692913385826" WIDTH="77.95275590551181" VPOS="304.7244094488189" HPOS="109.41732283464567" CONTENT="SCHUMANN" ID="tl_14_2" STYLEREFS="FONT0"/>
            <SP HEIGHT="14.456692913385826" WIDTH="6.519685039370079" VPOS="304.7244094488189" HPOS="187.37007874015748"/>
            <String HEIGHT="14.456692913385826" WIDTH="84.4724409448819" VPOS="304.7244094488189" HPOS="167.81102362204723" CONTENT="(Robert)," ID="tl_14_3" STYLEREFS="FONT0"/>
            <SP HEIGHT="14.456692913385826" WIDTH="6.519685039370079" VPOS="304.7244094488189" HPOS="252.56692913385828"/>
            <String HEIGHT="14.456692913385826" WIDTH="71.43307086614173" VPOS="304.7244094488189" HPOS="233.00787401574803" CONTENT="célèbre" ID="tl_14_4" STYLEREFS="FONT0"/>
            <SP HEIGHT="14.456692913385826" WIDTH="6.519685039370079" VPOS="304.7244094488189" HPOS="304.4409448818898"/>
            <String HEIGHT="14.456692913385826" WIDTH="97.51181102362204" VPOS="304.7244094488189" HPOS="284.88188976377955" CONTENT="compositeur" ID="tl_14_5" STYLEREFS="FONT0"/>
            <SP HEIGHT="14.456692913385826" WIDTH="6.519685039370079" VPOS="304.7244094488189" HPOS="382.3937007874016"/>
            <String HEIGHT="14.456692913385826" WIDTH="39.118110236220474" VPOS="304.7244094488189" HPOS="363.11811023622045" CONTENT="de" ID="tl_14_6" STYLEREFS="FONT0"/>
            <SP HEIGHT="14.456692913385826" WIDTH="6.519685039370079" VPOS="304.7244094488189" HPOS="401.9527559055118"/>
            <String HEIGHT="14.456692913385826" WIDTH="58.67716535433071" VPOS="304.7244094488189" HPOS="376.15748031496065" CONTENT="musique" ID="tl_14_7" STYLEREFS="FONT0"/>
          </TextLine>
          <TextLine ID="tl_15" BASELINE="1173" HEIGHT="13.32283464566929" WIDTH="166.6771653543307" VPOS="319.18110236220474" HPOS="114.80314960629921">
            <String HEIGHT="13.32283464566929" WIDTH="80.22047244094489" VPOS="319.18110236220474" HPOS="108.56692913385827" CONTENT="allemand," ID="tl_15_1" STYLEREFS="FONT0"/>
            <SP HEIGHT="13.32283464566929" WIDTH="6.2362204724409445" VPOS="319.18110236220474" HPOS="188.78740157480314"/>
            <String HEIGHT="13.32283464566929" WIDTH="37.13385826771653" VPOS="319.18110236220474" HPOS="170.36220472440945" CONTENT="n." ID="tl_15_2" STYLEREFS="FONT0"/>
            <SP HEIGHT="13.32283464566929" WIDTH="6.2362204724409445" VPOS="319.18110236220474" HPOS="207.49606299212599"/>
            <String HEIGHT="13.32283464566929" WIDTH="55.55905511811024" VPOS="319.18110236220474" HPOS="188.78740157480314" CONTENT="1810," ID="tl_15_3" STYLEREFS="FONT0"/>
            <SP HEIGHT="13.32283464566929" WIDTH="6.2362204724409445" VPOS="319.18110236220474" HPOS="244.3464566929134"/>
            <String HEIGHT="13.32283464566929" WIDTH="37.13385826771653" VPOS="319.18110236220474" HPOS="225.92125984251967" CONTENT="m." ID="tl_15_4" STYLEREFS="FONT0"/>
            <SP HEIGHT="13.32283464566929" WIDTH="6.2362204724409445" VPOS="319.18110236220474" HPOS="263.0551181102362"/>
            <String HEIGHT="13.32283464566929" WIDTH="43.08661417322835" VPOS="319.18110236220474" HPOS="238.39370078740157" CONTENT="1856." ID="tl_15_5" STYLEREFS="FONT0"/>
          </TextLine>
        </TextBlock>
        <TextBlock ID="r_3_6" HEIGHT="21.543307086614174" WIDTH="320.0314960629921" VPOS="338.74015748031496" HPOS="114.51968503937007">
          <TextLine ID="tl_16" BASELINE="1238" HEIGHT="11.905511811023622" WIDTH="308.9763779527559" VPOS="339.0236220472441" HPOS="125.29133858267717">
            <String HEIGHT="11.905511811023622" WIDTH="30.330708661417322" VPOS="339.0236220472441" HPOS="120.18897637795276" CONTENT="L." ID="tl_16_1" STYLEREFS="FONT0"/>
            <SP HEIGHT="11.905511811023622" WIDTH="5.102362204724409" VPOS="339.0236220472441" HPOS="150.51968503937007"/>
            <String HEIGHT="11.905511811023622" WIDTH="30.330708661417322" VPOS="339.0236220472441" HPOS="135.49606299212599" CONTENT="a." ID="tl_16_2" STYLEREFS="FONT0"/>
            <SP HEIGHT="11.905511811023622" WIDTH="5.102362204724409" VPOS="339.0236220472441" HPOS="165.82677165354332"/>
            <String HEIGHT="11.905511811023622" WIDTH="30.330708661417322" VPOS="339.0236220472441" HPOS="150.51968503937007" CONTENT="s." ID="tl_16_3" STYLEREFS="FONT0"/>
            <SP HEIGHT="11.905511811023622" WIDTH="5.102362204724409" VPOS="339.0236220472441" HPOS="181.13385826771653"/>
            <String HEIGHT="11.905511811023622" WIDTH="25.228346456692915" VPOS="339.0236220472441" HPOS="165.82677165354332" CONTENT="à" ID="tl_16_4" STYLEREFS="FONT0"/>
            <SP HEIGHT="11.905511811023622" WIDTH="5.102362204724409" VPOS="339.0236220472441" HPOS="191.0551181102362"/>
            <String HEIGHT="11.905511811023622" WIDTH="45.63779527559055" VPOS="339.0236220472441" HPOS="176.03149606299212" CONTENT="Franz" ID="tl_16_5" STYLEREFS="FONT0"/>
            <SP HEIGHT="11.905511811023622" WIDTH="5.102362204724409" VPOS="339.0236220472441" HPOS="221.66929133858267"/>
            <String HEIGHT="11.905511811023622" WIDTH="60.661417322834644" VPOS="339.0236220472441" HPOS="206.36220472440945" CONTENT="Brendel;" ID="tl_16_6" STYLEREFS="FONT0"/>
            <SP HEIGHT="11.905511811023622" WIDTH="5.102362204724409" VPOS="339.0236220472441" HPOS="267.0236220472441"/>
            <String HEIGHT="11.905511811023622" WIDTH="55.84251968503937" VPOS="339.0236220472441" HPOS="252.0" CONTENT="Dresde," ID="tl_16_7" STYLEREFS="FONT0"/>
            <SP HEIGHT="11.905511811023622" WIDTH="5.102362204724409" VPOS="339.0236220472441" HPOS="307.5590551181102"/>
            <String HEIGHT="11.905511811023622" WIDTH="30.330708661417322" VPOS="339.0236220472441" HPOS="292.53543307086613" CONTENT="21" ID="tl_16_8" STYLEREFS="FONT0"/>
            <SP HEIGHT="11.905511811023622" WIDTH="5.102362204724409" VPOS="339.0236220472441" HPOS="322.86614173228344"/>
            <String HEIGHT="11.905511811023622" WIDTH="55.84251968503937" VPOS="339.0236220472441" HPOS="307.5590551181102" CONTENT="octobre" ID="tl_16_9" STYLEREFS="FONT0"/>
            <SP HEIGHT="11.905511811023622" WIDTH="5.102362204724409" VPOS="339.0236220472441" HPOS="363.40157480314963"/>
            <String HEIGHT="11.905511811023622" WIDTH="45.63779527559055" VPOS="339.0236220472441" HPOS="348.09448818897636" CONTENT="1849," ID="tl_16_10" STYLEREFS="FONT0"/>
            <SP HEIGHT="11.905511811023622" WIDTH="5.102362204724409" VPOS="339.0236220472441" HPOS="393.73228346456693"/>
            <String HEIGHT="11.905511811023622" WIDTH="25.228346456692915" VPOS="339.0236220472441" HPOS="378.4251968503937" CONTENT="2" ID="tl_16_11" STYLEREFS="FONT0"/>
            <SP HEIGHT="11.905511811023622" WIDTH="5.102362204724409" VPOS="339.0236220472441" HPOS="403.93700787401576"/>
            <String HEIGHT="11.905511811023622" WIDTH="30.330708661417322" VPOS="339.0236220472441" HPOS="388.62992125984255" CONTENT="p." ID="tl_16_12" STYLEREFS="FONT0"/>
            <SP HEIGHT="11.905511811023622" WIDTH="5.102362204724409" VPOS="339.0236220472441" HPOS="418.96062992125985"/>
            <String HEIGHT="11.905511811023622" WIDTH="35.43307086614173" VPOS="339.0236220472441" HPOS="398.8346456692913" CONTENT="in" ID="tl_16_13" STYLEREFS="FONT0"/>
          </TextLine>
          <TextLine ID="tl_17" BASELINE="1270" HEIGHT="8.503937007874017" WIDTH="26.078740157480315" VPOS="351.496062992126" HPOS="114.80314960629921">
            <String HEIGHT="8.503937007874017" WIDTH="30.330708661417322" VPOS="351.496062992126" HPOS="110.55118110236221" CONTENT="Rare." ID="tl_17_1" STYLEREFS="FONT2"/>
          </TextLine>
        </TextBlock>
        <TextBlock ID="r_3_7" HEIGHT="11.338582677165354" WIDTH="313.79527559055117" VPOS="367.65354330708664" HPOS="120.75590551181102">
          <TextLine ID="tl_18" BASELINE="1336" HEIGHT="10.771653543307087" WIDTH="313.2283464566929" VPOS="367.93700787401576" HPOS="121.03937007874016">
            <String HEIGHT="10.771653543307087" WIDTH="39.68503937007874" VPOS="367.93700787401576" HPOS="116.50393700787401" CONTENT="Belle" ID="tl_18_1" STYLEREFS="FONT0"/>
            <SP HEIGHT="10.771653543307087" WIDTH="4.535433070866142" VPOS="367.93700787401576" HPOS="156.4724409448819"/>
            <String HEIGHT="10.771653543307087" WIDTH="44.22047244094488" VPOS="367.93700787401576" HPOS="143.1496062992126" CONTENT="lettre" ID="tl_18_2" STYLEREFS="FONT0"/>
            <SP HEIGHT="10.771653543307087" WIDTH="4.535433070866142" VPOS="367.93700787401576" HPOS="187.08661417322836"/>
            <String HEIGHT="10.771653543307087" WIDTH="26.362204724409448" VPOS="367.93700787401576" HPOS="174.04724409448818" CONTENT="où" ID="tl_18_3" STYLEREFS="FONT0"/>
            <SP HEIGHT="10.771653543307087" WIDTH="4.535433070866142" VPOS="367.93700787401576" HPOS="200.40944881889763"/>
            <String HEIGHT="10.771653543307087" WIDTH="26.362204724409448" VPOS="367.93700787401576" HPOS="187.08661417322836" CONTENT="il" ID="tl_18_4" STYLEREFS="FONT0"/>
            <SP HEIGHT="10.771653543307087" WIDTH="4.535433070866142" VPOS="367.93700787401576" HPOS="213.73228346456693"/>
            <String HEIGHT="10.771653543307087" WIDTH="39.68503937007874" VPOS="367.93700787401576" HPOS="200.40944881889763" CONTENT="parle" ID="tl_18_5" STYLEREFS="FONT0"/>
            <SP HEIGHT="10.771653543307087" WIDTH="4.535433070866142" VPOS="367.93700787401576" HPOS="240.09448818897638"/>
            <String HEIGHT="10.771653543307087" WIDTH="26.362204724409448" VPOS="367.93700787401576" HPOS="227.0551181102362" CONTENT="de" ID="tl_18_6" STYLEREFS="FONT0"/>
            <SP HEIGHT="10.771653543307087" WIDTH="4.535433070866142" VPOS="367.93700787401576" HPOS="253.41732283464566"/>
            <String HEIGHT="10.771653543307087" WIDTH="30.89763779527559" VPOS="367.93700787401576" HPOS="240.09448818897638" CONTENT="ses" ID="tl_18_7" STYLEREFS="FONT0"/>
            <SP HEIGHT="10.771653543307087" WIDTH="4.535433070866142" VPOS="367.93700787401576" HPOS="270.99212598425197"/>
            <String HEIGHT="10.771653543307087" WIDTH="44.22047244094488" VPOS="367.93700787401576" HPOS="257.6692913385827" CONTENT="Lieder" ID="tl_18_8" STYLEREFS="FONT0"/>
            <SP HEIGHT="10.771653543307087" WIDTH="4.535433070866142" VPOS="367.93700787401576" HPOS="301.8897637795276"/>
            <String HEIGHT="10.771653543307087" WIDTH="26.362204724409448" VPOS="367.93700787401576" HPOS="288.56692913385825" CONTENT="et" ID="tl_18_9" STYLEREFS="FONT0"/>
            <SP HEIGHT="10.771653543307087" WIDTH="4.535433070866142" VPOS="367.93700787401576" HPOS="315.21259842519686"/>
            <String HEIGHT="10.771653543307087" WIDTH="35.43307086614173" VPOS="367.93700787401576" HPOS="301.8897637795276" CONTENT="d'un" ID="tl_18_10" STYLEREFS="FONT0"/>
            <SP HEIGHT="10.771653543307087" WIDTH="4.535433070866142" VPOS="367.93700787401576" HPOS="337.3228346456693"/>
            <String HEIGHT="10.771653543307087" WIDTH="48.47244094488189" VPOS="367.93700787401576" HPOS="324.0" CONTENT="concert" ID="tl_18_11" STYLEREFS="FONT0"/>
            <SP HEIGHT="10.771653543307087" WIDTH="4.535433070866142" VPOS="367.93700787401576" HPOS="372.4724409448819"/>
            <String HEIGHT="10.771653543307087" WIDTH="39.68503937007874" VPOS="367.93700787401576" HPOS="359.1496062992126" CONTENT="qu’il" ID="tl_18_12" STYLEREFS="FONT0"/>
            <SP HEIGHT="10.771653543307087" WIDTH="4.535433070866142" VPOS="367.93700787401576" HPOS="398.8346456692913"/>
            <String HEIGHT="10.771653543307087" WIDTH="26.362204724409448" VPOS="367.93700787401576" HPOS="385.79527559055117" CONTENT="va" ID="tl_18_13" STYLEREFS="FONT0"/>
            <SP HEIGHT="10.771653543307087" WIDTH="4.535433070866142" VPOS="367.93700787401576" HPOS="412.15748031496065"/>
            <String HEIGHT="10.771653543307087" WIDTH="39.68503937007874" VPOS="367.93700787401576" HPOS="394.5826771653543" CONTENT="donner." ID="tl_18_14" STYLEREFS="FONT0"/>
          </TextLine>
        </TextBlock>
        <TextBlock ID="r_3_8" HEIGHT="44.78740157480315" WIDTH="352.06299212598424" VPOS="386.0787401574803" HPOS="83.05511811023622">
          <TextLine ID="tl_19" BASELINE="1421" HEIGHT="16.440944881889763" WIDTH="351.496062992126" VPOS="386.3622047244094" HPOS="83.33858267716535">
            <String HEIGHT="16.440944881889763" WIDTH="48.47244094488189" VPOS="386.3622047244094" HPOS="77.38582677165354" CONTENT="113." ID="tl_19_1" STYLEREFS="FONT0"/>
            <SP HEIGHT="16.440944881889763" WIDTH="5.952755905511811" VPOS="386.3622047244094" HPOS="125.85826771653544"/>
            <String HEIGHT="16.440944881889763" WIDTH="54.425196850393704" VPOS="386.3622047244094" HPOS="107.71653543307086" CONTENT="SÉGUR" ID="tl_19_2" STYLEREFS="FONT0"/>
            <SP HEIGHT="16.440944881889763" WIDTH="5.952755905511811" VPOS="386.3622047244094" HPOS="162.14173228346456"/>
            <String HEIGHT="16.440944881889763" WIDTH="121.32283464566929" VPOS="386.3622047244094" HPOS="144.0" CONTENT="(Louis-Philippe," ID="tl_19_3" STYLEREFS="FONT0"/>
            <SP HEIGHT="16.440944881889763" WIDTH="5.952755905511811" VPOS="386.3622047244094" HPOS="265.03937007874015"/>
            <String HEIGHT="16.440944881889763" WIDTH="54.425196850393704" VPOS="386.3622047244094" HPOS="246.89763779527559" CONTENT="comte" ID="tl_19_4" STYLEREFS="FONT0"/>
            <SP HEIGHT="16.440944881889763" WIDTH="5.952755905511811" VPOS="386.3622047244094" HPOS="301.6062992125984"/>
            <String HEIGHT="16.440944881889763" WIDTH="48.47244094488189" VPOS="386.3622047244094" HPOS="283.46456692913387" CONTENT="de)," ID="tl_19_5" STYLEREFS="FONT0"/>
            <SP HEIGHT="16.440944881889763" WIDTH="5.952755905511811" VPOS="386.3622047244094" HPOS="331.93700787401576"/>
            <String HEIGHT="16.440944881889763" WIDTH="78.80314960629921" VPOS="386.3622047244094" HPOS="313.51181102362204" CONTENT="diplomate" ID="tl_19_6" STYLEREFS="FONT0"/>
            <SP HEIGHT="16.440944881889763" WIDTH="5.952755905511811" VPOS="386.3622047244094" HPOS="392.31496062992125"/>
            <String HEIGHT="16.440944881889763" WIDTH="36.28346456692913" VPOS="386.3622047244094" HPOS="374.1732283464567" CONTENT="et" ID="tl_19_7" STYLEREFS="FONT0"/>
            <SP HEIGHT="16.440944881889763" WIDTH="5.952755905511811" VPOS="386.3622047244094" HPOS="410.45669291338584"/>
            <String HEIGHT="16.440944881889763" WIDTH="48.47244094488189" VPOS="386.3622047244094" HPOS="386.3622047244094" CONTENT="histo" SUBS_TYPE="HypPart1" SUBS_CONTENT="historien," ID="tl_19_8" STYLEREFS="FONT0"/>
            <HYP CONTENT="-"/>
          </TextLine>
          <TextLine ID="tl_20" BASELINE="1469" HEIGHT="14.173228346456693" WIDTH="318.61417322834643" VPOS="402.23622047244095" HPOS="116.22047244094489">
            <String HEIGHT="14.173228346456693" WIDTH="53.00787401574803" VPOS="402.23622047244095" HPOS="110.26771653543307" CONTENT="rien," SUBS_TYPE="HypPart2" SUBS_CONTENT="historien," ID="tl_20_1" STYLEREFS="FONT0"/>
            <SP HEIGHT="14.173228346456693" WIDTH="5.952755905511811" VPOS="402.23622047244095" HPOS="163.55905511811022"/>
            <String HEIGHT="14.173228346456693" WIDTH="41.38582677165354" VPOS="402.23622047244095" HPOS="145.70078740157481" CONTENT="ami" ID="tl_20_2" STYLEREFS="FONT0"/>
            <SP HEIGHT="14.173228346456693" WIDTH="5.952755905511811" VPOS="402.23622047244095" HPOS="187.08661417322836"/>
            <String HEIGHT="14.173228346456693" WIDTH="35.43307086614173" VPOS="402.23622047244095" HPOS="169.22834645669292" CONTENT="de" ID="tl_20_3" STYLEREFS="FONT0"/>
            <SP HEIGHT="14.173228346456693" WIDTH="5.952755905511811" VPOS="402.23622047244095" HPOS="204.66141732283464"/>
            <String HEIGHT="14.173228346456693" WIDTH="76.81889763779527" VPOS="402.23622047244095" HPOS="187.08661417322836" CONTENT="Catherine" ID="tl_20_4" STYLEREFS="FONT0"/>
            <SP HEIGHT="14.173228346456693" WIDTH="5.952755905511811" VPOS="402.23622047244095" HPOS="263.62204724409446"/>
            <String HEIGHT="14.173228346456693" WIDTH="41.38582677165354" VPOS="402.23622047244095" HPOS="246.04724409448818" CONTENT="II," ID="tl_20_5" STYLEREFS="FONT0"/>
            <SP HEIGHT="14.173228346456693" WIDTH="5.952755905511811" VPOS="402.23622047244095" HPOS="287.43307086614175"/>
            <String HEIGHT="14.173228346456693" WIDTH="53.00787401574803" VPOS="402.23622047244095" HPOS="269.5748031496063" CONTENT="grand" ID="tl_20_6" STYLEREFS="FONT0"/>
            <SP HEIGHT="14.173228346456693" WIDTH="5.952755905511811" VPOS="402.23622047244095" HPOS="322.86614173228344"/>
            <String HEIGHT="14.173228346456693" WIDTH="58.960629921259844" VPOS="402.23622047244095" HPOS="305.00787401574803" CONTENT="maître" ID="tl_20_7" STYLEREFS="FONT0"/>
            <SP HEIGHT="14.173228346456693" WIDTH="5.952755905511811" VPOS="402.23622047244095" HPOS="363.9685039370079"/>
            <String HEIGHT="14.173228346456693" WIDTH="41.38582677165354" VPOS="402.23622047244095" HPOS="346.3937007874016" CONTENT="des" ID="tl_20_8" STYLEREFS="FONT0"/>
            <SP HEIGHT="14.173228346456693" WIDTH="5.952755905511811" VPOS="402.23622047244095" HPOS="387.496062992126"/>
            <String HEIGHT="14.173228346456693" WIDTH="70.86614173228347" VPOS="402.23622047244095" HPOS="363.9685039370079" CONTENT="cérémonies" ID="tl_20_9" STYLEREFS="FONT0"/>
          </TextLine>
          <TextLine ID="tl_21" BASELINE="1519" HEIGHT="14.456692913385826" WIDTH="317.76377952755905" VPOS="416.12598425196853" HPOS="116.78740157480316">
            <String HEIGHT="14.456692913385826" WIDTH="39.68503937007874" VPOS="416.12598425196853" HPOS="110.26771653543307" CONTENT="de" ID="tl_21_1" STYLEREFS="FONT0"/>
            <SP HEIGHT="14.456692913385826" WIDTH="6.519685039370079" VPOS="416.12598425196853" HPOS="149.95275590551182"/>
            <String HEIGHT="14.456692913385826" WIDTH="79.37007874015748" VPOS="416.12598425196853" HPOS="130.11023622047244" CONTENT="Napoléon" ID="tl_21_2" STYLEREFS="FONT0"/>
            <SP HEIGHT="14.456692913385826" WIDTH="6.519685039370079" VPOS="416.12598425196853" HPOS="209.48031496062993"/>
            <String HEIGHT="14.456692913385826" WIDTH="53.00787401574803" VPOS="416.12598425196853" HPOS="189.63779527559055" CONTENT="Ier," ID="tl_21_3" STYLEREFS="FONT0"/>
            <SP HEIGHT="14.456692913385826" WIDTH="6.519685039370079" VPOS="416.12598425196853" HPOS="242.64566929133858"/>
            <String HEIGHT="14.456692913385826" WIDTH="66.33070866141732" VPOS="416.12598425196853" HPOS="222.8031496062992" CONTENT="membre" ID="tl_21_4" STYLEREFS="FONT0"/>
            <SP HEIGHT="14.456692913385826" WIDTH="6.519685039370079" VPOS="416.12598425196853" HPOS="288.8503937007874"/>
            <String HEIGHT="14.456692913385826" WIDTH="39.68503937007874" VPOS="416.12598425196853" HPOS="269.00787401574803" CONTENT="de" ID="tl_21_5" STYLEREFS="FONT0"/>
            <SP HEIGHT="14.456692913385826" WIDTH="6.519685039370079" VPOS="416.12598425196853" HPOS="308.6929133858268"/>
            <String HEIGHT="14.456692913385826" WIDTH="92.69291338582677" VPOS="416.12598425196853" HPOS="288.8503937007874" CONTENT="l’Académie" ID="tl_21_6" STYLEREFS="FONT0"/>
            <SP HEIGHT="14.456692913385826" WIDTH="6.519685039370079" VPOS="416.12598425196853" HPOS="381.54330708661416"/>
            <String HEIGHT="14.456692913385826" WIDTH="79.37007874015748" VPOS="416.12598425196853" HPOS="355.18110236220474" CONTENT="française," ID="tl_21_7" STYLEREFS="FONT0"/>
          </TextLine>
        </TextBlock>
        <TextBlock ID="r_3_9" HEIGHT="12.755905511811024" WIDTH="107.14960629921259" VPOS="431.1496062992126" HPOS="116.50393700787401">
          <TextLine ID="tl_22" BASELINE="1565" HEIGHT="12.188976377952756" WIDTH="106.58267716535433" VPOS="431.43307086614175" HPOS="116.78740157480316">
            <String HEIGHT="12.188976377952756" WIDTH="37.7007874015748" VPOS="431.43307086614175" HPOS="110.55118110236221" CONTENT="m." ID="tl_22_1" STYLEREFS="FONT0"/>
            <SP HEIGHT="12.188976377952756" WIDTH="6.2362204724409445" VPOS="431.43307086614175" HPOS="148.251968503937"/>
            <String HEIGHT="12.188976377952756" WIDTH="56.40944881889764" VPOS="431.43307086614175" HPOS="129.25984251968504" CONTENT="1753," ID="tl_22_2" STYLEREFS="FONT0"/>
            <SP HEIGHT="12.188976377952756" WIDTH="6.2362204724409445" VPOS="431.43307086614175" HPOS="185.66929133858267"/>
            <String HEIGHT="12.188976377952756" WIDTH="37.7007874015748" VPOS="431.43307086614175" HPOS="166.96062992125985" CONTENT="m." ID="tl_22_3" STYLEREFS="FONT0"/>
            <SP HEIGHT="12.188976377952756" WIDTH="6.2362204724409445" VPOS="431.43307086614175" HPOS="204.66141732283464"/>
            <String HEIGHT="12.188976377952756" WIDTH="43.93700787401575" VPOS="431.43307086614175" HPOS="179.43307086614172" CONTENT="1830." ID="tl_22_4" STYLEREFS="FONT0"/>
          </TextLine>
        </TextBlock>
        <TextBlock ID="r_3_10" HEIGHT="13.32283464566929" WIDTH="309.8267716535433" VPOS="449.5748031496063" HPOS="126.14173228346456">
          <TextLine ID="tl_23" BASELINE="1632" HEIGHT="12.755905511811024" WIDTH="309.25984251968504" VPOS="449.8582677165354" HPOS="126.4251968503937">
            <String HEIGHT="12.755905511811024" WIDTH="32.031496062992126" VPOS="449.8582677165354" HPOS="121.03937007874016" CONTENT="L." ID="tl_23_1" STYLEREFS="FONT0"/>
            <SP HEIGHT="12.755905511811024" WIDTH="5.3858267716535435" VPOS="449.8582677165354" HPOS="153.0708661417323"/>
            <String HEIGHT="12.755905511811024" WIDTH="32.031496062992126" VPOS="449.8582677165354" HPOS="137.1968503937008" CONTENT="a." ID="tl_23_2" STYLEREFS="FONT0"/>
            <SP HEIGHT="12.755905511811024" WIDTH="5.3858267716535435" VPOS="449.8582677165354" HPOS="168.9448818897638"/>
            <String HEIGHT="12.755905511811024" WIDTH="32.031496062992126" VPOS="449.8582677165354" HPOS="153.0708661417323" CONTENT="s." ID="tl_23_3" STYLEREFS="FONT0"/>
            <SP HEIGHT="12.755905511811024" WIDTH="5.3858267716535435" VPOS="449.8582677165354" HPOS="185.10236220472441"/>
            <String HEIGHT="12.755905511811024" WIDTH="32.031496062992126" VPOS="449.8582677165354" HPOS="168.9448818897638" CONTENT="(à" ID="tl_23_4" STYLEREFS="FONT0"/>
            <SP HEIGHT="12.755905511811024" WIDTH="5.3858267716535435" VPOS="449.8582677165354" HPOS="200.9763779527559"/>
            <String HEIGHT="12.755905511811024" WIDTH="74.55118110236221" VPOS="449.8582677165354" HPOS="185.10236220472441" CONTENT="POTEMKIM);" ID="tl_23_5" STYLEREFS="FONT0"/>
            <SP HEIGHT="12.755905511811024" WIDTH="5.3858267716535435" VPOS="449.8582677165354" HPOS="259.65354330708664"/>
            <String HEIGHT="12.755905511811024" WIDTH="117.35433070866142" VPOS="449.8582677165354" HPOS="243.7795275590551" CONTENT="Saint-Pétersbourg," ID="tl_23_6" STYLEREFS="FONT0"/>
            <SP HEIGHT="12.755905511811024" WIDTH="5.3858267716535435" VPOS="449.8582677165354" HPOS="361.13385826771656"/>
            <String HEIGHT="12.755905511811024" WIDTH="32.031496062992126" VPOS="449.8582677165354" HPOS="344.9763779527559" CONTENT="20" ID="tl_23_7" STYLEREFS="FONT0"/>
            <SP HEIGHT="12.755905511811024" WIDTH="5.3858267716535435" VPOS="449.8582677165354" HPOS="377.00787401574803"/>
            <String HEIGHT="12.755905511811024" WIDTH="58.67716535433071" VPOS="449.8582677165354" HPOS="361.13385826771656" CONTENT="octobre" ID="tl_23_8" STYLEREFS="FONT0"/>
            <SP HEIGHT="12.755905511811024" WIDTH="5.3858267716535435" VPOS="449.8582677165354" HPOS="419.81102362204723"/>
            <String HEIGHT="12.755905511811024" WIDTH="37.41732283464567" VPOS="449.8582677165354" HPOS="398.26771653543307" CONTENT="1787," ID="tl_23_9" STYLEREFS="FONT0"/>
          </TextLine>
        </TextBlock>
        <TextBlock ID="r_3_11" HEIGHT="11.905511811023622" WIDTH="44.503937007874015" VPOS="462.3307086614173" HPOS="115.65354330708661">
          <TextLine ID="tl_24" BASELINE="1672" HEIGHT="11.338582677165354" WIDTH="43.93700787401575" VPOS="462.61417322834643" HPOS="115.93700787401575">
            <String HEIGHT="11.338582677165354" WIDTH="22.11023622047244" VPOS="462.61417322834643" HPOS="111.68503937007874" CONTENT="3" ID="tl_24_1" STYLEREFS="FONT0"/>
            <SP HEIGHT="11.338582677165354" WIDTH="4.535433070866142" VPOS="462.61417322834643" HPOS="133.51181102362204"/>
            <String HEIGHT="11.338582677165354" WIDTH="26.362204724409448" VPOS="462.61417322834643" HPOS="120.4724409448819" CONTENT="p." ID="tl_24_2" STYLEREFS="FONT0"/>
            <SP HEIGHT="11.338582677165354" WIDTH="4.535433070866142" VPOS="462.61417322834643" HPOS="146.83464566929135"/>
            <String HEIGHT="11.338582677165354" WIDTH="30.89763779527559" VPOS="462.61417322834643" HPOS="129.25984251968504" CONTENT="in" ID="tl_24_3" STYLEREFS="FONT0"/>
          </TextLine>
        </TextBlock>
        <TextBlock ID="r_3_12" HEIGHT="52.724409448818896" WIDTH="325.13385826771656" VPOS="478.48818897637796" HPOS="111.4015748031496">
          <TextLine ID="tl_25" BASELINE="1727" HEIGHT="10.771653543307087" WIDTH="314.6456692913386" VPOS="478.7716535433071" HPOS="121.32283464566929">
            <String HEIGHT="10.771653543307087" WIDTH="38.83464566929134" VPOS="478.7716535433071" HPOS="116.50393700787401" CONTENT="TRÈS" ID="tl_25_1" STYLEREFS="FONT0"/>
            <SP HEIGHT="10.771653543307087" WIDTH="4.818897637795276" VPOS="478.7716535433071" HPOS="155.33858267716536"/>
            <String HEIGHT="10.771653543307087" WIDTH="58.110236220472444" VPOS="478.7716535433071" HPOS="140.5984251968504" CONTENT="CURIEUSE" ID="tl_25_2" STYLEREFS="FONT0"/>
            <SP HEIGHT="10.771653543307087" WIDTH="4.818897637795276" VPOS="478.7716535433071" HPOS="198.70866141732284"/>
            <String HEIGHT="10.771653543307087" WIDTH="48.47244094488189" VPOS="478.7716535433071" HPOS="184.251968503937" CONTENT="lettre" ID="tl_25_3" STYLEREFS="FONT0"/>
            <SP HEIGHT="10.771653543307087" WIDTH="4.818897637795276" VPOS="478.7716535433071" HPOS="232.7244094488189"/>
            <String HEIGHT="10.771653543307087" WIDTH="28.913385826771652" VPOS="478.7716535433071" HPOS="218.26771653543307" CONTENT="où" ID="tl_25_4" STYLEREFS="FONT0"/>
            <SP HEIGHT="10.771653543307087" WIDTH="4.818897637795276" VPOS="478.7716535433071" HPOS="247.1811023622047"/>
            <String HEIGHT="10.771653543307087" WIDTH="28.913385826771652" VPOS="478.7716535433071" HPOS="232.7244094488189" CONTENT="il" ID="tl_25_5" STYLEREFS="FONT0"/>
            <SP HEIGHT="10.771653543307087" WIDTH="4.818897637795276" VPOS="478.7716535433071" HPOS="261.6377952755906"/>
            <String HEIGHT="10.771653543307087" WIDTH="34.01574803149607" VPOS="478.7716535433071" HPOS="247.1811023622047" CONTENT="lui" ID="tl_25_6" STYLEREFS="FONT0"/>
            <SP HEIGHT="10.771653543307087" WIDTH="4.818897637795276" VPOS="478.7716535433071" HPOS="281.1968503937008"/>
            <String HEIGHT="10.771653543307087" WIDTH="48.47244094488189" VPOS="478.7716535433071" HPOS="266.45669291338584" CONTENT="soumet" ID="tl_25_7" STYLEREFS="FONT0"/>
            <SP HEIGHT="10.771653543307087" WIDTH="4.818897637795276" VPOS="478.7716535433071" HPOS="314.92913385826773"/>
            <String HEIGHT="10.771653543307087" WIDTH="28.913385826771652" VPOS="478.7716535433071" HPOS="300.4724409448819" CONTENT="un" ID="tl_25_8" STYLEREFS="FONT0"/>
            <SP HEIGHT="10.771653543307087" WIDTH="4.818897637795276" VPOS="478.7716535433071" HPOS="329.38582677165357"/>
            <String HEIGHT="10.771653543307087" WIDTH="38.83464566929134" VPOS="478.7716535433071" HPOS="314.92913385826773" CONTENT="plan" ID="tl_25_9" STYLEREFS="FONT0"/>
            <SP HEIGHT="10.771653543307087" WIDTH="4.818897637795276" VPOS="478.7716535433071" HPOS="353.76377952755905"/>
            <String HEIGHT="10.771653543307087" WIDTH="67.74803149606299" VPOS="478.7716535433071" HPOS="339.0236220472441" CONTENT="d’alliance" ID="tl_25_10" STYLEREFS="FONT0"/>
            <SP HEIGHT="10.771653543307087" WIDTH="4.818897637795276" VPOS="478.7716535433071" HPOS="407.0551181102362"/>
            <String HEIGHT="10.771653543307087" WIDTH="43.653543307086615" VPOS="478.7716535433071" HPOS="392.31496062992125" CONTENT="entre" ID="tl_25_11" STYLEREFS="FONT0"/>
            <SP HEIGHT="10.771653543307087" WIDTH="4.818897637795276" VPOS="478.7716535433071" HPOS="435.9685039370079"/>
            <String HEIGHT="10.771653543307087" WIDTH="19.275590551181104" VPOS="478.7716535433071" HPOS="416.6929133858268" CONTENT="la" ID="tl_25_12" STYLEREFS="FONT0"/>
          </TextLine>
          <TextLine ID="tl_26" BASELINE="1761" HEIGHT="10.488188976377952" WIDTH="323.1496062992126" VPOS="488.6929133858268" HPOS="111.68503937007874">
            <String HEIGHT="10.488188976377952" WIDTH="44.22047244094488" VPOS="488.6929133858268" HPOS="107.14960629921259" CONTENT="France" ID="tl_26_1" STYLEREFS="FONT0"/>
            <SP HEIGHT="10.488188976377952" WIDTH="4.535433070866142" VPOS="488.6929133858268" HPOS="151.6535433070866"/>
            <String HEIGHT="10.488188976377952" WIDTH="26.64566929133858" VPOS="488.6929133858268" HPOS="138.33070866141733" CONTENT="et" ID="tl_26_2" STYLEREFS="FONT0"/>
            <SP HEIGHT="10.488188976377952" WIDTH="4.535433070866142" VPOS="488.6929133858268" HPOS="164.69291338582678"/>
            <String HEIGHT="10.488188976377952" WIDTH="26.64566929133858" VPOS="488.6929133858268" HPOS="151.6535433070866" CONTENT="la" ID="tl_26_3" STYLEREFS="FONT0"/>
            <SP HEIGHT="10.488188976377952" WIDTH="4.535433070866142" VPOS="488.6929133858268" HPOS="178.01574803149606"/>
            <String HEIGHT="10.488188976377952" WIDTH="48.75590551181102" VPOS="488.6929133858268" HPOS="164.69291338582678" CONTENT="Russie." ID="tl_26_4" STYLEREFS="FONT0"/>
            <SP HEIGHT="10.488188976377952" WIDTH="4.535433070866142" VPOS="488.6929133858268" HPOS="213.4488188976378"/>
            <String HEIGHT="10.488188976377952" WIDTH="26.64566929133858" VPOS="488.6929133858268" HPOS="200.1259842519685" CONTENT="Il" ID="tl_26_5" STYLEREFS="FONT0"/>
            <SP HEIGHT="10.488188976377952" WIDTH="4.535433070866142" VPOS="488.6929133858268" HPOS="226.77165354330708"/>
            <String HEIGHT="10.488188976377952" WIDTH="30.89763779527559" VPOS="488.6929133858268" HPOS="213.4488188976378" CONTENT="lui" ID="tl_26_6" STYLEREFS="FONT0"/>
            <SP HEIGHT="10.488188976377952" WIDTH="4.535433070866142" VPOS="488.6929133858268" HPOS="244.3464566929134"/>
            <String HEIGHT="10.488188976377952" WIDTH="48.75590551181102" VPOS="488.6929133858268" HPOS="231.30708661417322" CONTENT="demande" ID="tl_26_7" STYLEREFS="FONT0"/>
            <SP HEIGHT="10.488188976377952" WIDTH="4.535433070866142" VPOS="488.6929133858268" HPOS="279.7795275590551"/>
            <String HEIGHT="10.488188976377952" WIDTH="44.22047244094488" VPOS="488.6929133858268" HPOS="266.74015748031496" CONTENT="quelle" ID="tl_26_8" STYLEREFS="FONT0"/>
            <SP HEIGHT="10.488188976377952" WIDTH="4.535433070866142" VPOS="488.6929133858268" HPOS="310.96062992125985"/>
            <String HEIGHT="10.488188976377952" WIDTH="44.22047244094488" VPOS="488.6929133858268" HPOS="297.6377952755906" CONTENT="serait" ID="tl_26_9" STYLEREFS="FONT0"/>
            <SP HEIGHT="10.488188976377952" WIDTH="4.535433070866142" VPOS="488.6929133858268" HPOS="341.8582677165354"/>
            <String HEIGHT="10.488188976377952" WIDTH="62.07874015748032" VPOS="488.6929133858268" HPOS="328.53543307086613" CONTENT="l’attitude" ID="tl_26_10" STYLEREFS="FONT0"/>
            <SP HEIGHT="10.488188976377952" WIDTH="4.535433070866142" VPOS="488.6929133858268" HPOS="390.61417322834643"/>
            <String HEIGHT="10.488188976377952" WIDTH="26.64566929133858" VPOS="488.6929133858268" HPOS="377.29133858267716" CONTENT="de" ID="tl_26_11" STYLEREFS="FONT0"/>
            <SP HEIGHT="10.488188976377952" WIDTH="4.535433070866142" VPOS="488.6929133858268" HPOS="403.93700787401576"/>
            <String HEIGHT="10.488188976377952" WIDTH="26.64566929133858" VPOS="488.6929133858268" HPOS="390.61417322834643" CONTENT="la" ID="tl_26_12" STYLEREFS="FONT0"/>
            <SP HEIGHT="10.488188976377952" WIDTH="4.535433070866142" VPOS="488.6929133858268" HPOS="417.25984251968504"/>
            <String HEIGHT="10.488188976377952" WIDTH="35.43307086614173" VPOS="488.6929133858268" HPOS="399.40157480314963" CONTENT="Russie" ID="tl_26_13" STYLEREFS="FONT0"/>
          </TextLine>
          <TextLine ID="tl_27" BASELINE="1800" HEIGHT="11.622047244094489" WIDTH="324.0" VPOS="498.61417322834643" HPOS="111.96850393700787">
            <String HEIGHT="11.622047244094489" WIDTH="59.24409448818898" VPOS="498.61417322834643" HPOS="107.43307086614173" CONTENT="vis-à-vis" ID="tl_27_1" STYLEREFS="FONT0"/>
            <SP HEIGHT="11.622047244094489" WIDTH="4.535433070866142" VPOS="498.61417322834643" HPOS="166.6771653543307"/>
            <String HEIGHT="11.622047244094489" WIDTH="32.031496062992126" VPOS="498.61417322834643" HPOS="153.0708661417323" CONTENT="des" ID="tl_27_2" STYLEREFS="FONT0"/>
            <SP HEIGHT="11.622047244094489" WIDTH="4.535433070866142" VPOS="498.61417322834643" HPOS="185.10236220472441"/>
            <String HEIGHT="11.622047244094489" WIDTH="50.173228346456696" VPOS="498.61417322834643" HPOS="171.21259842519686" CONTENT="Anglais" ID="tl_27_3" STYLEREFS="FONT0"/>
            <SP HEIGHT="11.622047244094489" WIDTH="4.535433070866142" VPOS="498.61417322834643" HPOS="221.38582677165354"/>
            <String HEIGHT="11.622047244094489" WIDTH="27.496062992125985" VPOS="498.61417322834643" HPOS="207.7795275590551" CONTENT="si" ID="tl_27_4" STYLEREFS="FONT0"/>
            <SP HEIGHT="11.622047244094489" WIDTH="4.535433070866142" VPOS="498.61417322834643" HPOS="235.2755905511811"/>
            <String HEIGHT="11.622047244094489" WIDTH="27.496062992125985" VPOS="498.61417322834643" HPOS="221.38582677165354" CONTENT="la" ID="tl_27_5" STYLEREFS="FONT0"/>
            <SP HEIGHT="11.622047244094489" WIDTH="4.535433070866142" VPOS="498.61417322834643" HPOS="248.88188976377953"/>
            <String HEIGHT="11.622047244094489" WIDTH="45.63779527559055" VPOS="498.61417322834643" HPOS="235.2755905511811" CONTENT="France" ID="tl_27_6" STYLEREFS="FONT0"/>
            <SP HEIGHT="11.622047244094489" WIDTH="4.535433070866142" VPOS="498.61417322834643" HPOS="280.9133858267717"/>
            <String HEIGHT="11.622047244094489" WIDTH="45.63779527559055" VPOS="498.61417322834643" HPOS="267.0236220472441" CONTENT="aidait" ID="tl_27_7" STYLEREFS="FONT0"/>
            <SP HEIGHT="11.622047244094489" WIDTH="4.535433070866142" VPOS="498.61417322834643" HPOS="312.66141732283467"/>
            <String HEIGHT="11.622047244094489" WIDTH="27.496062992125985" VPOS="498.61417322834643" HPOS="299.0551181102362" CONTENT="la" ID="tl_27_8" STYLEREFS="FONT0"/>
            <SP HEIGHT="11.622047244094489" WIDTH="4.535433070866142" VPOS="498.61417322834643" HPOS="326.5511811023622"/>
            <String HEIGHT="11.622047244094489" WIDTH="45.63779527559055" VPOS="498.61417322834643" HPOS="312.66141732283467" CONTENT="Russie" ID="tl_27_9" STYLEREFS="FONT0"/>
            <SP HEIGHT="11.622047244094489" WIDTH="4.535433070866142" VPOS="498.61417322834643" HPOS="358.2992125984252"/>
            <String HEIGHT="11.622047244094489" WIDTH="22.677165354330707" VPOS="498.61417322834643" HPOS="344.6929133858268" CONTENT="à" ID="tl_27_10" STYLEREFS="FONT0"/>
            <SP HEIGHT="11.622047244094489" WIDTH="4.535433070866142" VPOS="498.61417322834643" HPOS="367.65354330708664"/>
            <String HEIGHT="11.622047244094489" WIDTH="45.63779527559055" VPOS="498.61417322834643" HPOS="353.76377952755905" CONTENT="lutter" ID="tl_27_11" STYLEREFS="FONT0"/>
            <SP HEIGHT="11.622047244094489" WIDTH="4.535433070866142" VPOS="498.61417322834643" HPOS="399.40157480314963"/>
            <String HEIGHT="11.622047244094489" WIDTH="45.63779527559055" VPOS="498.61417322834643" HPOS="385.79527559055117" CONTENT="contre" ID="tl_27_12" STYLEREFS="FONT0"/>
            <SP HEIGHT="11.622047244094489" WIDTH="4.535433070866142" VPOS="498.61417322834643" HPOS="431.43307086614175"/>
            <String HEIGHT="11.622047244094489" WIDTH="22.677165354330707" VPOS="498.61417322834643" HPOS="413.29133858267716" CONTENT="les" ID="tl_27_13" STYLEREFS="FONT0"/>
          </TextLine>
          <TextLine ID="tl_28" BASELINE="1834" HEIGHT="11.05511811023622" WIDTH="324.0" VPOS="508.81889763779526" HPOS="112.25196850393701">
            <String HEIGHT="11.05511811023622" WIDTH="49.039370078740156" VPOS="508.81889763779526" HPOS="107.43307086614173" CONTENT="Turcs." ID="tl_28_1" STYLEREFS="FONT0"/>
            <SP HEIGHT="11.05511811023622" WIDTH="4.818897637795276" VPOS="508.81889763779526" HPOS="156.4724409448819"/>
            <String HEIGHT="11.05511811023622" WIDTH="29.480314960629922" VPOS="508.81889763779526" HPOS="141.73228346456693" CONTENT="Il" ID="tl_28_2" STYLEREFS="FONT0"/>
            <SP HEIGHT="11.05511811023622" WIDTH="4.818897637795276" VPOS="508.81889763779526" HPOS="171.21259842519686"/>
            <String HEIGHT="11.05511811023622" WIDTH="34.2992125984252" VPOS="508.81889763779526" HPOS="156.4724409448819" CONTENT="lui" ID="tl_28_3" STYLEREFS="FONT0"/>
            <SP HEIGHT="11.05511811023622" WIDTH="4.818897637795276" VPOS="508.81889763779526" HPOS="190.77165354330708"/>
            <String HEIGHT="11.05511811023622" WIDTH="54.14173228346457" VPOS="508.81889763779526" HPOS="176.03149606299212" CONTENT="demande" ID="tl_28_4" STYLEREFS="FONT0"/>
            <SP HEIGHT="11.05511811023622" WIDTH="4.818897637795276" VPOS="508.81889763779526" HPOS="230.17322834645668"/>
            <String HEIGHT="11.05511811023622" WIDTH="34.2992125984252" VPOS="508.81889763779526" HPOS="215.43307086614172" CONTENT="son" ID="tl_28_5" STYLEREFS="FONT0"/>
            <SP HEIGHT="11.05511811023622" WIDTH="4.818897637795276" VPOS="508.81889763779526" HPOS="249.73228346456693"/>
            <String HEIGHT="11.05511811023622" WIDTH="44.22047244094488" VPOS="508.81889763779526" HPOS="234.99212598425197" CONTENT="appui" ID="tl_28_6" STYLEREFS="FONT0"/>
            <SP HEIGHT="11.05511811023622" WIDTH="4.818897637795276" VPOS="508.81889763779526" HPOS="279.21259842519686"/>
            <String HEIGHT="11.05511811023622" WIDTH="39.40157480314961" VPOS="508.81889763779526" HPOS="264.4724409448819" CONTENT="pour" ID="tl_28_7" STYLEREFS="FONT0"/>
            <SP HEIGHT="11.05511811023622" WIDTH="4.818897637795276" VPOS="508.81889763779526" HPOS="303.59055118110234"/>
            <String HEIGHT="11.05511811023622" WIDTH="54.14173228346457" VPOS="508.81889763779526" HPOS="288.8503937007874" CONTENT="appuyer" ID="tl_28_8" STYLEREFS="FONT0"/>
            <SP HEIGHT="11.05511811023622" WIDTH="4.818897637795276" VPOS="508.81889763779526" HPOS="342.99212598425197"/>
            <String HEIGHT="11.05511811023622" WIDTH="29.480314960629922" VPOS="508.81889763779526" HPOS="328.251968503937" CONTENT="un" ID="tl_28_9" STYLEREFS="FONT0"/>
            <SP HEIGHT="11.05511811023622" WIDTH="4.818897637795276" VPOS="508.81889763779526" HPOS="357.73228346456693"/>
            <String HEIGHT="11.05511811023622" WIDTH="68.5984251968504" VPOS="508.81889763779526" HPOS="342.99212598425197" CONTENT="changement" ID="tl_28_10" STYLEREFS="FONT0"/>
            <SP HEIGHT="11.05511811023622" WIDTH="4.818897637795276" VPOS="508.81889763779526" HPOS="411.59055118110234"/>
            <String HEIGHT="11.05511811023622" WIDTH="29.480314960629922" VPOS="508.81889763779526" HPOS="396.8503937007874" CONTENT="si" ID="tl_28_11" STYLEREFS="FONT0"/>
            <SP HEIGHT="11.05511811023622" WIDTH="4.818897637795276" VPOS="508.81889763779526" HPOS="426.3307086614173"/>
            <String HEIGHT="11.05511811023622" WIDTH="29.480314960629922" VPOS="508.81889763779526" HPOS="406.7716535433071" CONTENT="com" SUBS_TYPE="HypPart1" SUBS_CONTENT="complet" ID="tl_28_12" STYLEREFS="FONT0"/>
            <HYP CONTENT="-"/>
          </TextLine>
          <TextLine ID="tl_29" BASELINE="1873" HEIGHT="11.622047244094489" WIDTH="209.76377952755905" VPOS="519.3070866141733" HPOS="112.53543307086615">
            <String HEIGHT="11.622047244094489" WIDTH="36.56692913385827" VPOS="519.3070866141733" HPOS="108.0" CONTENT="plet" SUBS_TYPE="HypPart2" SUBS_CONTENT="complet" ID="tl_29_1" STYLEREFS="FONT0"/>
            <SP HEIGHT="11.622047244094489" WIDTH="4.535433070866142" VPOS="519.3070866141733" HPOS="144.56692913385828"/>
            <String HEIGHT="11.622047244094489" WIDTH="36.56692913385827" VPOS="519.3070866141733" HPOS="130.6771653543307" CONTENT="dans" ID="tl_29_2" STYLEREFS="FONT0"/>
            <SP HEIGHT="11.622047244094489" WIDTH="4.535433070866142" VPOS="519.3070866141733" HPOS="167.24409448818898"/>
            <String HEIGHT="11.622047244094489" WIDTH="27.496062992125985" VPOS="519.3070866141733" HPOS="153.63779527559055" CONTENT="la" ID="tl_29_3" STYLEREFS="FONT0"/>
            <SP HEIGHT="11.622047244094489" WIDTH="4.535433070866142" VPOS="519.3070866141733" HPOS="180.8503937007874"/>
            <String HEIGHT="11.622047244094489" WIDTH="59.24409448818898" VPOS="519.3070866141733" HPOS="167.24409448818898" CONTENT="politique" ID="tl_29_4" STYLEREFS="FONT0"/>
            <SP HEIGHT="11.622047244094489" WIDTH="4.535433070866142" VPOS="519.3070866141733" HPOS="226.48818897637796"/>
            <String HEIGHT="11.622047244094489" WIDTH="59.24409448818898" VPOS="519.3070866141733" HPOS="212.88188976377953" CONTENT="étrangère" ID="tl_29_5" STYLEREFS="FONT0"/>
            <SP HEIGHT="11.622047244094489" WIDTH="4.535433070866142" VPOS="519.3070866141733" HPOS="272.12598425196853"/>
            <String HEIGHT="11.622047244094489" WIDTH="27.496062992125985" VPOS="519.3070866141733" HPOS="258.5196850393701" CONTENT="de" ID="tl_29_6" STYLEREFS="FONT0"/>
            <SP HEIGHT="11.622047244094489" WIDTH="4.535433070866142" VPOS="519.3070866141733" HPOS="285.73228346456693"/>
            <String HEIGHT="11.622047244094489" WIDTH="27.496062992125985" VPOS="519.3070866141733" HPOS="272.12598425196853" CONTENT="la" ID="tl_29_7" STYLEREFS="FONT0"/>
            <SP HEIGHT="11.622047244094489" WIDTH="4.535433070866142" VPOS="519.3070866141733" HPOS="299.62204724409446"/>
            <String HEIGHT="11.622047244094489" WIDTH="41.10236220472441" VPOS="519.3070866141733" HPOS="281.1968503937008" CONTENT="France." ID="tl_29_8" STYLEREFS="FONT0"/>
          </TextLine>
        </TextBlock>
        <TextBlock ID="r_3_13" HEIGHT="29.480314960629922" WIDTH="352.34645669291336" VPOS="539.1496062992126" HPOS="84.18897637795276">
          <TextLine ID="tl_30" BASELINE="1954" HEIGHT="14.456692913385826" WIDTH="351.7795275590551" VPOS="539.4330708661417" HPOS="84.4724409448819">
            <String HEIGHT="14.456692913385826" WIDTH="48.47244094488189" VPOS="539.4330708661417" HPOS="78.51968503937007" CONTENT="114." ID="tl_30_1" STYLEREFS="FONT0"/>
            <SP HEIGHT="14.456692913385826" WIDTH="5.952755905511811" VPOS="539.4330708661417" HPOS="126.99212598425197"/>
            <String HEIGHT="14.456692913385826" WIDTH="54.70866141732284" VPOS="539.4330708661417" HPOS="108.85039370078741" CONTENT="SOULT" ID="tl_30_2" STYLEREFS="FONT0"/>
            <SP HEIGHT="14.456692913385826" WIDTH="5.952755905511811" VPOS="539.4330708661417" HPOS="163.2755905511811"/>
            <String HEIGHT="14.456692913385826" WIDTH="54.70866141732284" VPOS="539.4330708661417" HPOS="145.13385826771653" CONTENT="(Jean" ID="tl_30_3" STYLEREFS="FONT0"/>
            <SP HEIGHT="14.456692913385826" WIDTH="5.952755905511811" VPOS="539.4330708661417" HPOS="199.84251968503938"/>
            <String HEIGHT="14.456692913385826" WIDTH="36.28346456692913" VPOS="539.4330708661417" HPOS="181.41732283464566" CONTENT="de" ID="tl_30_4" STYLEREFS="FONT0"/>
            <SP HEIGHT="14.456692913385826" WIDTH="5.952755905511811" VPOS="539.4330708661417" HPOS="217.98425196850394"/>
            <String HEIGHT="14.456692913385826" WIDTH="60.661417322834644" VPOS="539.4330708661417" HPOS="199.84251968503938" CONTENT="Dieu)," ID="tl_30_5" STYLEREFS="FONT0"/>
            <SP HEIGHT="14.456692913385826" WIDTH="5.952755905511811" VPOS="539.4330708661417" HPOS="260.503937007874"/>
            <String HEIGHT="14.456692913385826" WIDTH="42.51968503937008" VPOS="539.4330708661417" HPOS="242.07874015748033" CONTENT="duc" ID="tl_30_6" STYLEREFS="FONT0"/>
            <SP HEIGHT="14.456692913385826" WIDTH="5.952755905511811" VPOS="539.4330708661417" HPOS="284.59842519685037"/>
            <String HEIGHT="14.456692913385826" WIDTH="36.28346456692913" VPOS="539.4330708661417" HPOS="266.45669291338584" CONTENT="de" ID="tl_30_7" STYLEREFS="FONT0"/>
            <SP HEIGHT="14.456692913385826" WIDTH="5.952755905511811" VPOS="539.4330708661417" HPOS="302.74015748031496"/>
            <String HEIGHT="14.456692913385826" WIDTH="78.80314960629921" VPOS="539.4330708661417" HPOS="284.59842519685037" CONTENT="Dalmatie," ID="tl_30_8" STYLEREFS="FONT0"/>
            <SP HEIGHT="14.456692913385826" WIDTH="5.952755905511811" VPOS="539.4330708661417" HPOS="363.40157480314963"/>
            <String HEIGHT="14.456692913385826" WIDTH="72.85039370078741" VPOS="539.4330708661417" HPOS="345.25984251968504" CONTENT="illustre" ID="tl_30_9" STYLEREFS="FONT0"/>
            <SP HEIGHT="14.456692913385826" WIDTH="5.952755905511811" VPOS="539.4330708661417" HPOS="418.1102362204724"/>
            <String HEIGHT="14.456692913385826" WIDTH="42.51968503937008" VPOS="539.4330708661417" HPOS="393.73228346456693" CONTENT="maré" SUBS_TYPE="HypPart1" SUBS_CONTENT="maréchal" ID="tl_30_10" STYLEREFS="FONT0"/>
            <HYP CONTENT="-"/>
          </TextLine>
          <TextLine ID="tl_31" BASELINE="2005" HEIGHT="14.173228346456693" WIDTH="207.49606299212599" VPOS="554.1732283464567" HPOS="116.78740157480316">
            <String HEIGHT="14.173228346456693" WIDTH="47.338582677165356" VPOS="554.1732283464567" HPOS="110.83464566929133" CONTENT="chal" SUBS_TYPE="HypPart2" SUBS_CONTENT="maréchal" ID="tl_31_1" STYLEREFS="FONT0"/>
            <SP HEIGHT="14.173228346456693" WIDTH="5.952755905511811" VPOS="554.1732283464567" HPOS="158.17322834645668"/>
            <String HEIGHT="14.173228346456693" WIDTH="35.43307086614173" VPOS="554.1732283464567" HPOS="140.5984251968504" CONTENT="de" ID="tl_31_2" STYLEREFS="FONT0"/>
            <SP HEIGHT="14.173228346456693" WIDTH="5.952755905511811" VPOS="554.1732283464567" HPOS="176.03149606299212"/>
            <String HEIGHT="14.173228346456693" WIDTH="77.10236220472441" VPOS="554.1732283464567" HPOS="158.17322834645668" CONTENT="l’Empire," ID="tl_31_3" STYLEREFS="FONT0"/>
            <SP HEIGHT="14.173228346456693" WIDTH="5.952755905511811" VPOS="554.1732283464567" HPOS="235.2755905511811"/>
            <String HEIGHT="14.173228346456693" WIDTH="35.43307086614173" VPOS="554.1732283464567" HPOS="217.70078740157481" CONTENT="n." ID="tl_31_4" STYLEREFS="FONT0"/>
            <SP HEIGHT="14.173228346456693" WIDTH="5.952755905511811" VPOS="554.1732283464567" HPOS="253.13385826771653"/>
            <String HEIGHT="14.173228346456693" WIDTH="53.29133858267716" VPOS="554.1732283464567" HPOS="235.2755905511811" CONTENT="1769," ID="tl_31_5" STYLEREFS="FONT0"/>
            <SP HEIGHT="14.173228346456693" WIDTH="5.952755905511811" VPOS="554.1732283464567" HPOS="288.8503937007874"/>
            <String HEIGHT="14.173228346456693" WIDTH="35.43307086614173" VPOS="554.1732283464567" HPOS="270.99212598425197" CONTENT="m." ID="tl_31_6" STYLEREFS="FONT0"/>
            <SP HEIGHT="14.173228346456693" WIDTH="5.952755905511811" VPOS="554.1732283464567" HPOS="306.4251968503937"/>
            <String HEIGHT="14.173228346456693" WIDTH="41.38582677165354" VPOS="554.1732283464567" HPOS="282.8976377952756" CONTENT="1851." ID="tl_31_7" STYLEREFS="FONT0"/>
          </TextLine>
        </TextBlock>
        <TextBlock ID="r_3_14" HEIGHT="25.228346456692915" WIDTH="320.31496062992125" VPOS="572.8818897637796" HPOS="116.78740157480316">
          <TextLine ID="tl_32" BASELINE="2064" HEIGHT="11.905511811023622" WIDTH="308.6929133858268" VPOS="573.1653543307086" HPOS="128.1259842519685">
            <String HEIGHT="11.905511811023622" WIDTH="31.46456692913386" VPOS="573.1653543307086" HPOS="123.02362204724409" CONTENT="L." ID="tl_32_1" STYLEREFS="FONT0"/>
            <SP HEIGHT="11.905511811023622" WIDTH="5.102362204724409" VPOS="573.1653543307086" HPOS="154.20472440944883"/>
            <String HEIGHT="11.905511811023622" WIDTH="31.46456692913386" VPOS="573.1653543307086" HPOS="138.61417322834646" CONTENT="a." ID="tl_32_2" STYLEREFS="FONT0"/>
            <SP HEIGHT="11.905511811023622" WIDTH="5.102362204724409" VPOS="573.1653543307086" HPOS="170.07874015748033"/>
            <String HEIGHT="11.905511811023622" WIDTH="31.46456692913386" VPOS="573.1653543307086" HPOS="154.20472440944883" CONTENT="s." ID="tl_32_3" STYLEREFS="FONT0"/>
            <SP HEIGHT="11.905511811023622" WIDTH="5.102362204724409" VPOS="573.1653543307086" HPOS="185.66929133858267"/>
            <String HEIGHT="11.905511811023622" WIDTH="26.078740157480315" VPOS="573.1653543307086" HPOS="170.07874015748033" CONTENT="à" ID="tl_32_4" STYLEREFS="FONT0"/>
            <SP HEIGHT="11.905511811023622" WIDTH="5.102362204724409" VPOS="573.1653543307086" HPOS="196.15748031496062"/>
            <String HEIGHT="11.905511811023622" WIDTH="52.44094488188976" VPOS="573.1653543307086" HPOS="180.56692913385828" CONTENT="Bœrio;" ID="tl_32_5" STYLEREFS="FONT0"/>
            <SP HEIGHT="11.905511811023622" WIDTH="5.102362204724409" VPOS="573.1653543307086" HPOS="232.7244094488189"/>
            <String HEIGHT="11.905511811023622" WIDTH="52.44094488188976" VPOS="573.1653543307086" HPOS="217.13385826771653" CONTENT="Turin," ID="tl_32_6" STYLEREFS="FONT0"/>
            <SP HEIGHT="11.905511811023622" WIDTH="5.102362204724409" VPOS="573.1653543307086" HPOS="269.29133858267716"/>
            <String HEIGHT="11.905511811023622" WIDTH="31.46456692913386" VPOS="573.1653543307086" HPOS="253.70078740157481" CONTENT="17" ID="tl_32_7" STYLEREFS="FONT0"/>
            <SP HEIGHT="11.905511811023622" WIDTH="5.102362204724409" VPOS="573.1653543307086" HPOS="285.1653543307087"/>
            <String HEIGHT="11.905511811023622" WIDTH="62.645669291338585" VPOS="573.1653543307086" HPOS="269.29133858267716" CONTENT="frimaire" ID="tl_32_8" STYLEREFS="FONT0"/>
            <SP HEIGHT="11.905511811023622" WIDTH="5.102362204724409" VPOS="573.1653543307086" HPOS="332.2204724409449"/>
            <String HEIGHT="11.905511811023622" WIDTH="31.46456692913386" VPOS="573.1653543307086" HPOS="316.34645669291336" CONTENT="an" ID="tl_32_9" STYLEREFS="FONT0"/>
            <SP HEIGHT="11.905511811023622" WIDTH="5.102362204724409" VPOS="573.1653543307086" HPOS="347.81102362204723"/>
            <String HEIGHT="11.905511811023622" WIDTH="36.56692913385827" VPOS="573.1653543307086" HPOS="332.2204724409449" CONTENT="IX," ID="tl_32_10" STYLEREFS="FONT0"/>
            <SP HEIGHT="11.905511811023622" WIDTH="5.102362204724409" VPOS="573.1653543307086" HPOS="368.78740157480314"/>
            <String HEIGHT="11.905511811023622" WIDTH="26.078740157480315" VPOS="573.1653543307086" HPOS="353.1968503937008" CONTENT="1" ID="tl_32_11" STYLEREFS="FONT0"/>
            <SP HEIGHT="11.905511811023622" WIDTH="5.102362204724409" VPOS="573.1653543307086" HPOS="379.2755905511811"/>
            <String HEIGHT="11.905511811023622" WIDTH="31.46456692913386" VPOS="573.1653543307086" HPOS="363.68503937007875" CONTENT="p." ID="tl_32_12" STYLEREFS="FONT0"/>
            <SP HEIGHT="11.905511811023622" WIDTH="5.102362204724409" VPOS="573.1653543307086" HPOS="394.86614173228344"/>
            <String HEIGHT="11.905511811023622" WIDTH="47.05511811023622" VPOS="573.1653543307086" HPOS="379.2755905511811" CONTENT="in-4," ID="tl_32_13" STYLEREFS="FONT0"/>
            <SP HEIGHT="11.905511811023622" WIDTH="5.102362204724409" VPOS="573.1653543307086" HPOS="426.3307086614173"/>
            <String HEIGHT="11.905511811023622" WIDTH="31.46456692913386" VPOS="573.1653543307086" HPOS="405.3543307086614" CONTENT="tête" ID="tl_32_14" STYLEREFS="FONT0"/>
          </TextLine>
          <TextLine ID="tl_33" BASELINE="2109" HEIGHT="11.338582677165354" WIDTH="49.32283464566929" VPOS="586.488188976378" HPOS="117.07086614173228">
            <String HEIGHT="11.338582677165354" WIDTH="60.37795275590551" VPOS="586.488188976378" HPOS="106.01574803149606" CONTENT="imprimée." ID="tl_33_1" STYLEREFS="FONT0"/>
          </TextLine>
        </TextBlock>
        <TextBlock ID="r_3_15" HEIGHT="30.04724409448819" WIDTH="351.21259842519686" VPOS="605.7637795275591" HPOS="86.1732283464567">
          <TextLine ID="tl_34" BASELINE="2193" HEIGHT="15.590551181102363" WIDTH="350.6456692913386" VPOS="606.0472440944882" HPOS="86.45669291338582">
            <String HEIGHT="15.590551181102363" WIDTH="51.023622047244096" VPOS="606.0472440944882" HPOS="80.22047244094489" CONTENT="115." ID="tl_34_1" STYLEREFS="FONT0"/>
            <SP HEIGHT="15.590551181102363" WIDTH="6.2362204724409445" VPOS="606.0472440944882" HPOS="130.96062992125985"/>
            <String HEIGHT="15.590551181102363" WIDTH="76.53543307086615" VPOS="606.0472440944882" HPOS="111.96850393700787" CONTENT="SOUVAROW" ID="tl_34_2" STYLEREFS="FONT0"/>
            <SP HEIGHT="15.590551181102363" WIDTH="6.2362204724409445" VPOS="606.0472440944882" HPOS="188.50393700787401"/>
            <String HEIGHT="15.590551181102363" WIDTH="95.5275590551181" VPOS="606.0472440944882" HPOS="169.22834645669292" CONTENT="(Alexandre," ID="tl_34_3" STYLEREFS="FONT0"/>
            <SP HEIGHT="15.590551181102363" WIDTH="6.2362204724409445" VPOS="606.0472440944882" HPOS="265.03937007874015"/>
            <String HEIGHT="15.590551181102363" WIDTH="70.01574803149606" VPOS="606.0472440944882" HPOS="245.76377952755905" CONTENT="comte)," ID="tl_34_4" STYLEREFS="FONT0"/>
            <SP HEIGHT="15.590551181102363" WIDTH="6.2362204724409445" VPOS="606.0472440944882" HPOS="316.06299212598424"/>
            <String HEIGHT="15.590551181102363" WIDTH="70.01574803149606" VPOS="606.0472440944882" HPOS="296.78740157480314" CONTENT="célèbre" ID="tl_34_5" STYLEREFS="FONT0"/>
            <SP HEIGHT="15.590551181102363" WIDTH="6.2362204724409445" VPOS="606.0472440944882" HPOS="367.0866141732283"/>
            <String HEIGHT="15.590551181102363" WIDTH="95.5275590551181" VPOS="606.0472440944882" HPOS="341.5748031496063" CONTENT="feld" ID="tl_34_6" STYLEREFS="FONT0"/>
          </TextLine>
          <TextLine ID="tl_35" BASELINE="2242" HEIGHT="15.874015748031496" WIDTH="318.3307086614173" VPOS="619.6535433070866" HPOS="117.07086614173228">
            <String HEIGHT="15.874015748031496" WIDTH="58.960629921259844" VPOS="619.6535433070866" HPOS="111.11811023622047" CONTENT="russe," ID="tl_35_1" STYLEREFS="FONT0"/>
            <SP HEIGHT="15.874015748031496" WIDTH="5.952755905511811" VPOS="619.6535433070866" HPOS="170.07874015748033"/>
            <String HEIGHT="15.874015748031496" WIDTH="41.38582677165354" VPOS="619.6535433070866" HPOS="152.50393700787401" CONTENT="qui" ID="tl_35_2" STYLEREFS="FONT0"/>
            <SP HEIGHT="15.874015748031496" WIDTH="5.952755905511811" VPOS="619.6535433070866" HPOS="193.60629921259843"/>
            <String HEIGHT="15.874015748031496" WIDTH="58.960629921259844" VPOS="619.6535433070866" HPOS="176.03149606299212" CONTENT="battit" ID="tl_35_3" STYLEREFS="FONT0"/>
            <SP HEIGHT="15.874015748031496" WIDTH="5.952755905511811" VPOS="619.6535433070866" HPOS="234.99212598425197"/>
            <String HEIGHT="15.874015748031496" WIDTH="41.38582677165354" VPOS="619.6535433070866" HPOS="217.41732283464566" CONTENT="les" ID="tl_35_4" STYLEREFS="FONT0"/>
            <SP HEIGHT="15.874015748031496" WIDTH="5.952755905511811" VPOS="619.6535433070866" HPOS="258.5196850393701"/>
            <String HEIGHT="15.874015748031496" WIDTH="70.86614173228347" VPOS="619.6535433070866" HPOS="240.9448818897638" CONTENT="Français" ID="tl_35_5" STYLEREFS="FONT0"/>
            <SP HEIGHT="15.874015748031496" WIDTH="5.952755905511811" VPOS="619.6535433070866" HPOS="311.5275590551181"/>
            <String HEIGHT="15.874015748031496" WIDTH="29.480314960629922" VPOS="619.6535433070866" HPOS="293.9527559055118" CONTENT="à" ID="tl_35_6" STYLEREFS="FONT0"/>
            <SP HEIGHT="15.874015748031496" WIDTH="5.952755905511811" VPOS="619.6535433070866" HPOS="323.43307086614175"/>
            <String HEIGHT="15.874015748031496" WIDTH="35.43307086614173" VPOS="619.6535433070866" HPOS="305.5748031496063" CONTENT="La" ID="tl_35_7" STYLEREFS="FONT0"/>
            <SP HEIGHT="15.874015748031496" WIDTH="5.952755905511811" VPOS="619.6535433070866" HPOS="341.00787401574803"/>
            <String HEIGHT="15.874015748031496" WIDTH="64.91338582677166" VPOS="619.6535433070866" HPOS="323.43307086614175" CONTENT="Trebbia" ID="tl_35_8" STYLEREFS="FONT0"/>
            <SP HEIGHT="15.874015748031496" WIDTH="5.952755905511811" VPOS="619.6535433070866" HPOS="388.34645669291336"/>
            <String HEIGHT="15.874015748031496" WIDTH="35.43307086614173" VPOS="619.6535433070866" HPOS="370.48818897637796" CONTENT="et" ID="tl_35_9" STYLEREFS="FONT0"/>
            <SP HEIGHT="15.874015748031496" WIDTH="5.952755905511811" VPOS="619.6535433070866" HPOS="405.9212598425197"/>
            <String HEIGHT="15.874015748031496" WIDTH="29.480314960629922" VPOS="619.6535433070866" HPOS="388.34645669291336" CONTENT="à" ID="tl_35_10" STYLEREFS="FONT0"/>
            <SP HEIGHT="15.874015748031496" WIDTH="5.952755905511811" VPOS="619.6535433070866" HPOS="417.8267716535433"/>
            <String HEIGHT="15.874015748031496" WIDTH="41.38582677165354" VPOS="619.6535433070866" HPOS="394.01574803149606" CONTENT="Novi," ID="tl_35_11" STYLEREFS="FONT0"/>
          </TextLine>
        </TextBlock>
        <TextBlock ID="r_3_16" HEIGHT="13.32283464566929" WIDTH="100.91338582677166" VPOS="635.8110236220473" HPOS="117.35433070866142">
          <TextLine ID="tl_36" BASELINE="2289" HEIGHT="12.755905511811024" WIDTH="100.34645669291339" VPOS="636.0944881889764" HPOS="117.63779527559055">
            <String HEIGHT="12.755905511811024" WIDTH="35.43307086614173" VPOS="636.0944881889764" HPOS="111.68503937007874" CONTENT="n." ID="tl_36_1" STYLEREFS="FONT0"/>
            <SP HEIGHT="12.755905511811024" WIDTH="5.952755905511811" VPOS="636.0944881889764" HPOS="147.11811023622047"/>
            <String HEIGHT="12.755905511811024" WIDTH="53.00787401574803" VPOS="636.0944881889764" HPOS="129.54330708661416" CONTENT="1729," ID="tl_36_2" STYLEREFS="FONT0"/>
            <SP HEIGHT="12.755905511811024" WIDTH="5.952755905511811" VPOS="636.0944881889764" HPOS="182.5511811023622"/>
            <String HEIGHT="12.755905511811024" WIDTH="35.43307086614173" VPOS="636.0944881889764" HPOS="164.9763779527559" CONTENT="m." ID="tl_36_3" STYLEREFS="FONT0"/>
            <SP HEIGHT="12.755905511811024" WIDTH="5.952755905511811" VPOS="636.0944881889764" HPOS="200.40944881889763"/>
            <String HEIGHT="12.755905511811024" WIDTH="41.38582677165354" VPOS="636.0944881889764" HPOS="176.5984251968504" CONTENT="1800." ID="tl_36_4" STYLEREFS="FONT0"/>
          </TextLine>
        </TextBlock>
        <TextBlock ID="r_3_17" HEIGHT="22.677165354330707" WIDTH="318.8976377952756" VPOS="653.9527559055118" HPOS="117.63779527559055">
          <TextLine ID="tl_37" BASELINE="2349" HEIGHT="11.622047244094489" WIDTH="308.12598425196853" VPOS="654.2362204724409" HPOS="128.1259842519685">
            <String HEIGHT="11.622047244094489" WIDTH="30.89763779527559" VPOS="654.2362204724409" HPOS="123.02362204724409" CONTENT="L." ID="tl_37_1" STYLEREFS="FONT0"/>
            <SP HEIGHT="11.622047244094489" WIDTH="5.102362204724409" VPOS="654.2362204724409" HPOS="153.92125984251967"/>
            <String HEIGHT="11.622047244094489" WIDTH="30.89763779527559" VPOS="654.2362204724409" HPOS="138.33070866141733" CONTENT="a." ID="tl_37_2" STYLEREFS="FONT0"/>
            <SP HEIGHT="11.622047244094489" WIDTH="5.102362204724409" VPOS="654.2362204724409" HPOS="169.22834645669292"/>
            <String HEIGHT="11.622047244094489" WIDTH="30.89763779527559" VPOS="654.2362204724409" HPOS="153.92125984251967" CONTENT="s." ID="tl_37_3" STYLEREFS="FONT0"/>
            <SP HEIGHT="11.622047244094489" WIDTH="5.102362204724409" VPOS="654.2362204724409" HPOS="184.53543307086613"/>
            <String HEIGHT="11.622047244094489" WIDTH="30.89763779527559" VPOS="654.2362204724409" HPOS="169.22834645669292" CONTENT="au" ID="tl_37_4" STYLEREFS="FONT0"/>
            <SP HEIGHT="11.622047244094489" WIDTH="5.102362204724409" VPOS="654.2362204724409" HPOS="200.1259842519685"/>
            <String HEIGHT="11.622047244094489" WIDTH="46.20472440944882" VPOS="654.2362204724409" HPOS="184.53543307086613" CONTENT="comte" ID="tl_37_5" STYLEREFS="FONT0"/>
            <SP HEIGHT="11.622047244094489" WIDTH="5.102362204724409" VPOS="654.2362204724409" HPOS="230.74015748031496"/>
            <String HEIGHT="11.622047244094489" WIDTH="51.30708661417323" VPOS="654.2362204724409" HPOS="215.43307086614172" CONTENT="Pierre" ID="tl_37_6" STYLEREFS="FONT0"/>
            <SP HEIGHT="11.622047244094489" WIDTH="5.102362204724409" VPOS="654.2362204724409" HPOS="266.74015748031496"/>
            <String HEIGHT="11.622047244094489" WIDTH="56.40944881889764" VPOS="654.2362204724409" HPOS="251.43307086614172" CONTENT="Panine;" ID="tl_37_7" STYLEREFS="FONT0"/>
            <SP HEIGHT="11.622047244094489" WIDTH="5.102362204724409" VPOS="654.2362204724409" HPOS="307.84251968503935"/>
            <String HEIGHT="11.622047244094489" WIDTH="66.89763779527559" VPOS="654.2362204724409" HPOS="292.53543307086613" CONTENT="Astrakan," ID="tl_37_8" STYLEREFS="FONT0"/>
            <SP HEIGHT="11.622047244094489" WIDTH="5.102362204724409" VPOS="654.2362204724409" HPOS="359.1496062992126"/>
            <String HEIGHT="11.622047244094489" WIDTH="30.89763779527559" VPOS="654.2362204724409" HPOS="343.84251968503935" CONTENT="24" ID="tl_37_9" STYLEREFS="FONT0"/>
            <SP HEIGHT="11.622047244094489" WIDTH="5.102362204724409" VPOS="654.2362204724409" HPOS="374.74015748031496"/>
            <String HEIGHT="11.622047244094489" WIDTH="36.0" VPOS="654.2362204724409" HPOS="359.1496062992126" CONTENT="mai" ID="tl_37_10" STYLEREFS="FONT0"/>
            <SP HEIGHT="11.622047244094489" WIDTH="5.102362204724409" VPOS="654.2362204724409" HPOS="395.1496062992126"/>
            <String HEIGHT="11.622047244094489" WIDTH="46.20472440944882" VPOS="654.2362204724409" HPOS="379.84251968503935" CONTENT="1781," ID="tl_37_11" STYLEREFS="FONT0"/>
            <SP HEIGHT="11.622047244094489" WIDTH="5.102362204724409" VPOS="654.2362204724409" HPOS="426.0472440944882"/>
            <String HEIGHT="11.622047244094489" WIDTH="25.79527559055118" VPOS="654.2362204724409" HPOS="410.45669291338584" CONTENT="1" ID="tl_37_12" STYLEREFS="FONT0"/>
            <SP HEIGHT="11.622047244094489" WIDTH="5.102362204724409" VPOS="654.2362204724409" HPOS="436.251968503937"/>
            <String HEIGHT="11.622047244094489" WIDTH="20.409448818897637" VPOS="654.2362204724409" HPOS="415.84251968503935" CONTENT="p." ID="tl_37_13" STYLEREFS="FONT0"/>
          </TextLine>
          <TextLine ID="tl_38" BASELINE="2386" HEIGHT="9.070866141732283" WIDTH="75.4015748031496" VPOS="667.2755905511812" HPOS="117.92125984251969">
            <String HEIGHT="9.070866141732283" WIDTH="29.480314960629922" VPOS="667.2755905511812" HPOS="114.51968503937007" CONTENT="in-4." ID="tl_38_1" STYLEREFS="FONT0"/>
            <SP HEIGHT="9.070866141732283" WIDTH="3.4015748031496065" VPOS="667.2755905511812" HPOS="144.28346456692913"/>
            <String HEIGHT="9.070866141732283" WIDTH="36.0" VPOS="667.2755905511812" HPOS="134.36220472440945" CONTENT="Très" ID="tl_38_2" STYLEREFS="FONT2"/>
            <SP HEIGHT="9.070866141732283" WIDTH="3.4015748031496065" VPOS="667.2755905511812" HPOS="170.36220472440945"/>
            <String HEIGHT="9.070866141732283" WIDTH="36.0" VPOS="667.2755905511812" HPOS="157.3228346456693" CONTENT="rare." ID="tl_38_3" STYLEREFS="FONT2"/>
          </TextLine>
        </TextBlock>
        <GraphicalElement ID="r_4" HEIGHT="0.8503937007874016" WIDTH="68.88188976377953" VPOS="24.661417322834644" HPOS="168.66141732283464"/>
        <GraphicalElement ID="r_5" HEIGHT="2.5511811023622046" WIDTH="278.6456692913386" VPOS="24.661417322834644" HPOS="237.54330708661416"/>
        <GraphicalElement ID="r_6" HEIGHT="1.1338582677165354" WIDTH="64.62992125984252" VPOS="26.362204724409448" HPOS="355.46456692913387"/>
        <GraphicalElement ID="r_7" HEIGHT="1.4173228346456692" WIDTH="38.83464566929134" VPOS="26.64566929133858" HPOS="445.6062992125984"/>
        <GraphicalElement ID="r_8" HEIGHT="2.5511811023622046" WIDTH="48.75590551181102" VPOS="818.9291338582677" HPOS="465.1653543307087"/>
        <GraphicalElement ID="r_9" HEIGHT="677.4803149606299" WIDTH="3.6850393700787403" VPOS="120.75590551181102" HPOS="23.52755905511811"/>
        <GraphicalElement ID="r_10" HEIGHT="2.267716535433071" WIDTH="17.007874015748033" VPOS="833.6692913385826" HPOS="34.01574803149607"/>
        <Illustration ID="r_2" HEIGHT="38.267716535433074" WIDTH="66.89763779527559" VPOS="24.37795275590551" HPOS="506.5511811023622"/>
      </PrintSpace>
    </Page>
  </Layout>
</alto>
