<alto xmlns:xsi="http://www.w3.org/2001/XMLSchema-instance" xmlns="http://www.loc.gov/standards/alto/ns-v2#" xmlns:page="http://schema.primaresearch.org/PAGE/gts/pagecontent/2013-07-15" xsi:schemaLocation="http://www.loc.gov/standards/alto/ns-v2# http://www.loc.gov/standards/alto/alto.xsd">
  <Description>
    <MeasurementUnit>pixel</MeasurementUnit>
    <sourceImageInformation>
         <fileName>1896_05_30_ETI-15.xml</fileName>
      </sourceImageInformation>
    <OCRProcessing ID="IdOcr">
      <ocrProcessingStep>
        <processingDateTime>2020-05-13T10:39:48.685+02:00</processingDateTime>
        <processingSoftware>
               <softwareCreator>CONTRIBUTORS</softwareCreator>
               <softwareName>pdfalto</softwareName>
               <softwareVersion>0.1</softwareVersion>
            </processingSoftware>
      </ocrProcessingStep>
    </OCRProcessing>
  </Description>
  <Styles>
     <TextStyle ID="FONT0" FONTFAMILY="unknown" FONTSIZE="unknown" FONTTYPE="unknown" FONTWIDTH="unknown" FONTCOLOR="unknown" FONTSTYLE=""/>
     <TextStyle ID="FONT1" FONTFAMILY="unknown" FONTSIZE="unknown" FONTTYPE="unknown" FONTWIDTH="unknown" FONTCOLOR="unknown" FONTSTYLE="bold"/>
     <TextStyle ID="FONT2" FONTFAMILY="unknown" FONTSIZE="unknown" FONTTYPE="unknown" FONTWIDTH="unknown" FONTCOLOR="unknown" FONTSTYLE="italics"/>
</Styles>
  <Tags/>
  <Layout>
    <Page ID="Page1" PHYSICAL_IMG_NR="1" HEIGHT="891.7795275590552" WIDTH="617.6692913385826">
      <PrintSpace HEIGHT="833.6692913385826" WIDTH="496.06299212598424" VPOS="24.094488188976378" HPOS="28.062992125984252">
        <TextBlock ID="r_1_1" HEIGHT="7.937007874015748" WIDTH="39.968503937007874" VPOS="125.5748031496063" HPOS="236.40944881889763">
          <TextLine ID="tl_1" BASELINE="470" HEIGHT="7.3700787401574805" WIDTH="39.40157480314961" VPOS="125.85826771653544" HPOS="236.69291338582678">
            <String HEIGHT="7.3700787401574805" WIDTH="32.881889763779526" VPOS="125.85826771653544" HPOS="230.17322834645668" CONTENT="—" ID="tl_1_1" STYLEREFS="FONT0"/>
            <SP HEIGHT="7.3700787401574805" WIDTH="6.519685039370079" VPOS="125.85826771653544" HPOS="263.0551181102362"/>
            <String HEIGHT="7.3700787401574805" WIDTH="39.40157480314961" VPOS="125.85826771653544" HPOS="243.21259842519686" CONTENT="13" ID="tl_1_2" STYLEREFS="FONT0"/>
            <SP HEIGHT="7.3700787401574805" WIDTH="6.519685039370079" VPOS="125.85826771653544" HPOS="282.61417322834643"/>
            <String HEIGHT="7.3700787401574805" WIDTH="19.84251968503937" VPOS="125.85826771653544" HPOS="256.53543307086613" CONTENT="—" ID="tl_1_3" STYLEREFS="FONT0"/>
          </TextLine>
        </TextBlock>
        <TextBlock ID="r_2_1" HEIGHT="123.02362204724409" WIDTH="325.13385826771656" VPOS="145.13385826771653" HPOS="110.55118110236221">
          <TextLine ID="tl_2" BASELINE="555" HEIGHT="11.905511811023622" WIDTH="322.5826771653543" VPOS="145.41732283464566" HPOS="110.83464566929133">
            <String HEIGHT="11.905511811023622" WIDTH="43.37007874015748" VPOS="145.41732283464566" HPOS="106.01574803149606" CONTENT="fils," ID="tl_2_1" STYLEREFS="FONT0"/>
            <SP HEIGHT="11.905511811023622" WIDTH="4.818897637795276" VPOS="145.41732283464566" HPOS="149.38582677165354"/>
            <String HEIGHT="11.905511811023622" WIDTH="43.37007874015748" VPOS="145.41732283464566" HPOS="134.9291338582677" CONTENT="c’est" ID="tl_2_2" STYLEREFS="FONT0"/>
            <SP HEIGHT="11.905511811023622" WIDTH="4.818897637795276" VPOS="145.41732283464566" HPOS="178.29921259842519"/>
            <String HEIGHT="11.905511811023622" WIDTH="53.00787401574803" VPOS="145.41732283464566" HPOS="163.84251968503938" CONTENT="qu’elle" ID="tl_2_3" STYLEREFS="FONT0"/>
            <SP HEIGHT="11.905511811023622" WIDTH="4.818897637795276" VPOS="145.41732283464566" HPOS="216.8503937007874"/>
            <String HEIGHT="11.905511811023622" WIDTH="57.826771653543304" VPOS="145.41732283464566" HPOS="202.39370078740157" CONTENT="professe" ID="tl_2_4" STYLEREFS="FONT0"/>
            <SP HEIGHT="11.905511811023622" WIDTH="4.818897637795276" VPOS="145.41732283464566" HPOS="260.2204724409449"/>
            <String HEIGHT="11.905511811023622" WIDTH="38.55118110236221" VPOS="145.41732283464566" HPOS="245.76377952755905" CONTENT="pour" ID="tl_2_5" STYLEREFS="FONT0"/>
            <SP HEIGHT="11.905511811023622" WIDTH="4.818897637795276" VPOS="145.41732283464566" HPOS="284.0314960629921"/>
            <String HEIGHT="11.905511811023622" WIDTH="33.732283464566926" VPOS="145.41732283464566" HPOS="269.8582677165354" CONTENT="lui" ID="tl_2_6" STYLEREFS="FONT0"/>
            <SP HEIGHT="11.905511811023622" WIDTH="4.818897637795276" VPOS="145.41732283464566" HPOS="303.3070866141732"/>
            <String HEIGHT="11.905511811023622" WIDTH="28.913385826771652" VPOS="145.41732283464566" HPOS="288.8503937007874" CONTENT="la" ID="tl_2_7" STYLEREFS="FONT0"/>
            <SP HEIGHT="11.905511811023622" WIDTH="4.818897637795276" VPOS="145.41732283464566" HPOS="317.76377952755905"/>
            <String HEIGHT="11.905511811023622" WIDTH="38.55118110236221" VPOS="145.41732283464566" HPOS="303.3070866141732" CONTENT="plus" ID="tl_2_8" STYLEREFS="FONT0"/>
            <SP HEIGHT="11.905511811023622" WIDTH="4.818897637795276" VPOS="145.41732283464566" HPOS="341.8582677165354"/>
            <String HEIGHT="11.905511811023622" WIDTH="38.55118110236221" VPOS="145.41732283464566" HPOS="327.40157480314963" CONTENT="vive" ID="tl_2_9" STYLEREFS="FONT0"/>
            <SP HEIGHT="11.905511811023622" WIDTH="4.818897637795276" VPOS="145.41732283464566" HPOS="365.9527559055118"/>
            <String HEIGHT="11.905511811023622" WIDTH="72.28346456692914" VPOS="145.41732283464566" HPOS="351.496062992126" CONTENT="admiration." ID="tl_2_10" STYLEREFS="FONT0"/>
            <SP HEIGHT="11.905511811023622" WIDTH="4.818897637795276" VPOS="145.41732283464566" HPOS="423.7795275590551"/>
            <String HEIGHT="11.905511811023622" WIDTH="28.913385826771652" VPOS="145.41732283464566" HPOS="404.503937007874" CONTENT="Elle" ID="tl_2_11" STYLEREFS="FONT0"/>
          </TextLine>
          <TextLine ID="tl_3" BASELINE="590" HEIGHT="11.622047244094489" WIDTH="322.01574803149606" VPOS="155.6220472440945" HPOS="111.96850393700787">
            <String HEIGHT="11.622047244094489" WIDTH="55.275590551181104" VPOS="155.6220472440945" HPOS="106.86614173228347" CONTENT="renonce" ID="tl_3_1" STYLEREFS="FONT0"/>
            <SP HEIGHT="11.622047244094489" WIDTH="5.102362204724409" VPOS="155.6220472440945" HPOS="162.4251968503937"/>
            <String HEIGHT="11.622047244094489" WIDTH="40.25196850393701" VPOS="155.6220472440945" HPOS="147.11811023622047" CONTENT="donc" ID="tl_3_2" STYLEREFS="FONT0"/>
            <SP HEIGHT="11.622047244094489" WIDTH="5.102362204724409" VPOS="155.6220472440945" HPOS="187.37007874015748"/>
            <String HEIGHT="11.622047244094489" WIDTH="25.228346456692915" VPOS="155.6220472440945" HPOS="172.3464566929134" CONTENT="à" ID="tl_3_3" STYLEREFS="FONT0"/>
            <SP HEIGHT="11.622047244094489" WIDTH="5.102362204724409" VPOS="155.6220472440945" HPOS="197.5748031496063"/>
            <String HEIGHT="11.622047244094489" WIDTH="35.1496062992126" VPOS="155.6220472440945" HPOS="182.5511811023622" CONTENT="son" ID="tl_3_4" STYLEREFS="FONT0"/>
            <SP HEIGHT="11.622047244094489" WIDTH="5.102362204724409" VPOS="155.6220472440945" HPOS="217.70078740157481"/>
            <String HEIGHT="11.622047244094489" WIDTH="55.275590551181104" VPOS="155.6220472440945" HPOS="202.6771653543307" CONTENT="projet." ID="tl_3_5" STYLEREFS="FONT0"/>
            <SP HEIGHT="11.622047244094489" WIDTH="5.102362204724409" VPOS="155.6220472440945" HPOS="257.9527559055118"/>
            <String HEIGHT="11.622047244094489" WIDTH="40.25196850393701" VPOS="155.6220472440945" HPOS="242.9291338582677" CONTENT="«Ah!" ID="tl_3_6" STYLEREFS="FONT0"/>
            <SP HEIGHT="11.622047244094489" WIDTH="5.102362204724409" VPOS="155.6220472440945" HPOS="283.18110236220474"/>
            <String HEIGHT="11.622047244094489" WIDTH="40.25196850393701" VPOS="155.6220472440945" HPOS="267.87401574803147" CONTENT="vous" ID="tl_3_7" STYLEREFS="FONT0"/>
            <SP HEIGHT="11.622047244094489" WIDTH="5.102362204724409" VPOS="155.6220472440945" HPOS="308.12598425196853"/>
            <String HEIGHT="11.622047244094489" WIDTH="30.330708661417322" VPOS="155.6220472440945" HPOS="293.1023622047244" CONTENT="le" ID="tl_3_8" STYLEREFS="FONT0"/>
            <SP HEIGHT="11.622047244094489" WIDTH="5.102362204724409" VPOS="155.6220472440945" HPOS="323.43307086614175"/>
            <String HEIGHT="11.622047244094489" WIDTH="50.45669291338583" VPOS="155.6220472440945" HPOS="308.12598425196853" CONTENT="savés," ID="tl_3_9" STYLEREFS="FONT0"/>
            <SP HEIGHT="11.622047244094489" WIDTH="5.102362204724409" VPOS="155.6220472440945" HPOS="358.5826771653543"/>
            <String HEIGHT="11.622047244094489" WIDTH="30.330708661417322" VPOS="155.6220472440945" HPOS="343.5590551181102" CONTENT="ma" ID="tl_3_10" STYLEREFS="FONT0"/>
            <SP HEIGHT="11.622047244094489" WIDTH="5.102362204724409" VPOS="155.6220472440945" HPOS="373.6062992125984"/>
            <String HEIGHT="11.622047244094489" WIDTH="80.50393700787401" VPOS="155.6220472440945" HPOS="353.4803149606299" CONTENT="reconnaissance" ID="tl_3_11" STYLEREFS="FONT0"/>
          </TextLine>
          <TextLine ID="tl_4" BASELINE="625" HEIGHT="11.338582677165354" WIDTH="323.1496062992126" VPOS="165.82677165354332" HPOS="111.96850393700787">
            <String HEIGHT="11.338582677165354" WIDTH="43.93700787401575" VPOS="165.82677165354332" HPOS="107.14960629921259" CONTENT="n'est" ID="tl_4_1" STYLEREFS="FONT0"/>
            <SP HEIGHT="11.338582677165354" WIDTH="4.818897637795276" VPOS="165.82677165354332" HPOS="151.08661417322836"/>
            <String HEIGHT="11.338582677165354" WIDTH="34.2992125984252" VPOS="165.82677165354332" HPOS="136.3464566929134" CONTENT="pas" ID="tl_4_2" STYLEREFS="FONT0"/>
            <SP HEIGHT="11.338582677165354" WIDTH="4.818897637795276" VPOS="165.82677165354332" HPOS="170.64566929133858"/>
            <String HEIGHT="11.338582677165354" WIDTH="43.93700787401575" VPOS="165.82677165354332" HPOS="155.90551181102362" CONTENT="celle" ID="tl_4_3" STYLEREFS="FONT0"/>
            <SP HEIGHT="11.338582677165354" WIDTH="4.818897637795276" VPOS="165.82677165354332" HPOS="200.1259842519685"/>
            <String HEIGHT="11.338582677165354" WIDTH="34.2992125984252" VPOS="165.82677165354332" HPOS="185.38582677165354" CONTENT="des" ID="tl_4_4" STYLEREFS="FONT0"/>
            <SP HEIGHT="11.338582677165354" WIDTH="4.818897637795276" VPOS="165.82677165354332" HPOS="219.68503937007873"/>
            <String HEIGHT="11.338582677165354" WIDTH="39.118110236220474" VPOS="165.82677165354332" HPOS="204.9448818897638" CONTENT="âmes" ID="tl_4_5" STYLEREFS="FONT0"/>
            <SP HEIGHT="11.338582677165354" WIDTH="4.818897637795276" VPOS="165.82677165354332" HPOS="244.06299212598427"/>
            <String HEIGHT="11.338582677165354" WIDTH="73.41732283464567" VPOS="165.82677165354332" HPOS="229.60629921259843" CONTENT="ordinaires," ID="tl_4_6" STYLEREFS="FONT0"/>
            <SP HEIGHT="11.338582677165354" WIDTH="4.818897637795276" VPOS="165.82677165354332" HPOS="303.0236220472441"/>
            <String HEIGHT="11.338582677165354" WIDTH="39.118110236220474" VPOS="165.82677165354332" HPOS="288.2834645669291" CONTENT="mais" ID="tl_4_7" STYLEREFS="FONT0"/>
            <SP HEIGHT="11.338582677165354" WIDTH="4.818897637795276" VPOS="165.82677165354332" HPOS="327.40157480314963"/>
            <String HEIGHT="11.338582677165354" WIDTH="39.118110236220474" VPOS="165.82677165354332" HPOS="312.66141732283467" CONTENT="dans" ID="tl_4_8" STYLEREFS="FONT0"/>
            <SP HEIGHT="11.338582677165354" WIDTH="4.818897637795276" VPOS="165.82677165354332" HPOS="351.7795275590551"/>
            <String HEIGHT="11.338582677165354" WIDTH="29.480314960629922" VPOS="165.82677165354332" HPOS="337.3228346456693" CONTENT="ce" ID="tl_4_9" STYLEREFS="FONT0"/>
            <SP HEIGHT="11.338582677165354" WIDTH="4.818897637795276" VPOS="165.82677165354332" HPOS="366.5196850393701"/>
            <String HEIGHT="11.338582677165354" WIDTH="49.039370078740156" VPOS="165.82677165354332" HPOS="351.7795275590551" CONTENT="cas-ci" ID="tl_4_10" STYLEREFS="FONT0"/>
            <SP HEIGHT="11.338582677165354" WIDTH="4.818897637795276" VPOS="165.82677165354332" HPOS="400.81889763779526"/>
            <String HEIGHT="11.338582677165354" WIDTH="29.480314960629922" VPOS="165.82677165354332" HPOS="386.0787401574803" CONTENT="je" ID="tl_4_11" STYLEREFS="FONT0"/>
            <SP HEIGHT="11.338582677165354" WIDTH="4.818897637795276" VPOS="165.82677165354332" HPOS="415.5590551181102"/>
            <String HEIGHT="11.338582677165354" WIDTH="39.118110236220474" VPOS="165.82677165354332" HPOS="396.0" CONTENT="serais" ID="tl_4_12" STYLEREFS="FONT0"/>
          </TextLine>
          <TextLine ID="tl_5" BASELINE="661" HEIGHT="11.338582677165354" WIDTH="323.1496062992126" VPOS="176.03149606299212" HPOS="111.68503937007874">
            <String HEIGHT="11.338582677165354" WIDTH="51.59055118110236" VPOS="176.03149606299212" HPOS="106.86614173228347" CONTENT="effraié" ID="tl_5_1" STYLEREFS="FONT0"/>
            <SP HEIGHT="11.338582677165354" WIDTH="4.818897637795276" VPOS="176.03149606299212" HPOS="158.45669291338584"/>
            <String HEIGHT="11.338582677165354" WIDTH="28.062992125984252" VPOS="176.03149606299212" HPOS="144.56692913385828" CONTENT="de" ID="tl_5_2" STYLEREFS="FONT0"/>
            <SP HEIGHT="11.338582677165354" WIDTH="4.818897637795276" VPOS="176.03149606299212" HPOS="172.62992125984252"/>
            <String HEIGHT="11.338582677165354" WIDTH="28.062992125984252" VPOS="176.03149606299212" HPOS="158.45669291338584" CONTENT="sa" ID="tl_5_3" STYLEREFS="FONT0"/>
            <SP HEIGHT="11.338582677165354" WIDTH="4.818897637795276" VPOS="176.03149606299212" HPOS="186.51968503937007"/>
            <String HEIGHT="11.338582677165354" WIDTH="60.94488188976378" VPOS="176.03149606299212" HPOS="172.62992125984252" CONTENT="grandeur," ID="tl_5_4" STYLEREFS="FONT0"/>
            <SP HEIGHT="11.338582677165354" WIDTH="4.818897637795276" VPOS="176.03149606299212" HPOS="233.5748031496063"/>
            <String HEIGHT="11.338582677165354" WIDTH="32.881889763779526" VPOS="176.03149606299212" HPOS="219.4015748031496" CONTENT="non" ID="tl_5_5" STYLEREFS="FONT0"/>
            <SP HEIGHT="11.338582677165354" WIDTH="4.818897637795276" VPOS="176.03149606299212" HPOS="252.28346456692913"/>
            <String HEIGHT="11.338582677165354" WIDTH="32.881889763779526" VPOS="176.03149606299212" HPOS="238.11023622047244" CONTENT="que" ID="tl_5_6" STYLEREFS="FONT0"/>
            <SP HEIGHT="11.338582677165354" WIDTH="4.818897637795276" VPOS="176.03149606299212" HPOS="270.99212598425197"/>
            <String HEIGHT="11.338582677165354" WIDTH="28.062992125984252" VPOS="176.03149606299212" HPOS="256.81889763779526" CONTENT="je" ID="tl_5_7" STYLEREFS="FONT0"/>
            <SP HEIGHT="11.338582677165354" WIDTH="4.818897637795276" VPOS="176.03149606299212" HPOS="284.88188976377955"/>
            <String HEIGHT="11.338582677165354" WIDTH="56.125984251968504" VPOS="176.03149606299212" HPOS="270.99212598425197" CONTENT="voulusse" ID="tl_5_8" STYLEREFS="FONT0"/>
            <SP HEIGHT="11.338582677165354" WIDTH="4.818897637795276" VPOS="176.03149606299212" HPOS="327.11811023622045"/>
            <String HEIGHT="11.338582677165354" WIDTH="28.062992125984252" VPOS="176.03149606299212" HPOS="312.9448818897638" CONTENT="la" ID="tl_5_9" STYLEREFS="FONT0"/>
            <SP HEIGHT="11.338582677165354" WIDTH="4.818897637795276" VPOS="176.03149606299212" HPOS="341.29133858267716"/>
            <String HEIGHT="11.338582677165354" WIDTH="51.59055118110236" VPOS="176.03149606299212" HPOS="327.11811023622045" CONTENT="sentir," ID="tl_5_10" STYLEREFS="FONT0"/>
            <SP HEIGHT="11.338582677165354" WIDTH="4.818897637795276" VPOS="176.03149606299212" HPOS="378.70866141732284"/>
            <String HEIGHT="11.338582677165354" WIDTH="37.41732283464567" VPOS="176.03149606299212" HPOS="364.53543307086613" CONTENT="mais" ID="tl_5_11" STYLEREFS="FONT0"/>
            <SP HEIGHT="11.338582677165354" WIDTH="4.818897637795276" VPOS="176.03149606299212" HPOS="401.9527559055118"/>
            <String HEIGHT="11.338582677165354" WIDTH="28.062992125984252" VPOS="176.03149606299212" HPOS="388.06299212598424" CONTENT="de" ID="tl_5_12" STYLEREFS="FONT0"/>
            <SP HEIGHT="11.338582677165354" WIDTH="4.818897637795276" VPOS="176.03149606299212" HPOS="416.12598425196853"/>
            <String HEIGHT="11.338582677165354" WIDTH="28.062992125984252" VPOS="176.03149606299212" HPOS="401.9527559055118" CONTENT="ce" ID="tl_5_13" STYLEREFS="FONT0"/>
            <SP HEIGHT="11.338582677165354" WIDTH="4.818897637795276" VPOS="176.03149606299212" HPOS="430.01574803149606"/>
            <String HEIGHT="11.338582677165354" WIDTH="23.52755905511811" VPOS="176.03149606299212" HPOS="411.3070866141732" CONTENT="que" ID="tl_5_14" STYLEREFS="FONT0"/>
          </TextLine>
          <TextLine ID="tl_6" BASELINE="698" HEIGHT="12.188976377952756" WIDTH="324.0" VPOS="185.66929133858267" HPOS="111.4015748031496">
            <String HEIGHT="12.188976377952756" WIDTH="28.62992125984252" VPOS="185.66929133858267" HPOS="106.58267716535433" CONTENT="je" ID="tl_6_1" STYLEREFS="FONT0"/>
            <SP HEIGHT="12.188976377952756" WIDTH="4.818897637795276" VPOS="185.66929133858267" HPOS="135.21259842519686"/>
            <String HEIGHT="12.188976377952756" WIDTH="28.62992125984252" VPOS="185.66929133858267" HPOS="121.03937007874016" CONTENT="ne" ID="tl_6_2" STYLEREFS="FONT0"/>
            <SP HEIGHT="12.188976377952756" WIDTH="4.818897637795276" VPOS="185.66929133858267" HPOS="149.38582677165354"/>
            <String HEIGHT="12.188976377952756" WIDTH="52.44094488188976" VPOS="185.66929133858267" HPOS="135.21259842519686" CONTENT="pourrai" ID="tl_6_3" STYLEREFS="FONT0"/>
            <SP HEIGHT="12.188976377952756" WIDTH="4.818897637795276" VPOS="185.66929133858267" HPOS="187.6535433070866"/>
            <String HEIGHT="12.188976377952756" WIDTH="47.62204724409449" VPOS="185.66929133858267" HPOS="173.48031496062993" CONTENT="jamais" ID="tl_6_4" STYLEREFS="FONT0"/>
            <SP HEIGHT="12.188976377952756" WIDTH="4.818897637795276" VPOS="185.66929133858267" HPOS="221.10236220472441"/>
            <String HEIGHT="12.188976377952756" WIDTH="76.25196850393701" VPOS="185.66929133858267" HPOS="206.64566929133858" CONTENT="l’acquitter." ID="tl_6_5" STYLEREFS="FONT0"/>
            <SP HEIGHT="12.188976377952756" WIDTH="4.818897637795276" VPOS="185.66929133858267" HPOS="282.8976377952756"/>
            <String HEIGHT="12.188976377952756" WIDTH="28.62992125984252" VPOS="185.66929133858267" HPOS="268.7244094488189" CONTENT="Je" ID="tl_6_6" STYLEREFS="FONT0"/>
            <SP HEIGHT="12.188976377952756" WIDTH="4.818897637795276" VPOS="185.66929133858267" HPOS="297.3543307086614"/>
            <String HEIGHT="12.188976377952756" WIDTH="28.62992125984252" VPOS="185.66929133858267" HPOS="282.8976377952756" CONTENT="ne" ID="tl_6_7" STYLEREFS="FONT0"/>
            <SP HEIGHT="12.188976377952756" WIDTH="4.818897637795276" VPOS="185.66929133858267" HPOS="311.5275590551181"/>
            <String HEIGHT="12.188976377952756" WIDTH="37.98425196850393" VPOS="185.66929133858267" HPOS="297.3543307086614" CONTENT="puis" ID="tl_6_8" STYLEREFS="FONT0"/>
            <SP HEIGHT="12.188976377952756" WIDTH="4.818897637795276" VPOS="185.66929133858267" HPOS="335.33858267716533"/>
            <String HEIGHT="12.188976377952756" WIDTH="47.62204724409449" VPOS="185.66929133858267" HPOS="321.1653543307087" CONTENT="écrire" ID="tl_6_9" STYLEREFS="FONT0"/>
            <SP HEIGHT="12.188976377952756" WIDTH="4.818897637795276" VPOS="185.66929133858267" HPOS="368.78740157480314"/>
            <String HEIGHT="12.188976377952756" WIDTH="66.61417322834646" VPOS="185.66929133858267" HPOS="354.3307086614173" CONTENT="davantage;" ID="tl_6_10" STYLEREFS="FONT0"/>
            <SP HEIGHT="12.188976377952756" WIDTH="4.818897637795276" VPOS="185.66929133858267" HPOS="421.2283464566929"/>
            <String HEIGHT="12.188976377952756" WIDTH="33.44881889763779" VPOS="185.66929133858267" HPOS="401.9527559055118" CONTENT="dites" ID="tl_6_11" STYLEREFS="FONT0"/>
          </TextLine>
          <TextLine ID="tl_7" BASELINE="732" HEIGHT="11.622047244094489" WIDTH="322.86614173228344" VPOS="195.8740157480315" HPOS="112.53543307086615">
            <String HEIGHT="11.622047244094489" WIDTH="37.41732283464567" VPOS="195.8740157480315" HPOS="107.71653543307086" CONTENT="tout" ID="tl_7_1" STYLEREFS="FONT0"/>
            <SP HEIGHT="11.622047244094489" WIDTH="4.818897637795276" VPOS="195.8740157480315" HPOS="145.41732283464566"/>
            <String HEIGHT="11.622047244094489" WIDTH="28.062992125984252" VPOS="195.8740157480315" HPOS="131.24409448818898" CONTENT="ce" ID="tl_7_2" STYLEREFS="FONT0"/>
            <SP HEIGHT="11.622047244094489" WIDTH="4.818897637795276" VPOS="195.8740157480315" HPOS="159.30708661417322"/>
            <String HEIGHT="11.622047244094489" WIDTH="42.23622047244095" VPOS="195.8740157480315" HPOS="145.41732283464566" CONTENT="qu’il" ID="tl_7_3" STYLEREFS="FONT0"/>
            <SP HEIGHT="11.622047244094489" WIDTH="4.818897637795276" VPOS="195.8740157480315" HPOS="187.37007874015748"/>
            <String HEIGHT="11.622047244094489" WIDTH="51.59055118110236" VPOS="195.8740157480315" HPOS="173.48031496062993" CONTENT="manque," ID="tl_7_4" STYLEREFS="FONT0"/>
            <SP HEIGHT="11.622047244094489" WIDTH="4.818897637795276" VPOS="195.8740157480315" HPOS="224.78740157480314"/>
            <String HEIGHT="11.622047244094489" WIDTH="46.77165354330709" VPOS="195.8740157480315" HPOS="210.89763779527559" CONTENT="faites" ID="tl_7_5" STYLEREFS="FONT0"/>
            <SP HEIGHT="11.622047244094489" WIDTH="4.818897637795276" VPOS="195.8740157480315" HPOS="257.6692913385827"/>
            <String HEIGHT="11.622047244094489" WIDTH="37.41732283464567" VPOS="195.8740157480315" HPOS="243.49606299212599" CONTENT="tout" ID="tl_7_6" STYLEREFS="FONT0"/>
            <SP HEIGHT="11.622047244094489" WIDTH="4.818897637795276" VPOS="195.8740157480315" HPOS="280.9133858267717"/>
            <String HEIGHT="11.622047244094489" WIDTH="28.062992125984252" VPOS="195.8740157480315" HPOS="267.0236220472441" CONTENT="ce" ID="tl_7_7" STYLEREFS="FONT0"/>
            <SP HEIGHT="11.622047244094489" WIDTH="4.818897637795276" VPOS="195.8740157480315" HPOS="295.0866141732283"/>
            <String HEIGHT="11.622047244094489" WIDTH="32.881889763779526" VPOS="195.8740157480315" HPOS="280.9133858267717" CONTENT="que" ID="tl_7_8" STYLEREFS="FONT0"/>
            <SP HEIGHT="11.622047244094489" WIDTH="4.818897637795276" VPOS="195.8740157480315" HPOS="313.79527559055117"/>
            <String HEIGHT="11.622047244094489" WIDTH="28.062992125984252" VPOS="195.8740157480315" HPOS="299.62204724409446" CONTENT="je" ID="tl_7_9" STYLEREFS="FONT0"/>
            <SP HEIGHT="11.622047244094489" WIDTH="4.818897637795276" VPOS="195.8740157480315" HPOS="327.68503937007875"/>
            <String HEIGHT="11.622047244094489" WIDTH="46.77165354330709" VPOS="195.8740157480315" HPOS="313.79527559055117" CONTENT="désire" ID="tl_7_10" STYLEREFS="FONT0"/>
            <SP HEIGHT="11.622047244094489" WIDTH="4.818897637795276" VPOS="195.8740157480315" HPOS="360.56692913385825"/>
            <String HEIGHT="11.622047244094489" WIDTH="28.062992125984252" VPOS="195.8740157480315" HPOS="346.3937007874016" CONTENT="et" ID="tl_7_11" STYLEREFS="FONT0"/>
            <SP HEIGHT="11.622047244094489" WIDTH="4.818897637795276" VPOS="195.8740157480315" HPOS="374.45669291338584"/>
            <String HEIGHT="11.622047244094489" WIDTH="28.062992125984252" VPOS="195.8740157480315" HPOS="360.56692913385825" CONTENT="du" ID="tl_7_12" STYLEREFS="FONT0"/>
            <SP HEIGHT="11.622047244094489" WIDTH="4.818897637795276" VPOS="195.8740157480315" HPOS="388.62992125984255"/>
            <String HEIGHT="11.622047244094489" WIDTH="42.23622047244095" VPOS="195.8740157480315" HPOS="374.45669291338584" CONTENT="moins" ID="tl_7_13" STYLEREFS="FONT0"/>
            <SP HEIGHT="11.622047244094489" WIDTH="4.818897637795276" VPOS="195.8740157480315" HPOS="416.6929133858268"/>
            <String HEIGHT="11.622047244094489" WIDTH="37.41732283464567" VPOS="195.8740157480315" HPOS="397.98425196850394" CONTENT="dites" SUBS_TYPE="HypPart1" SUBS_CONTENT="ditesvous" ID="tl_7_14" STYLEREFS="FONT0"/>
            <HYP CONTENT="-"/>
          </TextLine>
          <TextLine ID="tl_8" BASELINE="767" HEIGHT="11.338582677165354" WIDTH="322.86614173228344" VPOS="206.07874015748033" HPOS="112.25196850393701">
            <String HEIGHT="11.338582677165354" WIDTH="41.10236220472441" VPOS="206.07874015748033" HPOS="107.14960629921259" CONTENT="vous" SUBS_TYPE="HypPart2" SUBS_CONTENT="ditesvous" ID="tl_8_1" STYLEREFS="FONT0"/>
            <SP HEIGHT="11.338582677165354" WIDTH="5.102362204724409" VPOS="206.07874015748033" HPOS="148.251968503937"/>
            <String HEIGHT="11.338582677165354" WIDTH="36.0" VPOS="206.07874015748033" HPOS="132.66141732283464" CONTENT="que" ID="tl_8_2" STYLEREFS="FONT0"/>
            <SP HEIGHT="11.338582677165354" WIDTH="5.102362204724409" VPOS="206.07874015748033" HPOS="168.66141732283464"/>
            <String HEIGHT="11.338582677165354" WIDTH="30.614173228346456" VPOS="206.07874015748033" HPOS="153.35433070866142" CONTENT="ma" ID="tl_8_3" STYLEREFS="FONT0"/>
            <SP HEIGHT="11.338582677165354" WIDTH="5.102362204724409" VPOS="206.07874015748033" HPOS="183.96850393700788"/>
            <String HEIGHT="11.338582677165354" WIDTH="81.92125984251969" VPOS="206.07874015748033" HPOS="168.66141732283464" CONTENT="proposition," ID="tl_8_4" STYLEREFS="FONT0"/>
            <SP HEIGHT="11.338582677165354" WIDTH="5.102362204724409" VPOS="206.07874015748033" HPOS="250.58267716535434"/>
            <String HEIGHT="11.338582677165354" WIDTH="56.40944881889764" VPOS="206.07874015748033" HPOS="235.2755905511811" CONTENT="quelque" ID="tl_8_5" STYLEREFS="FONT0"/>
            <SP HEIGHT="11.338582677165354" WIDTH="5.102362204724409" VPOS="206.07874015748033" HPOS="291.68503937007875"/>
            <String HEIGHT="11.338582677165354" WIDTH="61.511811023622045" VPOS="206.07874015748033" HPOS="276.37795275590554" CONTENT="terrible" ID="tl_8_6" STYLEREFS="FONT0"/>
            <SP HEIGHT="11.338582677165354" WIDTH="5.102362204724409" VPOS="206.07874015748033" HPOS="337.6062992125984"/>
            <String HEIGHT="11.338582677165354" WIDTH="56.40944881889764" VPOS="206.07874015748033" HPOS="322.2992125984252" CONTENT="qu’elle" ID="tl_8_7" STYLEREFS="FONT0"/>
            <SP HEIGHT="11.338582677165354" WIDTH="5.102362204724409" VPOS="206.07874015748033" HPOS="378.70866141732284"/>
            <String HEIGHT="11.338582677165354" WIDTH="30.614173228346456" VPOS="206.07874015748033" HPOS="363.40157480314963" CONTENT="me" ID="tl_8_8" STYLEREFS="FONT0"/>
            <SP HEIGHT="11.338582677165354" WIDTH="5.102362204724409" VPOS="206.07874015748033" HPOS="394.01574803149606"/>
            <String HEIGHT="11.338582677165354" WIDTH="61.511811023622045" VPOS="206.07874015748033" HPOS="378.70866141732284" CONTENT="paraisse" ID="tl_8_9" STYLEREFS="FONT0"/>
            <SP HEIGHT="11.338582677165354" WIDTH="5.102362204724409" VPOS="206.07874015748033" HPOS="440.2204724409449"/>
            <String HEIGHT="11.338582677165354" WIDTH="15.307086614173228" VPOS="206.07874015748033" HPOS="419.81102362204723" CONTENT="à" ID="tl_8_10" STYLEREFS="FONT0"/>
          </TextLine>
          <TextLine ID="tl_9" BASELINE="803" HEIGHT="11.622047244094489" WIDTH="322.86614173228344" VPOS="216.0" HPOS="112.25196850393701">
            <String HEIGHT="11.622047244094489" WIDTH="53.00787401574803" VPOS="216.0" HPOS="107.71653543307086" CONTENT="présent," ID="tl_9_1" STYLEREFS="FONT0"/>
            <SP HEIGHT="11.622047244094489" WIDTH="4.535433070866142" VPOS="216.0" HPOS="161.00787401574803"/>
            <String HEIGHT="11.622047244094489" WIDTH="48.75590551181102" VPOS="216.0" HPOS="147.68503937007873" CONTENT="n’était" ID="tl_9_2" STYLEREFS="FONT0"/>
            <SP HEIGHT="11.622047244094489" WIDTH="4.535433070866142" VPOS="216.0" HPOS="196.15748031496062"/>
            <String HEIGHT="11.622047244094489" WIDTH="30.89763779527559" VPOS="216.0" HPOS="183.11811023622047" CONTENT="pas" ID="tl_9_3" STYLEREFS="FONT0"/>
            <SP HEIGHT="11.622047244094489" WIDTH="4.535433070866142" VPOS="216.0" HPOS="214.01574803149606"/>
            <String HEIGHT="11.622047244094489" WIDTH="39.68503937007874" VPOS="216.0" HPOS="200.69291338582678" CONTENT="dicté" ID="tl_9_4" STYLEREFS="FONT0"/>
            <SP HEIGHT="11.622047244094489" WIDTH="4.535433070866142" VPOS="216.0" HPOS="240.3779527559055"/>
            <String HEIGHT="11.622047244094489" WIDTH="30.89763779527559" VPOS="216.0" HPOS="227.33858267716536" CONTENT="par" ID="tl_9_5" STYLEREFS="FONT0"/>
            <SP HEIGHT="11.622047244094489" WIDTH="4.535433070866142" VPOS="216.0" HPOS="258.23622047244095"/>
            <String HEIGHT="11.622047244094489" WIDTH="61.79527559055118" VPOS="216.0" HPOS="244.91338582677164" CONTENT="l’égoïsme," ID="tl_9_6" STYLEREFS="FONT0"/>
            <SP HEIGHT="11.622047244094489" WIDTH="4.535433070866142" VPOS="216.0" HPOS="306.99212598425197"/>
            <String HEIGHT="11.622047244094489" WIDTH="35.43307086614173" VPOS="216.0" HPOS="293.6692913385827" CONTENT="mais" ID="tl_9_7" STYLEREFS="FONT0"/>
            <SP HEIGHT="11.622047244094489" WIDTH="4.535433070866142" VPOS="216.0" HPOS="329.1023622047244"/>
            <String HEIGHT="11.622047244094489" WIDTH="30.89763779527559" VPOS="216.0" HPOS="315.7795275590551" CONTENT="par" ID="tl_9_8" STYLEREFS="FONT0"/>
            <SP HEIGHT="11.622047244094489" WIDTH="4.535433070866142" VPOS="216.0" HPOS="346.6771653543307"/>
            <String HEIGHT="11.622047244094489" WIDTH="26.64566929133858" VPOS="216.0" HPOS="333.3543307086614" CONTENT="la" ID="tl_9_9" STYLEREFS="FONT0"/>
            <SP HEIGHT="11.622047244094489" WIDTH="4.535433070866142" VPOS="216.0" HPOS="360.0"/>
            <String HEIGHT="11.622047244094489" WIDTH="70.86614173228347" VPOS="216.0" HPOS="346.6771653543307" CONTENT="sensibilité," ID="tl_9_10" STYLEREFS="FONT0"/>
            <SP HEIGHT="11.622047244094489" WIDTH="4.535433070866142" VPOS="216.0" HPOS="417.54330708661416"/>
            <String HEIGHT="11.622047244094489" WIDTH="26.64566929133858" VPOS="216.0" HPOS="404.2204724409449" CONTENT="et" ID="tl_9_11" STYLEREFS="FONT0"/>
            <SP HEIGHT="11.622047244094489" WIDTH="4.535433070866142" VPOS="216.0" HPOS="430.5826771653543"/>
            <String HEIGHT="11.622047244094489" WIDTH="22.11023622047244" VPOS="216.0" HPOS="413.00787401574803" CONTENT="que" ID="tl_9_12" STYLEREFS="FONT0"/>
          </TextLine>
          <TextLine ID="tl_10" BASELINE="839" HEIGHT="11.622047244094489" WIDTH="321.73228346456693" VPOS="226.20472440944883" HPOS="112.81889763779527">
            <String HEIGHT="11.622047244094489" WIDTH="27.496062992125985" VPOS="226.20472440944883" HPOS="108.28346456692914" CONTENT="la" ID="tl_10_1" STYLEREFS="FONT0"/>
            <SP HEIGHT="11.622047244094489" WIDTH="4.535433070866142" VPOS="226.20472440944883" HPOS="135.7795275590551"/>
            <String HEIGHT="11.622047244094489" WIDTH="50.45669291338583" VPOS="226.20472440944883" HPOS="121.88976377952756" CONTENT="manière" ID="tl_10_2" STYLEREFS="FONT0"/>
            <SP HEIGHT="11.622047244094489" WIDTH="4.535433070866142" VPOS="226.20472440944883" HPOS="172.62992125984252"/>
            <String HEIGHT="11.622047244094489" WIDTH="36.8503937007874" VPOS="226.20472440944883" HPOS="158.74015748031496" CONTENT="dont" ID="tl_10_3" STYLEREFS="FONT0"/>
            <SP HEIGHT="11.622047244094489" WIDTH="4.535433070866142" VPOS="226.20472440944883" HPOS="195.59055118110237"/>
            <String HEIGHT="11.622047244094489" WIDTH="36.8503937007874" VPOS="226.20472440944883" HPOS="181.70078740157481" CONTENT="vous" ID="tl_10_4" STYLEREFS="FONT0"/>
            <SP HEIGHT="11.622047244094489" WIDTH="4.535433070866142" VPOS="226.20472440944883" HPOS="218.5511811023622"/>
            <String HEIGHT="11.622047244094489" WIDTH="27.496062992125985" VPOS="226.20472440944883" HPOS="204.66141732283464" CONTENT="la" ID="tl_10_5" STYLEREFS="FONT0"/>
            <SP HEIGHT="11.622047244094489" WIDTH="4.535433070866142" VPOS="226.20472440944883" HPOS="232.44094488188978"/>
            <String HEIGHT="11.622047244094489" WIDTH="50.45669291338583" VPOS="226.20472440944883" HPOS="218.5511811023622" CONTENT="reçutes" ID="tl_10_6" STYLEREFS="FONT0"/>
            <SP HEIGHT="11.622047244094489" WIDTH="4.535433070866142" VPOS="226.20472440944883" HPOS="269.00787401574803"/>
            <String HEIGHT="11.622047244094489" WIDTH="36.8503937007874" VPOS="226.20472440944883" HPOS="255.4015748031496" CONTENT="doit" ID="tl_10_7" STYLEREFS="FONT0"/>
            <SP HEIGHT="11.622047244094489" WIDTH="4.535433070866142" VPOS="226.20472440944883" HPOS="291.9685039370079"/>
            <String HEIGHT="11.622047244094489" WIDTH="55.275590551181104" VPOS="226.20472440944883" HPOS="278.3622047244094" CONTENT="enrichir" ID="tl_10_8" STYLEREFS="FONT0"/>
            <SP HEIGHT="11.622047244094489" WIDTH="4.535433070866142" VPOS="226.20472440944883" HPOS="333.3543307086614"/>
            <String HEIGHT="11.622047244094489" WIDTH="41.38582677165354" VPOS="226.20472440944883" HPOS="319.748031496063" CONTENT="votre" ID="tl_10_9" STYLEREFS="FONT0"/>
            <SP HEIGHT="11.622047244094489" WIDTH="4.535433070866142" VPOS="226.20472440944883" HPOS="361.13385826771656"/>
            <String HEIGHT="11.622047244094489" WIDTH="32.31496062992126" VPOS="226.20472440944883" HPOS="347.244094488189" CONTENT="âme" ID="tl_10_10" STYLEREFS="FONT0"/>
            <SP HEIGHT="11.622047244094489" WIDTH="4.535433070866142" VPOS="226.20472440944883" HPOS="379.2755905511811"/>
            <String HEIGHT="11.622047244094489" WIDTH="36.8503937007874" VPOS="226.20472440944883" HPOS="365.6692913385827" CONTENT="d'un" ID="tl_10_11" STYLEREFS="FONT0"/>
            <SP HEIGHT="11.622047244094489" WIDTH="4.535433070866142" VPOS="226.20472440944883" HPOS="402.5196850393701"/>
            <String HEIGHT="11.622047244094489" WIDTH="36.8503937007874" VPOS="226.20472440944883" HPOS="388.62992125984255" CONTENT="bien" ID="tl_10_12" STYLEREFS="FONT0"/>
            <SP HEIGHT="11.622047244094489" WIDTH="4.535433070866142" VPOS="226.20472440944883" HPOS="425.4803149606299"/>
            <String HEIGHT="11.622047244094489" WIDTH="27.496062992125985" VPOS="226.20472440944883" HPOS="407.0551181102362" CONTENT="beau" ID="tl_10_13" STYLEREFS="FONT0"/>
          </TextLine>
          <TextLine ID="tl_11" BASELINE="874" HEIGHT="11.338582677165354" WIDTH="322.01574803149606" VPOS="236.40944881889763" HPOS="112.81889763779527">
            <String HEIGHT="11.338582677165354" WIDTH="62.36220472440945" VPOS="236.40944881889763" HPOS="108.0" CONTENT="souvenir." ID="tl_11_1" STYLEREFS="FONT0"/>
            <SP HEIGHT="11.338582677165354" WIDTH="4.818897637795276" VPOS="236.40944881889763" HPOS="170.36220472440945"/>
            <String HEIGHT="11.338582677165354" WIDTH="28.913385826771652" VPOS="236.40944881889763" HPOS="156.18897637795277" CONTENT="Je" ID="tl_11_2" STYLEREFS="FONT0"/>
            <SP HEIGHT="11.338582677165354" WIDTH="4.818897637795276" VPOS="236.40944881889763" HPOS="184.8188976377953"/>
            <String HEIGHT="11.338582677165354" WIDTH="38.55118110236221" VPOS="236.40944881889763" HPOS="170.36220472440945" CONTENT="suis" ID="tl_11_3" STYLEREFS="FONT0"/>
            <SP HEIGHT="11.338582677165354" WIDTH="4.818897637795276" VPOS="236.40944881889763" HPOS="208.91338582677164"/>
            <String HEIGHT="11.338582677165354" WIDTH="53.00787401574803" VPOS="236.40944881889763" HPOS="194.45669291338584" CONTENT="accablé" ID="tl_11_4" STYLEREFS="FONT0"/>
            <SP HEIGHT="11.338582677165354" WIDTH="4.818897637795276" VPOS="236.40944881889763" HPOS="247.46456692913387"/>
            <String HEIGHT="11.338582677165354" WIDTH="28.913385826771652" VPOS="236.40944881889763" HPOS="233.00787401574803" CONTENT="de" ID="tl_11_5" STYLEREFS="FONT0"/>
            <SP HEIGHT="11.338582677165354" WIDTH="4.818897637795276" VPOS="236.40944881889763" HPOS="261.9212598425197"/>
            <String HEIGHT="11.338582677165354" WIDTH="38.55118110236221" VPOS="236.40944881889763" HPOS="247.46456692913387" CONTENT="maux" ID="tl_11_6" STYLEREFS="FONT0"/>
            <SP HEIGHT="11.338582677165354" WIDTH="4.818897637795276" VPOS="236.40944881889763" HPOS="285.73228346456693"/>
            <String HEIGHT="11.338582677165354" WIDTH="28.913385826771652" VPOS="236.40944881889763" HPOS="271.5590551181102" CONTENT="de" ID="tl_11_7" STYLEREFS="FONT0"/>
            <SP HEIGHT="11.338582677165354" WIDTH="4.818897637795276" VPOS="236.40944881889763" HPOS="300.18897637795277"/>
            <String HEIGHT="11.338582677165354" WIDTH="48.188976377952756" VPOS="236.40944881889763" HPOS="285.73228346456693" CONTENT="nerfs." ID="tl_11_8" STYLEREFS="FONT0"/>
            <SP HEIGHT="11.338582677165354" WIDTH="4.818897637795276" VPOS="236.40944881889763" HPOS="333.9212598425197"/>
            <String HEIGHT="11.338582677165354" WIDTH="33.732283464566926" VPOS="236.40944881889763" HPOS="319.46456692913387" CONTENT="Ah!" ID="tl_11_9" STYLEREFS="FONT0"/>
            <SP HEIGHT="11.338582677165354" WIDTH="4.818897637795276" VPOS="236.40944881889763" HPOS="353.1968503937008"/>
            <String HEIGHT="11.338582677165354" WIDTH="38.55118110236221" VPOS="236.40944881889763" HPOS="338.74015748031496" CONTENT="vous" ID="tl_11_10" STYLEREFS="FONT0"/>
            <SP HEIGHT="11.338582677165354" WIDTH="4.818897637795276" VPOS="236.40944881889763" HPOS="377.29133858267716"/>
            <String HEIGHT="11.338582677165354" WIDTH="43.37007874015748" VPOS="236.40944881889763" HPOS="362.8346456692913" CONTENT="savés" ID="tl_11_11" STYLEREFS="FONT0"/>
            <SP HEIGHT="11.338582677165354" WIDTH="4.818897637795276" VPOS="236.40944881889763" HPOS="405.9212598425197"/>
            <String HEIGHT="11.338582677165354" WIDTH="33.732283464566926" VPOS="236.40944881889763" HPOS="391.46456692913387" CONTENT="que" ID="tl_11_12" STYLEREFS="FONT0"/>
            <SP HEIGHT="11.338582677165354" WIDTH="4.818897637795276" VPOS="236.40944881889763" HPOS="425.1968503937008"/>
            <String HEIGHT="11.338582677165354" WIDTH="28.913385826771652" VPOS="236.40944881889763" HPOS="405.9212598425197" CONTENT="j’ai" ID="tl_11_13" STYLEREFS="FONT0"/>
          </TextLine>
          <TextLine ID="tl_12" BASELINE="909" HEIGHT="11.338582677165354" WIDTH="322.2992125984252" VPOS="246.33070866141733" HPOS="112.53543307086615">
            <String HEIGHT="11.338582677165354" WIDTH="35.1496062992126" VPOS="246.33070866141733" HPOS="107.43307086614173" CONTENT="une" ID="tl_12_1" STYLEREFS="FONT0"/>
            <SP HEIGHT="11.338582677165354" WIDTH="5.102362204724409" VPOS="246.33070866141733" HPOS="142.86614173228347"/>
            <String HEIGHT="11.338582677165354" WIDTH="35.1496062992126" VPOS="246.33070866141733" HPOS="127.55905511811024" CONTENT="âme" ID="tl_12_2" STYLEREFS="FONT0"/>
            <SP HEIGHT="11.338582677165354" WIDTH="5.102362204724409" VPOS="246.33070866141733" HPOS="162.99212598425197"/>
            <String HEIGHT="11.338582677165354" WIDTH="35.1496062992126" VPOS="246.33070866141733" HPOS="147.68503937007873" CONTENT="qui" ID="tl_12_3" STYLEREFS="FONT0"/>
            <SP HEIGHT="11.338582677165354" WIDTH="5.102362204724409" VPOS="246.33070866141733" HPOS="183.11811023622047"/>
            <String HEIGHT="11.338582677165354" WIDTH="35.1496062992126" VPOS="246.33070866141733" HPOS="167.81102362204723" CONTENT="tue" ID="tl_12_4" STYLEREFS="FONT0"/>
            <SP HEIGHT="11.338582677165354" WIDTH="5.102362204724409" VPOS="246.33070866141733" HPOS="203.24409448818898"/>
            <String HEIGHT="11.338582677165354" WIDTH="35.1496062992126" VPOS="246.33070866141733" HPOS="187.93700787401573" CONTENT="mon" ID="tl_12_5" STYLEREFS="FONT0"/>
            <SP HEIGHT="11.338582677165354" WIDTH="5.102362204724409" VPOS="246.33070866141733" HPOS="223.37007874015748"/>
            <String HEIGHT="11.338582677165354" WIDTH="50.45669291338583" VPOS="246.33070866141733" HPOS="208.3464566929134" CONTENT="corps." ID="tl_12_6" STYLEREFS="FONT0"/>
            <SP HEIGHT="11.338582677165354" WIDTH="5.102362204724409" VPOS="246.33070866141733" HPOS="258.5196850393701"/>
            <String HEIGHT="11.338582677165354" WIDTH="30.330708661417322" VPOS="246.33070866141733" HPOS="243.49606299212599" CONTENT="Je" ID="tl_12_7" STYLEREFS="FONT0"/>
            <SP HEIGHT="11.338582677165354" WIDTH="5.102362204724409" VPOS="246.33070866141733" HPOS="273.8267716535433"/>
            <String HEIGHT="11.338582677165354" WIDTH="40.25196850393701" VPOS="246.33070866141733" HPOS="258.5196850393701" CONTENT="vous" ID="tl_12_8" STYLEREFS="FONT0"/>
            <SP HEIGHT="11.338582677165354" WIDTH="5.102362204724409" VPOS="246.33070866141733" HPOS="298.7716535433071"/>
            <String HEIGHT="11.338582677165354" WIDTH="65.48031496062993" VPOS="246.33070866141733" HPOS="283.748031496063" CONTENT="embrasse," ID="tl_12_9" STYLEREFS="FONT0"/>
            <SP HEIGHT="11.338582677165354" WIDTH="5.102362204724409" VPOS="246.33070866141733" HPOS="349.2283464566929"/>
            <String HEIGHT="11.338582677165354" WIDTH="40.25196850393701" VPOS="246.33070866141733" HPOS="334.20472440944883" CONTENT="cher" ID="tl_12_10" STYLEREFS="FONT0"/>
            <SP HEIGHT="11.338582677165354" WIDTH="5.102362204724409" VPOS="246.33070866141733" HPOS="374.45669291338584"/>
            <String HEIGHT="11.338582677165354" WIDTH="30.330708661417322" VPOS="246.33070866141733" HPOS="359.43307086614175" CONTENT="et" ID="tl_12_11" STYLEREFS="FONT0"/>
            <SP HEIGHT="11.338582677165354" WIDTH="5.102362204724409" VPOS="246.33070866141733" HPOS="389.4803149606299"/>
            <String HEIGHT="11.338582677165354" WIDTH="65.48031496062993" VPOS="246.33070866141733" HPOS="369.3543307086614" CONTENT="respectable" ID="tl_12_12" STYLEREFS="FONT0"/>
          </TextLine>
          <TextLine ID="tl_13" BASELINE="945" HEIGHT="10.204724409448819" WIDTH="158.17322834645668" VPOS="257.6692913385827" HPOS="112.53543307086615">
            <String HEIGHT="10.204724409448819" WIDTH="38.267716535433074" VPOS="257.6692913385827" HPOS="107.71653543307086" CONTENT="ami;" ID="tl_13_1" STYLEREFS="FONT0"/>
            <SP HEIGHT="10.204724409448819" WIDTH="4.818897637795276" VPOS="257.6692913385827" HPOS="145.98425196850394"/>
            <String HEIGHT="10.204724409448819" WIDTH="28.62992125984252" VPOS="257.6692913385827" HPOS="131.81102362204723" CONTENT="je" ID="tl_13_2" STYLEREFS="FONT0"/>
            <SP HEIGHT="10.204724409448819" WIDTH="4.818897637795276" VPOS="257.6692913385827" HPOS="160.44094488188978"/>
            <String HEIGHT="10.204724409448819" WIDTH="38.267716535433074" VPOS="257.6692913385827" HPOS="145.98425196850394" CONTENT="vous" ID="tl_13_3" STYLEREFS="FONT0"/>
            <SP HEIGHT="10.204724409448819" WIDTH="4.818897637795276" VPOS="257.6692913385827" HPOS="184.53543307086613"/>
            <String HEIGHT="10.204724409448819" WIDTH="52.724409448818896" VPOS="257.6692913385827" HPOS="170.07874015748033" CONTENT="aimerai" ID="tl_13_4" STYLEREFS="FONT0"/>
            <SP HEIGHT="10.204724409448819" WIDTH="4.818897637795276" VPOS="257.6692913385827" HPOS="222.8031496062992"/>
            <String HEIGHT="10.204724409448819" WIDTH="67.18110236220473" VPOS="257.6692913385827" HPOS="203.5275590551181" CONTENT="toujours...»" ID="tl_13_5" STYLEREFS="FONT0"/>
          </TextLine>
        </TextBlock>
        <TextBlock ID="r_2_2" HEIGHT="29.763779527559056" WIDTH="345.25984251968504" VPOS="273.8267716535433" HPOS="89.85826771653544">
          <TextLine ID="tl_14" BASELINE="1023" HEIGHT="15.874015748031496" WIDTH="344.6929133858268" VPOS="274.1102362204724" HPOS="90.14173228346456">
            <String HEIGHT="15.874015748031496" WIDTH="46.488188976377955" VPOS="274.1102362204724" HPOS="83.62204724409449" CONTENT="68." ID="tl_14_1" STYLEREFS="FONT0"/>
            <SP HEIGHT="15.874015748031496" WIDTH="6.519685039370079" VPOS="274.1102362204724" HPOS="129.82677165354332"/>
            <String HEIGHT="15.874015748031496" WIDTH="39.68503937007874" VPOS="274.1102362204724" HPOS="109.98425196850394" CONTENT="LA" ID="tl_14_2" STYLEREFS="FONT0"/>
            <SP HEIGHT="15.874015748031496" WIDTH="6.519685039370079" VPOS="274.1102362204724" HPOS="149.66929133858267"/>
            <String HEIGHT="15.874015748031496" WIDTH="72.85039370078741" VPOS="274.1102362204724" HPOS="129.82677165354332" CONTENT="FAYETTE" ID="tl_14_3" STYLEREFS="FONT0"/>
            <SP HEIGHT="15.874015748031496" WIDTH="6.519685039370079" VPOS="274.1102362204724" HPOS="202.96062992125985"/>
            <String HEIGHT="15.874015748031496" WIDTH="79.65354330708661" VPOS="274.1102362204724" HPOS="182.83464566929135" CONTENT="(Gilbert" ID="tl_14_4" STYLEREFS="FONT0"/>
            <SP HEIGHT="15.874015748031496" WIDTH="6.519685039370079" VPOS="274.1102362204724" HPOS="262.48818897637796"/>
            <String HEIGHT="15.874015748031496" WIDTH="72.85039370078741" VPOS="274.1102362204724" HPOS="242.64566929133858" CONTENT="Motier," ID="tl_14_5" STYLEREFS="FONT0"/>
            <SP HEIGHT="15.874015748031496" WIDTH="6.519685039370079" VPOS="274.1102362204724" HPOS="315.496062992126"/>
            <String HEIGHT="15.874015748031496" WIDTH="72.85039370078741" VPOS="274.1102362204724" HPOS="295.65354330708664" CONTENT="marquis" ID="tl_14_6" STYLEREFS="FONT0"/>
            <SP HEIGHT="15.874015748031496" WIDTH="6.519685039370079" VPOS="274.1102362204724" HPOS="368.503937007874"/>
            <String HEIGHT="15.874015748031496" WIDTH="53.00787401574803" VPOS="274.1102362204724" HPOS="348.66141732283467" CONTENT="de)," ID="tl_14_7" STYLEREFS="FONT0"/>
            <SP HEIGHT="15.874015748031496" WIDTH="6.519685039370079" VPOS="274.1102362204724" HPOS="401.6692913385827"/>
            <String HEIGHT="15.874015748031496" WIDTH="59.52755905511811" VPOS="274.1102362204724" HPOS="375.3070866141732" CONTENT="célèbre" ID="tl_14_8" STYLEREFS="FONT0"/>
          </TextLine>
          <TextLine ID="tl_15" BASELINE="1070" HEIGHT="14.456692913385826" WIDTH="269.5748031496063" VPOS="288.8503937007874" HPOS="116.50393700787401">
            <String HEIGHT="14.456692913385826" WIDTH="65.76377952755905" VPOS="288.8503937007874" HPOS="110.55118110236221" CONTENT="général" ID="tl_15_1" STYLEREFS="FONT0"/>
            <SP HEIGHT="14.456692913385826" WIDTH="5.952755905511811" VPOS="288.8503937007874" HPOS="176.31496062992127"/>
            <String HEIGHT="14.456692913385826" WIDTH="36.0" VPOS="288.8503937007874" HPOS="158.45669291338584" CONTENT="et" ID="tl_15_2" STYLEREFS="FONT0"/>
            <SP HEIGHT="14.456692913385826" WIDTH="5.952755905511811" VPOS="288.8503937007874" HPOS="194.45669291338584"/>
            <String HEIGHT="14.456692913385826" WIDTH="53.85826771653543" VPOS="288.8503937007874" HPOS="176.31496062992127" CONTENT="homme" ID="tl_15_3" STYLEREFS="FONT0"/>
            <SP HEIGHT="14.456692913385826" WIDTH="5.952755905511811" VPOS="288.8503937007874" HPOS="230.45669291338584"/>
            <String HEIGHT="14.456692913385826" WIDTH="83.90551181102362" VPOS="288.8503937007874" HPOS="212.31496062992127" CONTENT="politique," ID="tl_15_4" STYLEREFS="FONT0"/>
            <SP HEIGHT="14.456692913385826" WIDTH="5.952755905511811" VPOS="288.8503937007874" HPOS="296.2204724409449"/>
            <String HEIGHT="14.456692913385826" WIDTH="36.0" VPOS="288.8503937007874" HPOS="278.3622047244094" CONTENT="n." ID="tl_15_5" STYLEREFS="FONT0"/>
            <SP HEIGHT="14.456692913385826" WIDTH="5.952755905511811" VPOS="288.8503937007874" HPOS="314.0787401574803"/>
            <String HEIGHT="14.456692913385826" WIDTH="53.85826771653543" VPOS="288.8503937007874" HPOS="296.2204724409449" CONTENT="1757," ID="tl_15_6" STYLEREFS="FONT0"/>
            <SP HEIGHT="14.456692913385826" WIDTH="5.952755905511811" VPOS="288.8503937007874" HPOS="350.0787401574803"/>
            <String HEIGHT="14.456692913385826" WIDTH="36.0" VPOS="288.8503937007874" HPOS="332.2204724409449" CONTENT="m." ID="tl_15_7" STYLEREFS="FONT0"/>
            <SP HEIGHT="14.456692913385826" WIDTH="5.952755905511811" VPOS="288.8503937007874" HPOS="368.2204724409449"/>
            <String HEIGHT="14.456692913385826" WIDTH="41.95275590551181" VPOS="288.8503937007874" HPOS="344.12598425196853" CONTENT="1834." ID="tl_15_8" STYLEREFS="FONT0"/>
          </TextLine>
        </TextBlock>
        <TextBlock ID="r_2_3" HEIGHT="13.039370078740157" WIDTH="292.251968503937" VPOS="305.29133858267716" HPOS="126.4251968503937">
          <TextLine ID="tl_16" BASELINE="1122" HEIGHT="12.472440944881889" WIDTH="291.68503937007875" VPOS="305.5748031496063" HPOS="126.70866141732283">
            <String HEIGHT="12.472440944881889" WIDTH="29.19685039370079" VPOS="305.5748031496063" HPOS="121.88976377952756" CONTENT="L." ID="tl_16_1" STYLEREFS="FONT0"/>
            <SP HEIGHT="12.472440944881889" WIDTH="4.818897637795276" VPOS="305.5748031496063" HPOS="151.08661417322836"/>
            <String HEIGHT="12.472440944881889" WIDTH="29.19685039370079" VPOS="305.5748031496063" HPOS="136.3464566929134" CONTENT="a." ID="tl_16_2" STYLEREFS="FONT0"/>
            <SP HEIGHT="12.472440944881889" WIDTH="4.818897637795276" VPOS="305.5748031496063" HPOS="165.54330708661416"/>
            <String HEIGHT="12.472440944881889" WIDTH="29.19685039370079" VPOS="305.5748031496063" HPOS="151.08661417322836" CONTENT="s." ID="tl_16_3" STYLEREFS="FONT0"/>
            <SP HEIGHT="12.472440944881889" WIDTH="4.818897637795276" VPOS="305.5748031496063" HPOS="180.28346456692913"/>
            <String HEIGHT="12.472440944881889" WIDTH="24.37795275590551" VPOS="305.5748031496063" HPOS="165.54330708661416" CONTENT="à" ID="tl_16_4" STYLEREFS="FONT0"/>
            <SP HEIGHT="12.472440944881889" WIDTH="4.818897637795276" VPOS="305.5748031496063" HPOS="189.92125984251967"/>
            <String HEIGHT="12.472440944881889" WIDTH="29.19685039370079" VPOS="305.5748031496063" HPOS="175.46456692913387" CONTENT="M." ID="tl_16_5" STYLEREFS="FONT0"/>
            <SP HEIGHT="12.472440944881889" WIDTH="4.818897637795276" VPOS="305.5748031496063" HPOS="204.3779527559055"/>
            <String HEIGHT="12.472440944881889" WIDTH="29.19685039370079" VPOS="305.5748031496063" HPOS="189.92125984251967" CONTENT="V." ID="tl_16_6" STYLEREFS="FONT0"/>
            <SP HEIGHT="12.472440944881889" WIDTH="4.818897637795276" VPOS="305.5748031496063" HPOS="219.11811023622047"/>
            <String HEIGHT="12.472440944881889" WIDTH="48.75590551181102" VPOS="305.5748031496063" HPOS="204.3779527559055" CONTENT="Thoré;" ID="tl_16_7" STYLEREFS="FONT0"/>
            <SP HEIGHT="12.472440944881889" WIDTH="4.818897637795276" VPOS="305.5748031496063" HPOS="253.13385826771653"/>
            <String HEIGHT="12.472440944881889" WIDTH="48.75590551181102" VPOS="305.5748031496063" HPOS="238.39370078740157" CONTENT="Paris," ID="tl_16_8" STYLEREFS="FONT0"/>
            <SP HEIGHT="12.472440944881889" WIDTH="4.818897637795276" VPOS="305.5748031496063" HPOS="287.1496062992126"/>
            <String HEIGHT="12.472440944881889" WIDTH="29.19685039370079" VPOS="305.5748031496063" HPOS="272.6929133858268" CONTENT="25" ID="tl_16_9" STYLEREFS="FONT0"/>
            <SP HEIGHT="12.472440944881889" WIDTH="4.818897637795276" VPOS="305.5748031496063" HPOS="301.6062992125984"/>
            <String HEIGHT="12.472440944881889" WIDTH="43.653543307086615" VPOS="305.5748031496063" HPOS="287.1496062992126" CONTENT="avril" ID="tl_16_10" STYLEREFS="FONT0"/>
            <SP HEIGHT="12.472440944881889" WIDTH="4.818897637795276" VPOS="305.5748031496063" HPOS="330.8031496062992"/>
            <String HEIGHT="12.472440944881889" WIDTH="43.653543307086615" VPOS="305.5748031496063" HPOS="316.34645669291336" CONTENT="1824," ID="tl_16_11" STYLEREFS="FONT0"/>
            <SP HEIGHT="12.472440944881889" WIDTH="4.818897637795276" VPOS="305.5748031496063" HPOS="360.0"/>
            <String HEIGHT="12.472440944881889" WIDTH="24.37795275590551" VPOS="305.5748031496063" HPOS="345.54330708661416" CONTENT="1" ID="tl_16_12" STYLEREFS="FONT0"/>
            <SP HEIGHT="12.472440944881889" WIDTH="4.818897637795276" VPOS="305.5748031496063" HPOS="369.9212598425197"/>
            <String HEIGHT="12.472440944881889" WIDTH="29.19685039370079" VPOS="305.5748031496063" HPOS="355.18110236220474" CONTENT="p." ID="tl_16_13" STYLEREFS="FONT0"/>
            <SP HEIGHT="12.472440944881889" WIDTH="4.818897637795276" VPOS="305.5748031496063" HPOS="384.37795275590554"/>
            <String HEIGHT="12.472440944881889" WIDTH="34.01574803149607" VPOS="305.5748031496063" HPOS="369.9212598425197" CONTENT="1/3" ID="tl_16_14" STYLEREFS="FONT0"/>
            <SP HEIGHT="12.472440944881889" WIDTH="4.818897637795276" VPOS="305.5748031496063" HPOS="403.93700787401576"/>
            <String HEIGHT="12.472440944881889" WIDTH="34.01574803149607" VPOS="305.5748031496063" HPOS="384.37795275590554" CONTENT="in" ID="tl_16_15" STYLEREFS="FONT0"/>
          </TextLine>
        </TextBlock>
        <TextBlock ID="r_2_4" HEIGHT="32.59842519685039" WIDTH="324.0" VPOS="320.31496062992125" HPOS="112.25196850393701">
          <TextLine ID="tl_17" BASELINE="1173" HEIGHT="11.905511811023622" WIDTH="313.51181102362204" VPOS="320.59842519685037" HPOS="122.45669291338582">
            <String HEIGHT="11.905511811023622" WIDTH="53.85826771653543" VPOS="320.59842519685037" HPOS="117.63779527559055" CONTENT="Superbe" ID="tl_17_1" STYLEREFS="FONT0"/>
            <SP HEIGHT="11.905511811023622" WIDTH="4.818897637795276" VPOS="320.59842519685037" HPOS="171.49606299212599"/>
            <String HEIGHT="11.905511811023622" WIDTH="49.039370078740156" VPOS="320.59842519685037" HPOS="156.75590551181102" CONTENT="lettre" ID="tl_17_2" STYLEREFS="FONT0"/>
            <SP HEIGHT="11.905511811023622" WIDTH="4.818897637795276" VPOS="320.59842519685037" HPOS="205.79527559055117"/>
            <String HEIGHT="11.905511811023622" WIDTH="29.480314960629922" VPOS="320.59842519685037" HPOS="191.0551181102362" CONTENT="où" ID="tl_17_3" STYLEREFS="FONT0"/>
            <SP HEIGHT="11.905511811023622" WIDTH="4.818897637795276" VPOS="320.59842519685037" HPOS="220.53543307086613"/>
            <String HEIGHT="11.905511811023622" WIDTH="29.480314960629922" VPOS="320.59842519685037" HPOS="205.79527559055117" CONTENT="il" ID="tl_17_4" STYLEREFS="FONT0"/>
            <SP HEIGHT="11.905511811023622" WIDTH="4.818897637795276" VPOS="320.59842519685037" HPOS="234.99212598425197"/>
            <String HEIGHT="11.905511811023622" WIDTH="34.2992125984252" VPOS="320.59842519685037" HPOS="220.53543307086613" CONTENT="lui" ID="tl_17_5" STYLEREFS="FONT0"/>
            <SP HEIGHT="11.905511811023622" WIDTH="4.818897637795276" VPOS="320.59842519685037" HPOS="254.83464566929135"/>
            <String HEIGHT="11.905511811023622" WIDTH="68.5984251968504" VPOS="320.59842519685037" HPOS="240.09448818897638" CONTENT="recommande" ID="tl_17_6" STYLEREFS="FONT0"/>
            <SP HEIGHT="11.905511811023622" WIDTH="4.818897637795276" VPOS="320.59842519685037" HPOS="308.6929133858268"/>
            <String HEIGHT="11.905511811023622" WIDTH="34.2992125984252" VPOS="320.59842519685037" HPOS="293.9527559055118" CONTENT="une" ID="tl_17_7" STYLEREFS="FONT0"/>
            <SP HEIGHT="11.905511811023622" WIDTH="4.818897637795276" VPOS="320.59842519685037" HPOS="328.251968503937"/>
            <String HEIGHT="11.905511811023622" WIDTH="49.039370078740156" VPOS="320.59842519685037" HPOS="313.51181102362204" CONTENT="pauvre" ID="tl_17_8" STYLEREFS="FONT0"/>
            <SP HEIGHT="11.905511811023622" WIDTH="4.818897637795276" VPOS="320.59842519685037" HPOS="362.5511811023622"/>
            <String HEIGHT="11.905511811023622" WIDTH="44.22047244094488" VPOS="320.59842519685037" HPOS="347.81102362204723" CONTENT="femme" ID="tl_17_9" STYLEREFS="FONT0"/>
            <SP HEIGHT="11.905511811023622" WIDTH="4.818897637795276" VPOS="320.59842519685037" HPOS="391.748031496063"/>
            <String HEIGHT="11.905511811023622" WIDTH="34.2992125984252" VPOS="320.59842519685037" HPOS="377.29133858267716" CONTENT="qui" ID="tl_17_10" STYLEREFS="FONT0"/>
            <SP HEIGHT="11.905511811023622" WIDTH="4.818897637795276" VPOS="320.59842519685037" HPOS="411.59055118110234"/>
            <String HEIGHT="11.905511811023622" WIDTH="24.37795275590551" VPOS="320.59842519685037" HPOS="396.8503937007874" CONTENT="a" ID="tl_17_11" STYLEREFS="FONT0"/>
            <SP HEIGHT="11.905511811023622" WIDTH="4.818897637795276" VPOS="320.59842519685037" HPOS="421.2283464566929"/>
            <String HEIGHT="11.905511811023622" WIDTH="34.2992125984252" VPOS="320.59842519685037" HPOS="401.6692913385827" CONTENT="perdu" ID="tl_17_12" STYLEREFS="FONT0"/>
          </TextLine>
          <TextLine ID="tl_18" BASELINE="1208" HEIGHT="11.622047244094489" WIDTH="322.2992125984252" VPOS="330.8031496062992" HPOS="113.38582677165354">
            <String HEIGHT="11.622047244094489" WIDTH="29.763779527559056" VPOS="330.8031496062992" HPOS="108.56692913385827" CONTENT="sa" ID="tl_18_1" STYLEREFS="FONT0"/>
            <SP HEIGHT="11.622047244094489" WIDTH="4.818897637795276" VPOS="330.8031496062992" HPOS="138.04724409448818"/>
            <String HEIGHT="11.622047244094489" WIDTH="59.52755905511811" VPOS="330.8031496062992" HPOS="123.30708661417323" CONTENT="position" ID="tl_18_2" STYLEREFS="FONT0"/>
            <SP HEIGHT="11.622047244094489" WIDTH="4.818897637795276" VPOS="330.8031496062992" HPOS="182.83464566929135"/>
            <String HEIGHT="11.622047244094489" WIDTH="44.503937007874015" VPOS="330.8031496062992" HPOS="167.81102362204723" CONTENT="parce" ID="tl_18_3" STYLEREFS="FONT0"/>
            <SP HEIGHT="11.622047244094489" WIDTH="4.818897637795276" VPOS="330.8031496062992" HPOS="212.5984251968504"/>
            <String HEIGHT="11.622047244094489" WIDTH="54.425196850393704" VPOS="330.8031496062992" HPOS="197.5748031496063" CONTENT="qu'elle" ID="tl_18_4" STYLEREFS="FONT0"/>
            <SP HEIGHT="11.622047244094489" WIDTH="4.818897637795276" VPOS="330.8031496062992" HPOS="252.28346456692913"/>
            <String HEIGHT="11.622047244094489" WIDTH="34.58267716535433" VPOS="330.8031496062992" HPOS="237.25984251968504" CONTENT="est" ID="tl_18_5" STYLEREFS="FONT0"/>
            <SP HEIGHT="11.622047244094489" WIDTH="4.818897637795276" VPOS="330.8031496062992" HPOS="272.12598425196853"/>
            <String HEIGHT="11.622047244094489" WIDTH="29.763779527559056" VPOS="330.8031496062992" HPOS="257.1023622047244" CONTENT="la" ID="tl_18_6" STYLEREFS="FONT0"/>
            <SP HEIGHT="11.622047244094489" WIDTH="4.818897637795276" VPOS="330.8031496062992" HPOS="286.86614173228344"/>
            <String HEIGHT="11.622047244094489" WIDTH="39.68503937007874" VPOS="330.8031496062992" HPOS="272.12598425196853" CONTENT="sœur" ID="tl_18_7" STYLEREFS="FONT0"/>
            <SP HEIGHT="11.622047244094489" WIDTH="4.818897637795276" VPOS="330.8031496062992" HPOS="311.81102362204723"/>
            <String HEIGHT="11.622047244094489" WIDTH="29.763779527559056" VPOS="330.8031496062992" HPOS="296.78740157480314" CONTENT="de" ID="tl_18_8" STYLEREFS="FONT0"/>
            <SP HEIGHT="11.622047244094489" WIDTH="4.818897637795276" VPOS="330.8031496062992" HPOS="326.5511811023622"/>
            <String HEIGHT="11.622047244094489" WIDTH="59.52755905511811" VPOS="330.8031496062992" HPOS="311.81102362204723" CONTENT="Pommier," ID="tl_18_9" STYLEREFS="FONT0"/>
            <SP HEIGHT="11.622047244094489" WIDTH="4.818897637795276" VPOS="330.8031496062992" HPOS="371.33858267716533"/>
            <String HEIGHT="11.622047244094489" WIDTH="39.68503937007874" VPOS="330.8031496062992" HPOS="356.31496062992125" CONTENT="l'un" ID="tl_18_10" STYLEREFS="FONT0"/>
            <SP HEIGHT="11.622047244094489" WIDTH="4.818897637795276" VPOS="330.8031496062992" HPOS="396.0"/>
            <String HEIGHT="11.622047244094489" WIDTH="34.58267716535433" VPOS="330.8031496062992" HPOS="381.25984251968504" CONTENT="des" ID="tl_18_11" STYLEREFS="FONT0"/>
            <SP HEIGHT="11.622047244094489" WIDTH="4.818897637795276" VPOS="330.8031496062992" HPOS="415.84251968503935"/>
            <String HEIGHT="11.622047244094489" WIDTH="39.68503937007874" VPOS="330.8031496062992" HPOS="396.0" CONTENT="quatre" ID="tl_18_12" STYLEREFS="FONT0"/>
          </TextLine>
          <TextLine ID="tl_19" BASELINE="1244" HEIGHT="10.488188976377952" WIDTH="108.56692913385827" VPOS="342.1417322834646" HPOS="112.53543307086615">
            <String HEIGHT="10.488188976377952" WIDTH="54.425196850393704" VPOS="342.1417322834646" HPOS="108.0" CONTENT="sergents" ID="tl_19_1" STYLEREFS="FONT0"/>
            <SP HEIGHT="10.488188976377952" WIDTH="4.535433070866142" VPOS="342.1417322834646" HPOS="162.4251968503937"/>
            <String HEIGHT="10.488188976377952" WIDTH="27.212598425196852" VPOS="342.1417322834646" HPOS="148.8188976377953" CONTENT="de" ID="tl_19_2" STYLEREFS="FONT0"/>
            <SP HEIGHT="10.488188976377952" WIDTH="4.535433070866142" VPOS="342.1417322834646" HPOS="175.748031496063"/>
            <String HEIGHT="10.488188976377952" WIDTH="27.212598425196852" VPOS="342.1417322834646" HPOS="162.4251968503937" CONTENT="la" ID="tl_19_3" STYLEREFS="FONT0"/>
            <SP HEIGHT="10.488188976377952" WIDTH="4.535433070866142" VPOS="342.1417322834646" HPOS="189.35433070866142"/>
            <String HEIGHT="10.488188976377952" WIDTH="49.889763779527556" VPOS="342.1417322834646" HPOS="171.21259842519686" CONTENT="Rochelle." ID="tl_19_4" STYLEREFS="FONT0"/>
          </TextLine>
        </TextBlock>
        <TextBlock ID="r_2_5" HEIGHT="26.64566929133858" WIDTH="344.9763779527559" VPOS="358.2992125984252" HPOS="89.5748031496063">
          <TextLine ID="tl_20" BASELINE="1320" HEIGHT="15.590551181102363" WIDTH="344.40944881889766" VPOS="358.5826771653543" HPOS="89.85826771653544">
            <String HEIGHT="15.590551181102363" WIDTH="45.354330708661415" VPOS="358.5826771653543" HPOS="83.33858267716535" CONTENT="69." ID="tl_20_1" STYLEREFS="FONT0"/>
            <SP HEIGHT="15.590551181102363" WIDTH="6.519685039370079" VPOS="358.5826771653543" HPOS="128.9763779527559"/>
            <String HEIGHT="15.590551181102363" WIDTH="84.4724409448819" VPOS="358.5826771653543" HPOS="109.41732283464567" CONTENT="LAMARTINE" ID="tl_20_2" STYLEREFS="FONT0"/>
            <SP HEIGHT="15.590551181102363" WIDTH="6.519685039370079" VPOS="358.5826771653543" HPOS="193.88976377952756"/>
            <String HEIGHT="15.590551181102363" WIDTH="84.4724409448819" VPOS="358.5826771653543" HPOS="174.33070866141733" CONTENT="(Alphonse" ID="tl_20_3" STYLEREFS="FONT0"/>
            <SP HEIGHT="15.590551181102363" WIDTH="6.519685039370079" VPOS="358.5826771653543" HPOS="258.8031496062992"/>
            <String HEIGHT="15.590551181102363" WIDTH="51.874015748031496" VPOS="358.5826771653543" HPOS="239.24409448818898" CONTENT="de)," ID="tl_20_4" STYLEREFS="FONT0"/>
            <SP HEIGHT="15.590551181102363" WIDTH="6.519685039370079" VPOS="358.5826771653543" HPOS="291.40157480314963"/>
            <String HEIGHT="15.590551181102363" WIDTH="39.118110236220474" VPOS="358.5826771653543" HPOS="271.84251968503935" CONTENT="le" ID="tl_20_5" STYLEREFS="FONT0"/>
            <SP HEIGHT="15.590551181102363" WIDTH="6.519685039370079" VPOS="358.5826771653543" HPOS="310.6771653543307"/>
            <String HEIGHT="15.590551181102363" WIDTH="58.39370078740158" VPOS="358.5826771653543" HPOS="291.40157480314963" CONTENT="grand" ID="tl_20_6" STYLEREFS="FONT0"/>
            <SP HEIGHT="15.590551181102363" WIDTH="6.519685039370079" VPOS="358.5826771653543" HPOS="349.79527559055117"/>
            <String HEIGHT="15.590551181102363" WIDTH="64.91338582677166" VPOS="358.5826771653543" HPOS="330.23622047244095" CONTENT="poète," ID="tl_20_7" STYLEREFS="FONT0"/>
            <SP HEIGHT="15.590551181102363" WIDTH="6.519685039370079" VPOS="358.5826771653543" HPOS="395.1496062992126"/>
            <String HEIGHT="15.590551181102363" WIDTH="39.118110236220474" VPOS="358.5826771653543" HPOS="375.87401574803147" CONTENT="n." ID="tl_20_8" STYLEREFS="FONT0"/>
            <SP HEIGHT="15.590551181102363" WIDTH="6.519685039370079" VPOS="358.5826771653543" HPOS="414.70866141732284"/>
            <String HEIGHT="15.590551181102363" WIDTH="45.354330708661415" VPOS="358.5826771653543" HPOS="388.9133858267717" CONTENT="1790," ID="tl_20_9" STYLEREFS="FONT0"/>
          </TextLine>
          <TextLine ID="tl_21" BASELINE="1357" HEIGHT="10.204724409448819" WIDTH="49.039370078740156" VPOS="374.45669291338584" HPOS="116.50393700787401">
            <String HEIGHT="10.204724409448819" WIDTH="36.8503937007874" VPOS="374.45669291338584" HPOS="110.26771653543307" CONTENT="m." ID="tl_21_1" STYLEREFS="FONT0"/>
            <SP HEIGHT="10.204724409448819" WIDTH="6.2362204724409445" VPOS="374.45669291338584" HPOS="147.11811023622047"/>
            <String HEIGHT="10.204724409448819" WIDTH="42.803149606299215" VPOS="374.45669291338584" HPOS="122.74015748031496" CONTENT="1869." ID="tl_21_2" STYLEREFS="FONT0"/>
          </TextLine>
        </TextBlock>
        <TextBlock ID="r_2_6" HEIGHT="12.188976377952756" WIDTH="245.76377952755905" VPOS="390.3307086614173" HPOS="126.99212598425197">
          <TextLine ID="tl_22" BASELINE="1419" HEIGHT="11.622047244094489" WIDTH="245.1968503937008" VPOS="390.61417322834643" HPOS="127.2755905511811">
            <String HEIGHT="11.622047244094489" WIDTH="29.480314960629922" VPOS="390.61417322834643" HPOS="122.45669291338582" CONTENT="L." ID="tl_22_1" STYLEREFS="FONT0"/>
            <SP HEIGHT="11.622047244094489" WIDTH="4.818897637795276" VPOS="390.61417322834643" HPOS="151.93700787401573"/>
            <String HEIGHT="11.622047244094489" WIDTH="29.480314960629922" VPOS="390.61417322834643" HPOS="137.1968503937008" CONTENT="a." ID="tl_22_2" STYLEREFS="FONT0"/>
            <SP HEIGHT="11.622047244094489" WIDTH="4.818897637795276" VPOS="390.61417322834643" HPOS="166.39370078740157"/>
            <String HEIGHT="11.622047244094489" WIDTH="34.2992125984252" VPOS="390.61417322834643" HPOS="151.93700787401573" CONTENT="s.;" ID="tl_22_3" STYLEREFS="FONT0"/>
            <SP HEIGHT="11.622047244094489" WIDTH="4.818897637795276" VPOS="390.61417322834643" HPOS="186.23622047244095"/>
            <String HEIGHT="11.622047244094489" WIDTH="78.51968503937007" VPOS="390.61417322834643" HPOS="171.49606299212599" CONTENT="Saint-Point," ID="tl_22_4" STYLEREFS="FONT0"/>
            <SP HEIGHT="11.622047244094489" WIDTH="4.818897637795276" VPOS="390.61417322834643" HPOS="250.01574803149606"/>
            <String HEIGHT="11.622047244094489" WIDTH="29.480314960629922" VPOS="390.61417322834643" HPOS="235.2755905511811" CONTENT="10" ID="tl_22_5" STYLEREFS="FONT0"/>
            <SP HEIGHT="11.622047244094489" WIDTH="4.818897637795276" VPOS="390.61417322834643" HPOS="264.4724409448819"/>
            <String HEIGHT="11.622047244094489" WIDTH="53.85826771653543" VPOS="390.61417322834643" HPOS="250.01574803149606" CONTENT="octobre" ID="tl_22_6" STYLEREFS="FONT0"/>
            <SP HEIGHT="11.622047244094489" WIDTH="4.818897637795276" VPOS="390.61417322834643" HPOS="303.87401574803147"/>
            <String HEIGHT="11.622047244094489" WIDTH="44.22047244094488" VPOS="390.61417322834643" HPOS="289.13385826771656" CONTENT="1858," ID="tl_22_7" STYLEREFS="FONT0"/>
            <SP HEIGHT="11.622047244094489" WIDTH="4.818897637795276" VPOS="390.61417322834643" HPOS="333.3543307086614"/>
            <String HEIGHT="11.622047244094489" WIDTH="24.661417322834644" VPOS="390.61417322834643" HPOS="318.61417322834643" CONTENT="3" ID="tl_22_8" STYLEREFS="FONT0"/>
            <SP HEIGHT="11.622047244094489" WIDTH="4.818897637795276" VPOS="390.61417322834643" HPOS="342.99212598425197"/>
            <String HEIGHT="11.622047244094489" WIDTH="29.480314960629922" VPOS="390.61417322834643" HPOS="328.251968503937" CONTENT="p." ID="tl_22_9" STYLEREFS="FONT0"/>
            <SP HEIGHT="11.622047244094489" WIDTH="4.818897637795276" VPOS="390.61417322834643" HPOS="357.73228346456693"/>
            <String HEIGHT="11.622047244094489" WIDTH="34.2992125984252" VPOS="390.61417322834643" HPOS="338.1732283464567" CONTENT="in" ID="tl_22_10" STYLEREFS="FONT0"/>
          </TextLine>
        </TextBlock>
        <TextBlock ID="r_2_7" HEIGHT="62.07874015748032" WIDTH="324.56692913385825" VPOS="404.503937007874" HPOS="112.53543307086615">
          <TextLine ID="tl_23" BASELINE="1471" HEIGHT="12.188976377952756" WIDTH="313.51181102362204" VPOS="404.78740157480314" HPOS="122.1732283464567">
            <String HEIGHT="12.188976377952756" WIDTH="50.74015748031496" VPOS="404.78740157480314" HPOS="117.63779527559055" CONTENT="SUPERBE" ID="tl_23_1" STYLEREFS="FONT0"/>
            <SP HEIGHT="12.188976377952756" WIDTH="4.535433070866142" VPOS="404.78740157480314" HPOS="168.3779527559055"/>
            <String HEIGHT="12.188976377952756" WIDTH="50.74015748031496" VPOS="404.78740157480314" HPOS="154.48818897637796" CONTENT="LETTRE." ID="tl_23_2" STYLEREFS="FONT0"/>
            <SP HEIGHT="12.188976377952756" WIDTH="4.535433070866142" VPOS="404.78740157480314" HPOS="205.22834645669292"/>
            <String HEIGHT="12.188976377952756" WIDTH="27.77952755905512" VPOS="404.78740157480314" HPOS="191.33858267716536" CONTENT="Il" ID="tl_23_3" STYLEREFS="FONT0"/>
            <SP HEIGHT="12.188976377952756" WIDTH="4.535433070866142" VPOS="404.78740157480314" HPOS="219.11811023622047"/>
            <String HEIGHT="12.188976377952756" WIDTH="27.77952755905512" VPOS="404.78740157480314" HPOS="205.22834645669292" CONTENT="se" ID="tl_23_4" STYLEREFS="FONT0"/>
            <SP HEIGHT="12.188976377952756" WIDTH="4.535433070866142" VPOS="404.78740157480314" HPOS="232.7244094488189"/>
            <String HEIGHT="12.188976377952756" WIDTH="46.20472440944882" VPOS="404.78740157480314" HPOS="219.11811023622047" CONTENT="plaint" ID="tl_23_5" STYLEREFS="FONT0"/>
            <SP HEIGHT="12.188976377952756" WIDTH="4.535433070866142" VPOS="404.78740157480314" HPOS="265.03937007874015"/>
            <String HEIGHT="12.188976377952756" WIDTH="32.31496062992126" VPOS="404.78740157480314" HPOS="251.1496062992126" CONTENT="que" ID="tl_23_6" STYLEREFS="FONT0"/>
            <SP HEIGHT="12.188976377952756" WIDTH="4.535433070866142" VPOS="404.78740157480314" HPOS="283.46456692913387"/>
            <String HEIGHT="12.188976377952756" WIDTH="27.77952755905512" VPOS="404.78740157480314" HPOS="269.5748031496063" CONTENT="la" ID="tl_23_7" STYLEREFS="FONT0"/>
            <SP HEIGHT="12.188976377952756" WIDTH="4.535433070866142" VPOS="404.78740157480314" HPOS="297.3543307086614"/>
            <String HEIGHT="12.188976377952756" WIDTH="73.7007874015748" VPOS="404.78740157480314" HPOS="283.46456692913387" CONTENT="souscription" ID="tl_23_8" STYLEREFS="FONT0"/>
            <SP HEIGHT="12.188976377952756" WIDTH="4.535433070866142" VPOS="404.78740157480314" HPOS="357.4488188976378"/>
            <String HEIGHT="12.188976377952756" WIDTH="32.31496062992126" VPOS="404.78740157480314" HPOS="343.5590551181102" CONTENT="que" ID="tl_23_9" STYLEREFS="FONT0"/>
            <SP HEIGHT="12.188976377952756" WIDTH="4.535433070866142" VPOS="404.78740157480314" HPOS="375.87401574803147"/>
            <String HEIGHT="12.188976377952756" WIDTH="36.8503937007874" VPOS="404.78740157480314" HPOS="361.98425196850394" CONTENT="l’on" ID="tl_23_10" STYLEREFS="FONT0"/>
            <SP HEIGHT="12.188976377952756" WIDTH="4.535433070866142" VPOS="404.78740157480314" HPOS="398.8346456692913"/>
            <String HEIGHT="12.188976377952756" WIDTH="36.8503937007874" VPOS="404.78740157480314" HPOS="384.9448818897638" CONTENT="fait" ID="tl_23_11" STYLEREFS="FONT0"/>
            <SP HEIGHT="12.188976377952756" WIDTH="4.535433070866142" VPOS="404.78740157480314" HPOS="421.79527559055117"/>
            <String HEIGHT="12.188976377952756" WIDTH="27.77952755905512" VPOS="404.78740157480314" HPOS="407.90551181102364" CONTENT="en" ID="tl_23_12" STYLEREFS="FONT0"/>
            <SP HEIGHT="12.188976377952756" WIDTH="4.535433070866142" VPOS="404.78740157480314" HPOS="435.68503937007875"/>
            <String HEIGHT="12.188976377952756" WIDTH="18.4251968503937" VPOS="404.78740157480314" HPOS="417.25984251968504" CONTENT="sa" ID="tl_23_13" STYLEREFS="FONT0"/>
          </TextLine>
          <TextLine ID="tl_24" BASELINE="1507" HEIGHT="12.188976377952756" WIDTH="322.5826771653543" VPOS="414.99212598425197" HPOS="113.10236220472441">
            <String HEIGHT="12.188976377952756" WIDTH="46.20472440944882" VPOS="414.99212598425197" HPOS="108.56692913385827" CONTENT="faveur" ID="tl_24_1" STYLEREFS="FONT0"/>
            <SP HEIGHT="12.188976377952756" WIDTH="4.535433070866142" VPOS="414.99212598425197" HPOS="154.48818897637796"/>
            <String HEIGHT="12.188976377952756" WIDTH="41.38582677165354" VPOS="414.99212598425197" HPOS="140.88188976377953" CONTENT="n’ait" ID="tl_24_2" STYLEREFS="FONT0"/>
            <SP HEIGHT="12.188976377952756" WIDTH="4.535433070866142" VPOS="414.99212598425197" HPOS="182.26771653543307"/>
            <String HEIGHT="12.188976377952756" WIDTH="32.31496062992126" VPOS="414.99212598425197" HPOS="168.3779527559055" CONTENT="pas" ID="tl_24_3" STYLEREFS="FONT0"/>
            <SP HEIGHT="12.188976377952756" WIDTH="4.535433070866142" VPOS="414.99212598425197" HPOS="200.69291338582678"/>
            <String HEIGHT="12.188976377952756" WIDTH="36.8503937007874" VPOS="414.99212598425197" HPOS="186.8031496062992" CONTENT="plus" ID="tl_24_4" STYLEREFS="FONT0"/>
            <SP HEIGHT="12.188976377952756" WIDTH="4.535433070866142" VPOS="414.99212598425197" HPOS="223.6535433070866"/>
            <String HEIGHT="12.188976377952756" WIDTH="46.20472440944882" VPOS="414.99212598425197" HPOS="209.76377952755905" CONTENT="d’écho" ID="tl_24_5" STYLEREFS="FONT0"/>
            <SP HEIGHT="12.188976377952756" WIDTH="4.535433070866142" VPOS="414.99212598425197" HPOS="255.96850393700788"/>
            <String HEIGHT="12.188976377952756" WIDTH="27.77952755905512" VPOS="414.99212598425197" HPOS="242.07874015748033" CONTENT="au" ID="tl_24_6" STYLEREFS="FONT0"/>
            <SP HEIGHT="12.188976377952756" WIDTH="4.535433070866142" VPOS="414.99212598425197" HPOS="269.8582677165354"/>
            <String HEIGHT="12.188976377952756" WIDTH="36.8503937007874" VPOS="414.99212598425197" HPOS="255.96850393700788" CONTENT="nord" ID="tl_24_7" STYLEREFS="FONT0"/>
            <SP HEIGHT="12.188976377952756" WIDTH="4.535433070866142" VPOS="414.99212598425197" HPOS="292.81889763779526"/>
            <String HEIGHT="12.188976377952756" WIDTH="41.38582677165354" VPOS="414.99212598425197" HPOS="278.92913385826773" CONTENT="qu’au" ID="tl_24_8" STYLEREFS="FONT0"/>
            <SP HEIGHT="12.188976377952756" WIDTH="4.535433070866142" VPOS="414.99212598425197" HPOS="320.59842519685037"/>
            <String HEIGHT="12.188976377952756" WIDTH="36.8503937007874" VPOS="414.99212598425197" HPOS="306.70866141732284" CONTENT="midi" ID="tl_24_9" STYLEREFS="FONT0"/>
            <SP HEIGHT="12.188976377952756" WIDTH="4.535433070866142" VPOS="414.99212598425197" HPOS="343.5590551181102"/>
            <String HEIGHT="12.188976377952756" WIDTH="27.77952755905512" VPOS="414.99212598425197" HPOS="329.6692913385827" CONTENT="de" ID="tl_24_10" STYLEREFS="FONT0"/>
            <SP HEIGHT="12.188976377952756" WIDTH="4.535433070866142" VPOS="414.99212598425197" HPOS="357.4488188976378"/>
            <String HEIGHT="12.188976377952756" WIDTH="27.77952755905512" VPOS="414.99212598425197" HPOS="343.5590551181102" CONTENT="la" ID="tl_24_11" STYLEREFS="FONT0"/>
            <SP HEIGHT="12.188976377952756" WIDTH="4.535433070866142" VPOS="414.99212598425197" HPOS="371.0551181102362"/>
            <String HEIGHT="12.188976377952756" WIDTH="50.74015748031496" VPOS="414.99212598425197" HPOS="357.4488188976378" CONTENT="France." ID="tl_24_12" STYLEREFS="FONT0"/>
            <SP HEIGHT="12.188976377952756" WIDTH="4.535433070866142" VPOS="414.99212598425197" HPOS="407.90551181102364"/>
            <String HEIGHT="12.188976377952756" WIDTH="41.38582677165354" VPOS="414.99212598425197" HPOS="394.2992125984252" CONTENT="«J'ai" ID="tl_24_13" STYLEREFS="FONT0"/>
            <SP HEIGHT="12.188976377952756" WIDTH="4.535433070866142" VPOS="414.99212598425197" HPOS="435.68503937007875"/>
            <String HEIGHT="12.188976377952756" WIDTH="18.4251968503937" VPOS="414.99212598425197" HPOS="417.25984251968504" CONTENT="la" ID="tl_24_14" STYLEREFS="FONT0"/>
          </TextLine>
          <TextLine ID="tl_25" BASELINE="1541" HEIGHT="11.622047244094489" WIDTH="322.86614173228344" VPOS="425.1968503937008" HPOS="113.38582677165354">
            <String HEIGHT="11.622047244094489" WIDTH="68.5984251968504" VPOS="425.1968503937008" HPOS="108.56692913385827" CONTENT="conscience" ID="tl_25_1" STYLEREFS="FONT0"/>
            <SP HEIGHT="11.622047244094489" WIDTH="4.818897637795276" VPOS="425.1968503937008" HPOS="176.88188976377953"/>
            <String HEIGHT="11.622047244094489" WIDTH="34.2992125984252" VPOS="425.1968503937008" HPOS="162.4251968503937" CONTENT="que" ID="tl_25_2" STYLEREFS="FONT0"/>
            <SP HEIGHT="11.622047244094489" WIDTH="4.818897637795276" VPOS="425.1968503937008" HPOS="196.44094488188978"/>
            <String HEIGHT="11.622047244094489" WIDTH="39.118110236220474" VPOS="425.1968503937008" HPOS="181.98425196850394" CONTENT="l'on" ID="tl_25_3" STYLEREFS="FONT0"/>
            <SP HEIGHT="11.622047244094489" WIDTH="4.818897637795276" VPOS="425.1968503937008" HPOS="221.10236220472441"/>
            <String HEIGHT="11.622047244094489" WIDTH="29.480314960629922" VPOS="425.1968503937008" HPOS="206.36220472440945" CONTENT="me" ID="tl_25_4" STYLEREFS="FONT0"/>
            <SP HEIGHT="11.622047244094489" WIDTH="4.818897637795276" VPOS="425.1968503937008" HPOS="235.55905511811022"/>
            <String HEIGHT="11.622047244094489" WIDTH="49.039370078740156" VPOS="425.1968503937008" HPOS="221.10236220472441" CONTENT="devait" ID="tl_25_5" STYLEREFS="FONT0"/>
            <SP HEIGHT="11.622047244094489" WIDTH="4.818897637795276" VPOS="425.1968503937008" HPOS="269.8582677165354"/>
            <String HEIGHT="11.622047244094489" WIDTH="43.93700787401575" VPOS="425.1968503937008" HPOS="255.11811023622047" CONTENT="mieux" ID="tl_25_6" STYLEREFS="FONT0"/>
            <SP HEIGHT="11.622047244094489" WIDTH="4.818897637795276" VPOS="425.1968503937008" HPOS="299.33858267716533"/>
            <String HEIGHT="11.622047244094489" WIDTH="34.2992125984252" VPOS="425.1968503937008" HPOS="284.59842519685037" CONTENT="que" ID="tl_25_7" STYLEREFS="FONT0"/>
            <SP HEIGHT="11.622047244094489" WIDTH="4.818897637795276" VPOS="425.1968503937008" HPOS="318.8976377952756"/>
            <String HEIGHT="11.622047244094489" WIDTH="34.2992125984252" VPOS="425.1968503937008" HPOS="304.15748031496065" CONTENT="des" ID="tl_25_8" STYLEREFS="FONT0"/>
            <SP HEIGHT="11.622047244094489" WIDTH="4.818897637795276" VPOS="425.1968503937008" HPOS="338.45669291338584"/>
            <String HEIGHT="11.622047244094489" WIDTH="58.67716535433071" VPOS="425.1968503937008" HPOS="323.7165354330709" CONTENT="outrages" ID="tl_25_9" STYLEREFS="FONT0"/>
            <SP HEIGHT="11.622047244094489" WIDTH="4.818897637795276" VPOS="425.1968503937008" HPOS="382.3937007874016"/>
            <String HEIGHT="11.622047244094489" WIDTH="29.480314960629922" VPOS="425.1968503937008" HPOS="367.65354330708664" CONTENT="et" ID="tl_25_10" STYLEREFS="FONT0"/>
            <SP HEIGHT="11.622047244094489" WIDTH="4.818897637795276" VPOS="425.1968503937008" HPOS="397.13385826771656"/>
            <String HEIGHT="11.622047244094489" WIDTH="34.2992125984252" VPOS="425.1968503937008" HPOS="382.3937007874016" CONTENT="des" ID="tl_25_11" STYLEREFS="FONT0"/>
            <SP HEIGHT="11.622047244094489" WIDTH="4.818897637795276" VPOS="425.1968503937008" HPOS="416.6929133858268"/>
            <String HEIGHT="11.622047244094489" WIDTH="39.118110236220474" VPOS="425.1968503937008" HPOS="397.13385826771656" CONTENT="ostra" SUBS_TYPE="HypPart1" SUBS_CONTENT="ostracismes." ID="tl_25_12" STYLEREFS="FONT0"/>
            <HYP CONTENT="-"/>
          </TextLine>
          <TextLine ID="tl_26" BASELINE="1575" HEIGHT="11.338582677165354" WIDTH="323.43307086614175" VPOS="435.11811023622045" HPOS="113.10236220472441">
            <String HEIGHT="11.338582677165354" WIDTH="52.44094488188976" VPOS="435.11811023622045" HPOS="108.28346456692914" CONTENT="cismes." SUBS_TYPE="HypPart2" SUBS_CONTENT="ostracismes." ID="tl_26_1" STYLEREFS="FONT0"/>
            <SP HEIGHT="11.338582677165354" WIDTH="4.818897637795276" VPOS="435.11811023622045" HPOS="160.7244094488189"/>
            <String HEIGHT="11.338582677165354" WIDTH="37.98425196850393" VPOS="435.11811023622045" HPOS="146.26771653543307" CONTENT="Sans" ID="tl_26_2" STYLEREFS="FONT0"/>
            <SP HEIGHT="11.338582677165354" WIDTH="4.818897637795276" VPOS="435.11811023622045" HPOS="184.53543307086613"/>
            <String HEIGHT="11.338582677165354" WIDTH="33.16535433070866" VPOS="435.11811023622045" HPOS="170.07874015748033" CONTENT="mon" ID="tl_26_3" STYLEREFS="FONT0"/>
            <SP HEIGHT="11.338582677165354" WIDTH="4.818897637795276" VPOS="435.11811023622045" HPOS="203.5275590551181"/>
            <String HEIGHT="11.338582677165354" WIDTH="71.43307086614173" VPOS="435.11811023622045" HPOS="189.0708661417323" CONTENT="dévouement," ID="tl_26_4" STYLEREFS="FONT0"/>
            <SP HEIGHT="11.338582677165354" WIDTH="4.818897637795276" VPOS="435.11811023622045" HPOS="260.503937007874"/>
            <String HEIGHT="11.338582677165354" WIDTH="37.98425196850393" VPOS="435.11811023622045" HPOS="246.33070866141733" CONTENT="bien" ID="tl_26_5" STYLEREFS="FONT0"/>
            <SP HEIGHT="11.338582677165354" WIDTH="4.818897637795276" VPOS="435.11811023622045" HPOS="284.31496062992125"/>
            <String HEIGHT="11.338582677165354" WIDTH="28.62992125984252" VPOS="435.11811023622045" HPOS="270.1417322834646" CONTENT="ou" ID="tl_26_6" STYLEREFS="FONT0"/>
            <SP HEIGHT="11.338582677165354" WIDTH="4.818897637795276" VPOS="435.11811023622045" HPOS="298.48818897637796"/>
            <String HEIGHT="11.338582677165354" WIDTH="33.16535433070866" VPOS="435.11811023622045" HPOS="284.31496062992125" CONTENT="mal" ID="tl_26_7" STYLEREFS="FONT0"/>
            <SP HEIGHT="11.338582677165354" WIDTH="4.818897637795276" VPOS="435.11811023622045" HPOS="317.76377952755905"/>
            <String HEIGHT="11.338582677165354" WIDTH="61.79527559055118" VPOS="435.11811023622045" HPOS="303.3070866141732" CONTENT="réfléchi," ID="tl_26_8" STYLEREFS="FONT0"/>
            <SP HEIGHT="11.338582677165354" WIDTH="4.818897637795276" VPOS="435.11811023622045" HPOS="365.1023622047244"/>
            <String HEIGHT="11.338582677165354" WIDTH="37.98425196850393" VPOS="435.11811023622045" HPOS="350.92913385826773" CONTENT="pour" ID="tl_26_9" STYLEREFS="FONT0"/>
            <SP HEIGHT="11.338582677165354" WIDTH="4.818897637795276" VPOS="435.11811023622045" HPOS="388.9133858267717"/>
            <String HEIGHT="11.338582677165354" WIDTH="37.98425196850393" VPOS="435.11811023622045" HPOS="374.74015748031496" CONTENT="elle" ID="tl_26_10" STYLEREFS="FONT0"/>
            <SP HEIGHT="11.338582677165354" WIDTH="4.818897637795276" VPOS="435.11811023622045" HPOS="412.7244094488189"/>
            <String HEIGHT="11.338582677165354" WIDTH="28.62992125984252" VPOS="435.11811023622045" HPOS="398.5511811023622" CONTENT="au" ID="tl_26_11" STYLEREFS="FONT0"/>
            <SP HEIGHT="11.338582677165354" WIDTH="4.818897637795276" VPOS="435.11811023622045" HPOS="426.8976377952756"/>
            <String HEIGHT="11.338582677165354" WIDTH="28.62992125984252" VPOS="435.11811023622045" HPOS="407.90551181102364" CONTENT="jour" ID="tl_26_12" STYLEREFS="FONT0"/>
          </TextLine>
          <TextLine ID="tl_27" BASELINE="1613" HEIGHT="12.188976377952756" WIDTH="324.0" VPOS="445.03937007874015" HPOS="112.81889763779527">
            <String HEIGHT="12.188976377952756" WIDTH="29.480314960629922" VPOS="445.03937007874015" HPOS="108.0" CONTENT="de" ID="tl_27_1" STYLEREFS="FONT0"/>
            <SP HEIGHT="12.188976377952756" WIDTH="4.818897637795276" VPOS="445.03937007874015" HPOS="137.48031496062993"/>
            <String HEIGHT="12.188976377952756" WIDTH="34.2992125984252" VPOS="445.03937007874015" HPOS="122.74015748031496" CONTENT="ses" ID="tl_27_2" STYLEREFS="FONT0"/>
            <SP HEIGHT="12.188976377952756" WIDTH="4.818897637795276" VPOS="445.03937007874015" HPOS="157.03937007874015"/>
            <String HEIGHT="12.188976377952756" WIDTH="68.5984251968504" VPOS="445.03937007874015" HPOS="142.29921259842519" CONTENT="angoisses," ID="tl_27_3" STYLEREFS="FONT0"/>
            <SP HEIGHT="12.188976377952756" WIDTH="4.818897637795276" VPOS="445.03937007874015" HPOS="210.89763779527559"/>
            <String HEIGHT="12.188976377952756" WIDTH="29.480314960629922" VPOS="445.03937007874015" HPOS="196.15748031496062" CONTENT="je" ID="tl_27_4" STYLEREFS="FONT0"/>
            <SP HEIGHT="12.188976377952756" WIDTH="4.818897637795276" VPOS="445.03937007874015" HPOS="225.63779527559055"/>
            <String HEIGHT="12.188976377952756" WIDTH="29.480314960629922" VPOS="445.03937007874015" HPOS="210.89763779527559" CONTENT="ne" ID="tl_27_5" STYLEREFS="FONT0"/>
            <SP HEIGHT="12.188976377952756" WIDTH="4.818897637795276" VPOS="445.03937007874015" HPOS="240.3779527559055"/>
            <String HEIGHT="12.188976377952756" WIDTH="49.039370078740156" VPOS="445.03937007874015" HPOS="225.63779527559055" CONTENT="serais" ID="tl_27_6" STYLEREFS="FONT0"/>
            <SP HEIGHT="12.188976377952756" WIDTH="4.818897637795276" VPOS="445.03937007874015" HPOS="274.6771653543307"/>
            <String HEIGHT="12.188976377952756" WIDTH="34.2992125984252" VPOS="445.03937007874015" HPOS="260.2204724409449" CONTENT="pas" ID="tl_27_7" STYLEREFS="FONT0"/>
            <SP HEIGHT="12.188976377952756" WIDTH="4.818897637795276" VPOS="445.03937007874015" HPOS="294.5196850393701"/>
            <String HEIGHT="12.188976377952756" WIDTH="54.14173228346457" VPOS="445.03937007874015" HPOS="279.7795275590551" CONTENT="expulsé" ID="tl_27_8" STYLEREFS="FONT0"/>
            <SP HEIGHT="12.188976377952756" WIDTH="4.818897637795276" VPOS="445.03937007874015" HPOS="333.6377952755906"/>
            <String HEIGHT="12.188976377952756" WIDTH="29.480314960629922" VPOS="445.03937007874015" HPOS="318.8976377952756" CONTENT="de" ID="tl_27_9" STYLEREFS="FONT0"/>
            <SP HEIGHT="12.188976377952756" WIDTH="4.818897637795276" VPOS="445.03937007874015" HPOS="348.37795275590554"/>
            <String HEIGHT="12.188976377952756" WIDTH="34.2992125984252" VPOS="445.03937007874015" HPOS="333.6377952755906" CONTENT="mon" ID="tl_27_10" STYLEREFS="FONT0"/>
            <SP HEIGHT="12.188976377952756" WIDTH="4.818897637795276" VPOS="445.03937007874015" HPOS="368.2204724409449"/>
            <String HEIGHT="12.188976377952756" WIDTH="39.40157480314961" VPOS="445.03937007874015" HPOS="353.4803149606299" CONTENT="toit" ID="tl_27_11" STYLEREFS="FONT0"/>
            <SP HEIGHT="12.188976377952756" WIDTH="4.818897637795276" VPOS="445.03937007874015" HPOS="392.59842519685037"/>
            <String HEIGHT="12.188976377952756" WIDTH="58.960629921259844" VPOS="445.03937007874015" HPOS="377.8582677165354" CONTENT="paternel" ID="tl_27_12" STYLEREFS="FONT0"/>
            <SP HEIGHT="12.188976377952756" WIDTH="4.818897637795276" VPOS="445.03937007874015" HPOS="436.81889763779526"/>
            <String HEIGHT="12.188976377952756" WIDTH="19.559055118110237" VPOS="445.03937007874015" HPOS="417.25984251968504" CONTENT="et" ID="tl_27_13" STYLEREFS="FONT0"/>
          </TextLine>
          <TextLine ID="tl_28" BASELINE="1645" HEIGHT="11.05511811023622" WIDTH="304.7244094488189" VPOS="455.244094488189" HPOS="112.81889763779527">
            <String HEIGHT="11.05511811023622" WIDTH="53.29133858267716" VPOS="455.244094488189" HPOS="108.0" CONTENT="bientôt" ID="tl_28_1" STYLEREFS="FONT0"/>
            <SP HEIGHT="11.05511811023622" WIDTH="4.818897637795276" VPOS="455.244094488189" HPOS="161.29133858267716"/>
            <String HEIGHT="11.05511811023622" WIDTH="38.83464566929134" VPOS="455.244094488189" HPOS="146.5511811023622" CONTENT="meme" ID="tl_28_2" STYLEREFS="FONT0"/>
            <SP HEIGHT="11.05511811023622" WIDTH="4.818897637795276" VPOS="455.244094488189" HPOS="185.38582677165354"/>
            <String HEIGHT="11.05511811023622" WIDTH="28.913385826771652" VPOS="455.244094488189" HPOS="170.9291338582677" CONTENT="de" ID="tl_28_3" STYLEREFS="FONT0"/>
            <SP HEIGHT="11.05511811023622" WIDTH="4.818897637795276" VPOS="455.244094488189" HPOS="199.84251968503938"/>
            <String HEIGHT="11.05511811023622" WIDTH="33.732283464566926" VPOS="455.244094488189" HPOS="185.38582677165354" CONTENT="ses" ID="tl_28_4" STYLEREFS="FONT0"/>
            <SP HEIGHT="11.05511811023622" WIDTH="4.818897637795276" VPOS="455.244094488189" HPOS="219.11811023622047"/>
            <String HEIGHT="11.05511811023622" WIDTH="72.56692913385827" VPOS="455.244094488189" HPOS="204.66141732283464" CONTENT="frontières." ID="tl_28_5" STYLEREFS="FONT0"/>
            <SP HEIGHT="11.05511811023622" WIDTH="4.818897637795276" VPOS="455.244094488189" HPOS="277.2283464566929"/>
            <String HEIGHT="11.05511811023622" WIDTH="33.732283464566926" VPOS="455.244094488189" HPOS="262.7716535433071" CONTENT="Que" ID="tl_28_6" STYLEREFS="FONT0"/>
            <SP HEIGHT="11.05511811023622" WIDTH="4.818897637795276" VPOS="455.244094488189" HPOS="296.503937007874"/>
            <String HEIGHT="11.05511811023622" WIDTH="38.83464566929134" VPOS="455.244094488189" HPOS="282.0472440944882" CONTENT="Dieu" ID="tl_28_7" STYLEREFS="FONT0"/>
            <SP HEIGHT="11.05511811023622" WIDTH="4.818897637795276" VPOS="455.244094488189" HPOS="320.88188976377955"/>
            <String HEIGHT="11.05511811023622" WIDTH="28.913385826771652" VPOS="455.244094488189" HPOS="306.4251968503937" CONTENT="ne" ID="tl_28_8" STYLEREFS="FONT0"/>
            <SP HEIGHT="11.05511811023622" WIDTH="4.818897637795276" VPOS="455.244094488189" HPOS="335.33858267716533"/>
            <String HEIGHT="11.05511811023622" WIDTH="33.732283464566926" VPOS="455.244094488189" HPOS="320.88188976377955" CONTENT="les" ID="tl_28_9" STYLEREFS="FONT0"/>
            <SP HEIGHT="11.05511811023622" WIDTH="4.818897637795276" VPOS="455.244094488189" HPOS="354.61417322834643"/>
            <String HEIGHT="11.05511811023622" WIDTH="33.732283464566926" VPOS="455.244094488189" HPOS="340.15748031496065" CONTENT="lui" ID="tl_28_10" STYLEREFS="FONT0"/>
            <SP HEIGHT="11.05511811023622" WIDTH="4.818897637795276" VPOS="455.244094488189" HPOS="373.8897637795276"/>
            <String HEIGHT="11.05511811023622" WIDTH="43.653543307086615" VPOS="455.244094488189" HPOS="359.43307086614175" CONTENT="rende" ID="tl_28_11" STYLEREFS="FONT0"/>
            <SP HEIGHT="11.05511811023622" WIDTH="4.818897637795276" VPOS="455.244094488189" HPOS="403.0866141732283"/>
            <String HEIGHT="11.05511811023622" WIDTH="33.732283464566926" VPOS="455.244094488189" HPOS="383.81102362204723" CONTENT="pas!»" ID="tl_28_12" STYLEREFS="FONT0"/>
          </TextLine>
        </TextBlock>
        <TextBlock ID="r_2_8" HEIGHT="29.763779527559056" WIDTH="346.3937007874016" VPOS="472.53543307086613" HPOS="90.4251968503937">
          <TextLine ID="tl_29" BASELINE="1725" HEIGHT="16.15748031496063" WIDTH="345.8267716535433" VPOS="472.81889763779526" HPOS="90.70866141732283">
            <String HEIGHT="16.15748031496063" WIDTH="44.78740157480315" VPOS="472.81889763779526" HPOS="84.18897637795276" CONTENT="70." ID="tl_29_1" STYLEREFS="FONT0"/>
            <SP HEIGHT="16.15748031496063" WIDTH="6.519685039370079" VPOS="472.81889763779526" HPOS="129.25984251968504"/>
            <String HEIGHT="16.15748031496063" WIDTH="38.55118110236221" VPOS="472.81889763779526" HPOS="109.98425196850394" CONTENT="LA" ID="tl_29_2" STYLEREFS="FONT0"/>
            <SP HEIGHT="16.15748031496063" WIDTH="6.519685039370079" VPOS="472.81889763779526" HPOS="148.251968503937"/>
            <String HEIGHT="16.15748031496063" WIDTH="108.85039370078741" VPOS="472.81889763779526" HPOS="129.25984251968504" CONTENT="ROCHEFOUCAULD" ID="tl_29_3" STYLEREFS="FONT0"/>
            <SP HEIGHT="16.15748031496063" WIDTH="6.519685039370079" VPOS="472.81889763779526" HPOS="238.11023622047244"/>
            <String HEIGHT="16.15748031496063" WIDTH="83.33858267716535" VPOS="472.81889763779526" HPOS="218.83464566929135" CONTENT="(François" ID="tl_29_4" STYLEREFS="FONT0"/>
            <SP HEIGHT="16.15748031496063" WIDTH="6.519685039370079" VPOS="472.81889763779526" HPOS="302.1732283464567"/>
            <String HEIGHT="16.15748031496063" WIDTH="44.78740157480315" VPOS="472.81889763779526" HPOS="282.8976377952756" CONTENT="VI," ID="tl_29_5" STYLEREFS="FONT0"/>
            <SP HEIGHT="16.15748031496063" WIDTH="6.519685039370079" VPOS="472.81889763779526" HPOS="327.68503937007875"/>
            <String HEIGHT="16.15748031496063" WIDTH="44.78740157480315" VPOS="472.81889763779526" HPOS="308.40944881889766" CONTENT="duc" ID="tl_29_6" STYLEREFS="FONT0"/>
            <SP HEIGHT="16.15748031496063" WIDTH="6.519685039370079" VPOS="472.81889763779526" HPOS="353.1968503937008"/>
            <String HEIGHT="16.15748031496063" WIDTH="51.30708661417323" VPOS="472.81889763779526" HPOS="334.20472440944883" CONTENT="de)," ID="tl_29_7" STYLEREFS="FONT0"/>
            <SP HEIGHT="16.15748031496063" WIDTH="6.519685039370079" VPOS="472.81889763779526" HPOS="385.2283464566929"/>
            <String HEIGHT="16.15748031496063" WIDTH="76.81889763779527" VPOS="472.81889763779526" HPOS="359.7165354330709" CONTENT="l'illustre" ID="tl_29_8" STYLEREFS="FONT0"/>
          </TextLine>
          <TextLine ID="tl_30" BASELINE="1771" HEIGHT="14.173228346456693" WIDTH="279.21259842519686" VPOS="487.84251968503935" HPOS="117.35433070866142">
            <String HEIGHT="14.173228346456693" WIDTH="67.18110236220473" VPOS="487.84251968503935" HPOS="112.25196850393701" CONTENT="écrivain," ID="tl_30_1" STYLEREFS="FONT0"/>
            <SP HEIGHT="14.173228346456693" WIDTH="5.102362204724409" VPOS="487.84251968503935" HPOS="179.43307086614172"/>
            <String HEIGHT="14.173228346456693" WIDTH="51.59055118110236" VPOS="487.84251968503935" HPOS="163.84251968503938" CONTENT="auteur" ID="tl_30_2" STYLEREFS="FONT0"/>
            <SP HEIGHT="14.173228346456693" WIDTH="5.102362204724409" VPOS="487.84251968503935" HPOS="215.71653543307087"/>
            <String HEIGHT="14.173228346456693" WIDTH="36.28346456692913" VPOS="487.84251968503935" HPOS="200.1259842519685" CONTENT="des" ID="tl_30_3" STYLEREFS="FONT0"/>
            <SP HEIGHT="14.173228346456693" WIDTH="5.102362204724409" VPOS="487.84251968503935" HPOS="236.40944881889763"/>
            <String HEIGHT="14.173228346456693" WIDTH="98.36220472440945" VPOS="487.84251968503935" HPOS="220.8188976377953" CONTENT="Maximes," ID="tl_30_4" STYLEREFS="FONT2"/>
            <SP HEIGHT="14.173228346456693" WIDTH="5.102362204724409" VPOS="487.84251968503935" HPOS="318.8976377952756"/>
            <String HEIGHT="14.173228346456693" WIDTH="30.89763779527559" VPOS="487.84251968503935" HPOS="303.59055118110234" CONTENT="n," ID="tl_30_5" STYLEREFS="FONT0"/>
            <SP HEIGHT="14.173228346456693" WIDTH="5.102362204724409" VPOS="487.84251968503935" HPOS="334.48818897637796"/>
            <String HEIGHT="14.173228346456693" WIDTH="46.488188976377955" VPOS="487.84251968503935" HPOS="318.8976377952756" CONTENT="1613." ID="tl_30_6" STYLEREFS="FONT0"/>
            <SP HEIGHT="14.173228346456693" WIDTH="5.102362204724409" VPOS="487.84251968503935" HPOS="365.6692913385827"/>
            <String HEIGHT="14.173228346456693" WIDTH="30.89763779527559" VPOS="487.84251968503935" HPOS="350.0787401574803" CONTENT="m." ID="tl_30_7" STYLEREFS="FONT0"/>
            <SP HEIGHT="14.173228346456693" WIDTH="5.102362204724409" VPOS="487.84251968503935" HPOS="380.9763779527559"/>
            <String HEIGHT="14.173228346456693" WIDTH="36.28346456692913" VPOS="487.84251968503935" HPOS="360.2834645669291" CONTENT="1680." ID="tl_30_8" STYLEREFS="FONT0"/>
          </TextLine>
        </TextBlock>
        <TextBlock ID="r_2_9" HEIGHT="25.228346456692915" WIDTH="320.0314960629921" VPOS="504.2834645669291" HPOS="116.78740157480316">
          <TextLine ID="tl_31" BASELINE="1827" HEIGHT="13.32283464566929" WIDTH="307.2755905511811" VPOS="504.56692913385825" HPOS="129.25984251968504">
            <String HEIGHT="13.32283464566929" WIDTH="28.913385826771652" VPOS="504.56692913385825" HPOS="124.44094488188976" CONTENT="P." ID="tl_31_1" STYLEREFS="FONT0"/>
            <SP HEIGHT="13.32283464566929" WIDTH="4.818897637795276" VPOS="504.56692913385825" HPOS="153.35433070866142"/>
            <String HEIGHT="13.32283464566929" WIDTH="33.732283464566926" VPOS="504.56692913385825" HPOS="138.89763779527559" CONTENT="s.," ID="tl_31_2" STYLEREFS="FONT0"/>
            <SP HEIGHT="13.32283464566929" WIDTH="4.818897637795276" VPOS="504.56692913385825" HPOS="172.3464566929134"/>
            <String HEIGHT="13.32283464566929" WIDTH="47.90551181102362" VPOS="504.56692913385825" HPOS="158.17322834645668" CONTENT="signée" ID="tl_31_3" STYLEREFS="FONT0"/>
            <SP HEIGHT="13.32283464566929" WIDTH="4.818897637795276" VPOS="504.56692913385825" HPOS="206.07874015748033"/>
            <String HEIGHT="13.32283464566929" WIDTH="43.08661417322835" VPOS="504.56692913385825" HPOS="191.6220472440945" CONTENT="aussi" ID="tl_31_4" STYLEREFS="FONT0"/>
            <SP HEIGHT="13.32283464566929" WIDTH="4.818897637795276" VPOS="504.56692913385825" HPOS="234.99212598425197"/>
            <String HEIGHT="13.32283464566929" WIDTH="33.732283464566926" VPOS="504.56692913385825" HPOS="220.53543307086613" CONTENT="par" ID="tl_31_5" STYLEREFS="FONT0"/>
            <SP HEIGHT="13.32283464566929" WIDTH="4.818897637795276" VPOS="504.56692913385825" HPOS="253.98425196850394"/>
            <String HEIGHT="13.32283464566929" WIDTH="47.90551181102362" VPOS="504.56692913385825" HPOS="239.81102362204723" CONTENT="Andrée" ID="tl_31_6" STYLEREFS="FONT0"/>
            <SP HEIGHT="13.32283464566929" WIDTH="4.818897637795276" VPOS="504.56692913385825" HPOS="287.7165354330709"/>
            <String HEIGHT="13.32283464566929" WIDTH="28.913385826771652" VPOS="504.56692913385825" HPOS="273.25984251968504" CONTENT="de" ID="tl_31_7" STYLEREFS="FONT0"/>
            <SP HEIGHT="13.32283464566929" WIDTH="4.818897637795276" VPOS="504.56692913385825" HPOS="302.1732283464567"/>
            <String HEIGHT="13.32283464566929" WIDTH="57.54330708661417" VPOS="504.56692913385825" HPOS="287.7165354330709" CONTENT="Vivonne," ID="tl_31_8" STYLEREFS="FONT0"/>
            <SP HEIGHT="13.32283464566929" WIDTH="4.818897637795276" VPOS="504.56692913385825" HPOS="345.25984251968504"/>
            <String HEIGHT="13.32283464566929" WIDTH="33.732283464566926" VPOS="504.56692913385825" HPOS="330.8031496062992" CONTENT="son" ID="tl_31_9" STYLEREFS="FONT0"/>
            <SP HEIGHT="13.32283464566929" WIDTH="4.818897637795276" VPOS="504.56692913385825" HPOS="364.53543307086613"/>
            <String HEIGHT="13.32283464566929" WIDTH="52.724409448818896" VPOS="504.56692913385825" HPOS="350.0787401574803" CONTENT="épouse;" ID="tl_31_10" STYLEREFS="FONT0"/>
            <SP HEIGHT="13.32283464566929" WIDTH="4.818897637795276" VPOS="504.56692913385825" HPOS="402.8031496062992"/>
            <String HEIGHT="13.32283464566929" WIDTH="24.094488188976378" VPOS="504.56692913385825" HPOS="388.62992125984255" CONTENT="3" ID="tl_31_11" STYLEREFS="FONT0"/>
            <SP HEIGHT="13.32283464566929" WIDTH="4.818897637795276" VPOS="504.56692913385825" HPOS="412.4409448818898"/>
            <String HEIGHT="13.32283464566929" WIDTH="43.08661417322835" VPOS="504.56692913385825" HPOS="393.4488188976378" CONTENT="juillet" ID="tl_31_12" STYLEREFS="FONT0"/>
          </TextLine>
          <TextLine ID="tl_32" BASELINE="1867" HEIGHT="11.622047244094489" WIDTH="143.43307086614172" VPOS="517.6062992125984" HPOS="117.07086614173228">
            <String HEIGHT="11.622047244094489" WIDTH="34.01574803149607" VPOS="517.6062992125984" HPOS="113.38582677165354" CONTENT="1658," ID="tl_32_1" STYLEREFS="FONT0"/>
            <SP HEIGHT="11.622047244094489" WIDTH="3.6850393700787403" VPOS="517.6062992125984" HPOS="147.4015748031496"/>
            <String HEIGHT="11.622047244094489" WIDTH="18.992125984251967" VPOS="517.6062992125984" HPOS="136.06299212598427" CONTENT="2" ID="tl_32_2" STYLEREFS="FONT0"/>
            <SP HEIGHT="11.622047244094489" WIDTH="3.6850393700787403" VPOS="517.6062992125984" HPOS="154.77165354330708"/>
            <String HEIGHT="11.622047244094489" WIDTH="22.677165354330707" VPOS="517.6062992125984" HPOS="143.43307086614172" CONTENT="p." ID="tl_32_3" STYLEREFS="FONT0"/>
            <SP HEIGHT="11.622047244094489" WIDTH="3.6850393700787403" VPOS="517.6062992125984" HPOS="166.11023622047244"/>
            <String HEIGHT="11.622047244094489" WIDTH="49.039370078740156" VPOS="517.6062992125984" HPOS="154.77165354330708" CONTENT="in-folio." ID="tl_32_4" STYLEREFS="FONT0"/>
            <SP HEIGHT="11.622047244094489" WIDTH="3.6850393700787403" VPOS="517.6062992125984" HPOS="203.81102362204723"/>
            <String HEIGHT="11.622047244094489" WIDTH="41.38582677165354" VPOS="517.6062992125984" HPOS="192.4724409448819" CONTENT="Très" ID="tl_32_5" STYLEREFS="FONT2"/>
            <SP HEIGHT="11.622047244094489" WIDTH="3.6850393700787403" VPOS="517.6062992125984" HPOS="234.14173228346456"/>
            <String HEIGHT="11.622047244094489" WIDTH="41.38582677165354" VPOS="517.6062992125984" HPOS="219.11811023622047" CONTENT="rare." ID="tl_32_6" STYLEREFS="FONT2"/>
          </TextLine>
        </TextBlock>
        <TextBlock ID="r_2_10" HEIGHT="20.409448818897637" WIDTH="324.0" VPOS="531.2125984251968" HPOS="112.53543307086615">
          <TextLine ID="tl_33" BASELINE="1915" HEIGHT="11.338582677165354" WIDTH="313.79527559055117" VPOS="531.496062992126" HPOS="122.45669291338582">
            <String HEIGHT="11.338582677165354" WIDTH="72.28346456692914" VPOS="531.496062992126" HPOS="117.63779527559055" CONTENT="Procuration" ID="tl_33_1" STYLEREFS="FONT0"/>
            <SP HEIGHT="11.338582677165354" WIDTH="4.818897637795276" VPOS="531.496062992126" HPOS="189.92125984251967"/>
            <String HEIGHT="11.338582677165354" WIDTH="48.188976377952756" VPOS="531.496062992126" HPOS="175.46456692913387" CONTENT="donnée" ID="tl_33_2" STYLEREFS="FONT0"/>
            <SP HEIGHT="11.338582677165354" WIDTH="4.818897637795276" VPOS="531.496062992126" HPOS="223.93700787401573"/>
            <String HEIGHT="11.338582677165354" WIDTH="24.094488188976378" VPOS="531.496062992126" HPOS="209.48031496062993" CONTENT="à" ID="tl_33_3" STYLEREFS="FONT0"/>
            <SP HEIGHT="11.338582677165354" WIDTH="4.818897637795276" VPOS="531.496062992126" HPOS="233.5748031496063"/>
            <String HEIGHT="11.338582677165354" WIDTH="38.55118110236221" VPOS="531.496062992126" HPOS="219.11811023622047" CONTENT="Paul" ID="tl_33_4" STYLEREFS="FONT0"/>
            <SP HEIGHT="11.338582677165354" WIDTH="4.818897637795276" VPOS="531.496062992126" HPOS="257.6692913385827"/>
            <String HEIGHT="11.338582677165354" WIDTH="57.826771653543304" VPOS="531.496062992126" HPOS="243.21259842519686" CONTENT="Bernard," ID="tl_33_5" STYLEREFS="FONT0"/>
            <SP HEIGHT="11.338582677165354" WIDTH="4.818897637795276" VPOS="531.496062992126" HPOS="301.03937007874015"/>
            <String HEIGHT="11.338582677165354" WIDTH="38.55118110236221" VPOS="531.496062992126" HPOS="286.5826771653543" CONTENT="leur" ID="tl_33_6" STYLEREFS="FONT0"/>
            <SP HEIGHT="11.338582677165354" WIDTH="4.818897637795276" VPOS="531.496062992126" HPOS="325.13385826771656"/>
            <String HEIGHT="11.338582677165354" WIDTH="67.46456692913385" VPOS="531.496062992126" HPOS="310.6771653543307" CONTENT="intendant," ID="tl_33_7" STYLEREFS="FONT0"/>
            <SP HEIGHT="11.338582677165354" WIDTH="4.818897637795276" VPOS="531.496062992126" HPOS="378.4251968503937"/>
            <String HEIGHT="11.338582677165354" WIDTH="38.55118110236221" VPOS="531.496062992126" HPOS="363.9685039370079" CONTENT="pour" ID="tl_33_8" STYLEREFS="FONT0"/>
            <SP HEIGHT="11.338582677165354" WIDTH="4.818897637795276" VPOS="531.496062992126" HPOS="402.5196850393701"/>
            <String HEIGHT="11.338582677165354" WIDTH="53.00787401574803" VPOS="531.496062992126" HPOS="383.244094488189" CONTENT="emprunter" ID="tl_33_9" STYLEREFS="FONT0"/>
          </TextLine>
          <TextLine ID="tl_34" BASELINE="1945" HEIGHT="8.220472440944881" WIDTH="124.44094488188976" VPOS="543.1181102362204" HPOS="112.81889763779527">
            <String HEIGHT="8.220472440944881" WIDTH="33.44881889763779" VPOS="543.1181102362204" HPOS="108.0" CONTENT="une" ID="tl_34_1" STYLEREFS="FONT0"/>
            <SP HEIGHT="8.220472440944881" WIDTH="4.818897637795276" VPOS="543.1181102362204" HPOS="141.4488188976378"/>
            <String HEIGHT="8.220472440944881" WIDTH="43.08661417322835" VPOS="543.1181102362204" HPOS="127.2755905511811" CONTENT="somme" ID="tl_34_2" STYLEREFS="FONT0"/>
            <SP HEIGHT="8.220472440944881" WIDTH="4.818897637795276" VPOS="543.1181102362204" HPOS="170.36220472440945"/>
            <String HEIGHT="8.220472440944881" WIDTH="28.62992125984252" VPOS="543.1181102362204" HPOS="155.90551181102362" CONTENT="de" ID="tl_34_3" STYLEREFS="FONT0"/>
            <SP HEIGHT="8.220472440944881" WIDTH="4.818897637795276" VPOS="543.1181102362204" HPOS="184.53543307086613"/>
            <String HEIGHT="8.220472440944881" WIDTH="43.08661417322835" VPOS="543.1181102362204" HPOS="170.36220472440945" CONTENT="9.000" ID="tl_34_4" STYLEREFS="FONT0"/>
            <SP HEIGHT="8.220472440944881" WIDTH="4.818897637795276" VPOS="543.1181102362204" HPOS="213.4488188976378"/>
            <String HEIGHT="8.220472440944881" WIDTH="43.08661417322835" VPOS="543.1181102362204" HPOS="194.17322834645668" CONTENT="livres." ID="tl_34_5" STYLEREFS="FONT0"/>
          </TextLine>
        </TextBlock>
        <TextBlock ID="r_2_11" HEIGHT="43.653543307086615" WIDTH="345.8267716535433" VPOS="558.992125984252" HPOS="90.99212598425197">
          <TextLine ID="tl_35" BASELINE="2030" HEIGHT="16.15748031496063" WIDTH="344.9763779527559" VPOS="559.2755905511812" HPOS="91.2755905511811">
            <String HEIGHT="16.15748031496063" WIDTH="43.08661417322835" VPOS="559.2755905511812" HPOS="85.03937007874016" CONTENT="71." ID="tl_35_1" STYLEREFS="FONT0"/>
            <SP HEIGHT="16.15748031496063" WIDTH="6.2362204724409445" VPOS="559.2755905511812" HPOS="128.1259842519685"/>
            <String HEIGHT="16.15748031496063" WIDTH="61.511811023622045" VPOS="559.2755905511812" HPOS="109.7007874015748" CONTENT="LAYNEZ" ID="tl_35_2" STYLEREFS="FONT0"/>
            <SP HEIGHT="16.15748031496063" WIDTH="6.2362204724409445" VPOS="559.2755905511812" HPOS="171.49606299212599"/>
            <String HEIGHT="16.15748031496063" WIDTH="73.98425196850394" VPOS="559.2755905511812" HPOS="152.78740157480314" CONTENT="(Jaime)," ID="tl_35_3" STYLEREFS="FONT0"/>
            <SP HEIGHT="16.15748031496063" WIDTH="6.2362204724409445" VPOS="559.2755905511812" HPOS="226.77165354330708"/>
            <String HEIGHT="16.15748031496063" WIDTH="36.8503937007874" VPOS="559.2755905511812" HPOS="208.3464566929134" CONTENT="un" ID="tl_35_4" STYLEREFS="FONT0"/>
            <SP HEIGHT="16.15748031496063" WIDTH="6.2362204724409445" VPOS="559.2755905511812" HPOS="245.1968503937008"/>
            <String HEIGHT="16.15748031496063" WIDTH="43.08661417322835" VPOS="559.2755905511812" HPOS="226.77165354330708" CONTENT="des" ID="tl_35_5" STYLEREFS="FONT0"/>
            <SP HEIGHT="16.15748031496063" WIDTH="6.2362204724409445" VPOS="559.2755905511812" HPOS="269.8582677165354"/>
            <String HEIGHT="16.15748031496063" WIDTH="73.98425196850394" VPOS="559.2755905511812" HPOS="251.43307086614172" CONTENT="premiers" ID="tl_35_6" STYLEREFS="FONT0"/>
            <SP HEIGHT="16.15748031496063" WIDTH="6.2362204724409445" VPOS="559.2755905511812" HPOS="325.4173228346457"/>
            <String HEIGHT="16.15748031496063" WIDTH="36.8503937007874" VPOS="559.2755905511812" HPOS="306.99212598425197" CONTENT="et" ID="tl_35_7" STYLEREFS="FONT0"/>
            <SP HEIGHT="16.15748031496063" WIDTH="6.2362204724409445" VPOS="559.2755905511812" HPOS="343.84251968503935"/>
            <String HEIGHT="16.15748031496063" WIDTH="43.08661417322835" VPOS="559.2755905511812" HPOS="325.4173228346457" CONTENT="des" ID="tl_35_8" STYLEREFS="FONT0"/>
            <SP HEIGHT="16.15748031496063" WIDTH="6.2362204724409445" VPOS="559.2755905511812" HPOS="368.503937007874"/>
            <String HEIGHT="16.15748031496063" WIDTH="49.32283464566929" VPOS="559.2755905511812" HPOS="350.0787401574803" CONTENT="plus" ID="tl_35_9" STYLEREFS="FONT0"/>
            <SP HEIGHT="16.15748031496063" WIDTH="6.2362204724409445" VPOS="559.2755905511812" HPOS="399.40157480314963"/>
            <String HEIGHT="16.15748031496063" WIDTH="61.511811023622045" VPOS="559.2755905511812" HPOS="374.74015748031496" CONTENT="célèbres" ID="tl_35_10" STYLEREFS="FONT0"/>
          </TextLine>
          <TextLine ID="tl_36" BASELINE="2077" HEIGHT="15.307086614173228" WIDTH="319.18110236220474" VPOS="573.4488188976378" HPOS="117.35433070866142">
            <String HEIGHT="15.307086614173228" WIDTH="79.93700787401575" VPOS="573.4488188976378" HPOS="111.11811023622047" CONTENT="disciples" ID="tl_36_1" STYLEREFS="FONT0"/>
            <SP HEIGHT="15.307086614173228" WIDTH="6.2362204724409445" VPOS="573.4488188976378" HPOS="191.0551181102362"/>
            <String HEIGHT="15.307086614173228" WIDTH="73.7007874015748" VPOS="573.4488188976378" HPOS="172.62992125984252" CONTENT="d’Ignace" ID="tl_36_2" STYLEREFS="FONT0"/>
            <SP HEIGHT="15.307086614173228" WIDTH="6.2362204724409445" VPOS="573.4488188976378" HPOS="246.33070866141733"/>
            <String HEIGHT="15.307086614173228" WIDTH="36.8503937007874" VPOS="573.4488188976378" HPOS="227.90551181102362" CONTENT="de" ID="tl_36_3" STYLEREFS="FONT0"/>
            <SP HEIGHT="15.307086614173228" WIDTH="6.2362204724409445" VPOS="573.4488188976378" HPOS="264.755905511811"/>
            <String HEIGHT="15.307086614173228" WIDTH="61.511811023622045" VPOS="573.4488188976378" HPOS="246.33070866141733" CONTENT="Loyola" ID="tl_36_4" STYLEREFS="FONT0"/>
            <SP HEIGHT="15.307086614173228" WIDTH="6.2362204724409445" VPOS="573.4488188976378" HPOS="307.5590551181102"/>
            <String HEIGHT="15.307086614173228" WIDTH="36.8503937007874" VPOS="573.4488188976378" HPOS="289.13385826771656" CONTENT="et" ID="tl_36_5" STYLEREFS="FONT0"/>
            <SP HEIGHT="15.307086614173228" WIDTH="6.2362204724409445" VPOS="573.4488188976378" HPOS="325.98425196850394"/>
            <String HEIGHT="15.307086614173228" WIDTH="43.08661417322835" VPOS="573.4488188976378" HPOS="307.5590551181102" CONTENT="son" ID="tl_36_6" STYLEREFS="FONT0"/>
            <SP HEIGHT="15.307086614173228" WIDTH="6.2362204724409445" VPOS="573.4488188976378" HPOS="350.6456692913386"/>
            <String HEIGHT="15.307086614173228" WIDTH="85.88976377952756" VPOS="573.4488188976378" HPOS="332.2204724409449" CONTENT="successeur" ID="tl_36_7" STYLEREFS="FONT0"/>
            <SP HEIGHT="15.307086614173228" WIDTH="6.2362204724409445" VPOS="573.4488188976378" HPOS="418.1102362204724"/>
            <String HEIGHT="15.307086614173228" WIDTH="43.08661417322835" VPOS="573.4488188976378" HPOS="393.4488188976378" CONTENT="comme" ID="tl_36_8" STYLEREFS="FONT0"/>
          </TextLine>
          <TextLine ID="tl_37" BASELINE="2125" HEIGHT="15.023622047244094" WIDTH="284.0314960629921" VPOS="587.3385826771654" HPOS="117.35433070866142">
            <String HEIGHT="15.023622047244094" WIDTH="62.36220472440945" VPOS="587.3385826771654" HPOS="111.68503937007874" CONTENT="général" ID="tl_37_1" STYLEREFS="FONT0"/>
            <SP HEIGHT="15.023622047244094" WIDTH="5.669291338582677" VPOS="587.3385826771654" HPOS="174.04724409448818"/>
            <String HEIGHT="15.023622047244094" WIDTH="34.01574803149607" VPOS="587.3385826771654" HPOS="157.03937007874015" CONTENT="de" ID="tl_37_2" STYLEREFS="FONT0"/>
            <SP HEIGHT="15.023622047244094" WIDTH="5.669291338582677" VPOS="587.3385826771654" HPOS="191.33858267716536"/>
            <String HEIGHT="15.023622047244094" WIDTH="62.36220472440945" VPOS="587.3385826771654" HPOS="174.04724409448818" CONTENT="l’ordre" ID="tl_37_3" STYLEREFS="FONT0"/>
            <SP HEIGHT="15.023622047244094" WIDTH="5.669291338582677" VPOS="587.3385826771654" HPOS="236.69291338582678"/>
            <String HEIGHT="15.023622047244094" WIDTH="39.68503937007874" VPOS="587.3385826771654" HPOS="219.68503937007873" CONTENT="des" ID="tl_37_4" STYLEREFS="FONT0"/>
            <SP HEIGHT="15.023622047244094" WIDTH="5.669291338582677" VPOS="587.3385826771654" HPOS="259.37007874015745"/>
            <String HEIGHT="15.023622047244094" WIDTH="73.98425196850394" VPOS="587.3385826771654" HPOS="242.36220472440945" CONTENT="jésuites," ID="tl_37_5" STYLEREFS="FONT0"/>
            <SP HEIGHT="15.023622047244094" WIDTH="5.669291338582677" VPOS="587.3385826771654" HPOS="316.06299212598424"/>
            <String HEIGHT="15.023622047244094" WIDTH="34.01574803149607" VPOS="587.3385826771654" HPOS="299.0551181102362" CONTENT="n." ID="tl_37_6" STYLEREFS="FONT0"/>
            <SP HEIGHT="15.023622047244094" WIDTH="5.669291338582677" VPOS="587.3385826771654" HPOS="333.3543307086614"/>
            <String HEIGHT="15.023622047244094" WIDTH="51.023622047244096" VPOS="587.3385826771654" HPOS="316.06299212598424" CONTENT="1512," ID="tl_37_7" STYLEREFS="FONT0"/>
            <SP HEIGHT="15.023622047244094" WIDTH="5.669291338582677" VPOS="587.3385826771654" HPOS="367.37007874015745"/>
            <String HEIGHT="15.023622047244094" WIDTH="34.01574803149607" VPOS="587.3385826771654" HPOS="350.3622047244094" CONTENT="m." ID="tl_37_8" STYLEREFS="FONT0"/>
            <SP HEIGHT="15.023622047244094" WIDTH="5.669291338582677" VPOS="587.3385826771654" HPOS="384.37795275590554"/>
            <String HEIGHT="15.023622047244094" WIDTH="39.68503937007874" VPOS="587.3385826771654" HPOS="361.7007874015748" CONTENT="1565." ID="tl_37_9" STYLEREFS="FONT0"/>
          </TextLine>
        </TextBlock>
        <TextBlock ID="r_2_12" HEIGHT="37.13385826771653" WIDTH="320.59842519685037" VPOS="603.7795275590552" HPOS="116.50393700787401">
          <TextLine ID="tl_38" BASELINE="2178" HEIGHT="13.32283464566929" WIDTH="308.6929133858268" VPOS="604.0629921259842" HPOS="127.55905511811024">
            <String HEIGHT="13.32283464566929" WIDTH="25.79527559055118" VPOS="604.0629921259842" HPOS="123.30708661417323" CONTENT="P." ID="tl_38_1" STYLEREFS="FONT0"/>
            <SP HEIGHT="13.32283464566929" WIDTH="4.251968503937008" VPOS="604.0629921259842" HPOS="149.10236220472441"/>
            <String HEIGHT="13.32283464566929" WIDTH="30.04724409448819" VPOS="604.0629921259842" HPOS="136.06299212598427" CONTENT="s.," ID="tl_38_2" STYLEREFS="FONT0"/>
            <SP HEIGHT="13.32283464566929" WIDTH="4.251968503937008" VPOS="604.0629921259842" HPOS="166.11023622047244"/>
            <String HEIGHT="13.32283464566929" WIDTH="25.79527559055118" VPOS="604.0629921259842" HPOS="153.35433070866142" CONTENT="en" ID="tl_38_3" STYLEREFS="FONT0"/>
            <SP HEIGHT="13.32283464566929" WIDTH="4.251968503937008" VPOS="604.0629921259842" HPOS="179.1496062992126"/>
            <String HEIGHT="13.32283464566929" WIDTH="51.59055118110236" VPOS="604.0629921259842" HPOS="166.11023622047244" CONTENT="italien," ID="tl_38_4" STYLEREFS="FONT0"/>
            <SP HEIGHT="13.32283464566929" WIDTH="4.251968503937008" VPOS="604.0629921259842" HPOS="217.70078740157481"/>
            <String HEIGHT="13.32283464566929" WIDTH="42.803149606299215" VPOS="604.0629921259842" HPOS="204.66141732283464" CONTENT="signée" ID="tl_38_5" STYLEREFS="FONT0"/>
            <SP HEIGHT="13.32283464566929" WIDTH="4.251968503937008" VPOS="604.0629921259842" HPOS="247.748031496063"/>
            <String HEIGHT="13.32283464566929" WIDTH="38.55118110236221" VPOS="604.0629921259842" HPOS="234.70866141732284" CONTENT="aussi" ID="tl_38_6" STYLEREFS="FONT0"/>
            <SP HEIGHT="13.32283464566929" WIDTH="4.251968503937008" VPOS="604.0629921259842" HPOS="273.25984251968504"/>
            <String HEIGHT="13.32283464566929" WIDTH="30.04724409448819" VPOS="604.0629921259842" HPOS="260.503937007874" CONTENT="par" ID="tl_38_7" STYLEREFS="FONT0"/>
            <SP HEIGHT="13.32283464566929" WIDTH="4.251968503937008" VPOS="604.0629921259842" HPOS="290.5511811023622"/>
            <String HEIGHT="13.32283464566929" WIDTH="85.88976377952756" VPOS="604.0629921259842" HPOS="277.51181102362204" CONTENT="Bobadilla" ID="tl_38_8" STYLEREFS="FONT2"/>
            <SP HEIGHT="13.32283464566929" WIDTH="4.251968503937008" VPOS="604.0629921259842" HPOS="363.40157480314963"/>
            <String HEIGHT="13.32283464566929" WIDTH="25.79527559055118" VPOS="604.0629921259842" HPOS="350.6456692913386" CONTENT="et" ID="tl_38_9" STYLEREFS="FONT0"/>
            <SP HEIGHT="13.32283464566929" WIDTH="4.251968503937008" VPOS="604.0629921259842" HPOS="376.15748031496065"/>
            <String HEIGHT="13.32283464566929" WIDTH="77.10236220472441" VPOS="604.0629921259842" HPOS="359.1496062992126" CONTENT="Salmeron," ID="tl_38_10" STYLEREFS="FONT2"/>
          </TextLine>
          <TextLine ID="tl_39" BASELINE="2219" HEIGHT="13.039370078740157" WIDTH="320.0314960629921" VPOS="615.9685039370079" HPOS="116.78740157480316">
            <String HEIGHT="13.039370078740157" WIDTH="70.58267716535433" VPOS="615.9685039370079" HPOS="111.4015748031496" CONTENT="disciples" ID="tl_39_1" STYLEREFS="FONT0"/>
            <SP HEIGHT="13.039370078740157" WIDTH="5.3858267716535435" VPOS="615.9685039370079" HPOS="181.98425196850394"/>
            <String HEIGHT="13.039370078740157" WIDTH="65.19685039370079" VPOS="615.9685039370079" HPOS="165.54330708661416" CONTENT="d’Ignace" ID="tl_39_2" STYLEREFS="FONT0"/>
            <SP HEIGHT="13.039370078740157" WIDTH="5.3858267716535435" VPOS="615.9685039370079" HPOS="230.74015748031496"/>
            <String HEIGHT="13.039370078740157" WIDTH="32.59842519685039" VPOS="615.9685039370079" HPOS="214.29921259842519" CONTENT="de" ID="tl_39_3" STYLEREFS="FONT0"/>
            <SP HEIGHT="13.039370078740157" WIDTH="5.3858267716535435" VPOS="615.9685039370079" HPOS="246.89763779527559"/>
            <String HEIGHT="13.039370078740157" WIDTH="54.14173228346457" VPOS="615.9685039370079" HPOS="230.74015748031496" CONTENT="Loyola" ID="tl_39_4" STYLEREFS="FONT0"/>
            <SP HEIGHT="13.039370078740157" WIDTH="5.3858267716535435" VPOS="615.9685039370079" HPOS="284.88188976377955"/>
            <String HEIGHT="13.039370078740157" WIDTH="32.59842519685039" VPOS="615.9685039370079" HPOS="268.7244094488189" CONTENT="et" ID="tl_39_5" STYLEREFS="FONT0"/>
            <SP HEIGHT="13.039370078740157" WIDTH="5.3858267716535435" VPOS="615.9685039370079" HPOS="301.3228346456693"/>
            <String HEIGHT="13.039370078740157" WIDTH="32.59842519685039" VPOS="615.9685039370079" HPOS="284.88188976377955" CONTENT="le" ID="tl_39_6" STYLEREFS="FONT0"/>
            <SP HEIGHT="13.039370078740157" WIDTH="5.3858267716535435" VPOS="615.9685039370079" HPOS="317.4803149606299"/>
            <String HEIGHT="13.039370078740157" WIDTH="59.52755905511811" VPOS="615.9685039370079" HPOS="301.3228346456693" CONTENT="docteur" ID="tl_39_7" STYLEREFS="FONT0"/>
            <SP HEIGHT="13.039370078740157" WIDTH="5.3858267716535435" VPOS="615.9685039370079" HPOS="360.8503937007874"/>
            <String HEIGHT="13.039370078740157" WIDTH="59.52755905511811" VPOS="615.9685039370079" HPOS="344.6929133858268" CONTENT="Madrid;" ID="tl_39_8" STYLEREFS="FONT0"/>
            <SP HEIGHT="13.039370078740157" WIDTH="5.3858267716535435" VPOS="615.9685039370079" HPOS="404.2204724409449"/>
            <String HEIGHT="13.039370078740157" WIDTH="48.75590551181102" VPOS="615.9685039370079" HPOS="388.06299212598424" CONTENT="Rome," ID="tl_39_9" STYLEREFS="FONT0"/>
            <SP HEIGHT="13.039370078740157" WIDTH="5.3858267716535435" VPOS="615.9685039370079" HPOS="436.81889763779526"/>
            <String HEIGHT="13.039370078740157" WIDTH="21.826771653543307" VPOS="615.9685039370079" HPOS="414.99212598425197" CONTENT="29" ID="tl_39_10" STYLEREFS="FONT0"/>
          </TextLine>
          <TextLine ID="tl_40" BASELINE="2260" HEIGHT="13.32283464566929" WIDTH="275.244094488189" VPOS="627.3070866141733" HPOS="117.07086614173228">
            <String HEIGHT="13.32283464566929" WIDTH="26.64566929133858" VPOS="627.3070866141733" HPOS="113.38582677165354" CONTENT="mai" ID="tl_40_1" STYLEREFS="FONT0"/>
            <SP HEIGHT="13.32283464566929" WIDTH="3.6850393700787403" VPOS="627.3070866141733" HPOS="140.03149606299212"/>
            <String HEIGHT="13.32283464566929" WIDTH="34.2992125984252" VPOS="627.3070866141733" HPOS="128.40944881889763" CONTENT="1555," ID="tl_40_2" STYLEREFS="FONT0"/>
            <SP HEIGHT="13.32283464566929" WIDTH="3.6850393700787403" VPOS="627.3070866141733" HPOS="162.99212598425197"/>
            <String HEIGHT="13.32283464566929" WIDTH="18.992125984251967" VPOS="627.3070866141733" HPOS="151.37007874015748" CONTENT="1" ID="tl_40_3" STYLEREFS="FONT0"/>
            <SP HEIGHT="13.32283464566929" WIDTH="3.6850393700787403" VPOS="627.3070866141733" HPOS="170.64566929133858"/>
            <String HEIGHT="13.32283464566929" WIDTH="22.96062992125984" VPOS="627.3070866141733" HPOS="159.0236220472441" CONTENT="p." ID="tl_40_4" STYLEREFS="FONT0"/>
            <SP HEIGHT="13.32283464566929" WIDTH="3.6850393700787403" VPOS="627.3070866141733" HPOS="181.98425196850394"/>
            <String HEIGHT="13.32283464566929" WIDTH="26.64566929133858" VPOS="627.3070866141733" HPOS="170.64566929133858" CONTENT="1/2" ID="tl_40_5" STYLEREFS="FONT0"/>
            <SP HEIGHT="13.32283464566929" WIDTH="3.6850393700787403" VPOS="627.3070866141733" HPOS="197.29133858267716"/>
            <String HEIGHT="13.32283464566929" WIDTH="49.60629921259842" VPOS="627.3070866141733" HPOS="185.95275590551182" CONTENT="in-folio." ID="tl_40_6" STYLEREFS="FONT0"/>
            <SP HEIGHT="13.32283464566929" WIDTH="3.6850393700787403" VPOS="627.3070866141733" HPOS="235.55905511811022"/>
            <String HEIGHT="13.32283464566929" WIDTH="41.95275590551181" VPOS="627.3070866141733" HPOS="224.2204724409449" CONTENT="Très" ID="tl_40_7" STYLEREFS="FONT2"/>
            <SP HEIGHT="13.32283464566929" WIDTH="3.6850393700787403" VPOS="627.3070866141733" HPOS="266.1732283464567"/>
            <String HEIGHT="13.32283464566929" WIDTH="49.60629921259842" VPOS="627.3070866141733" HPOS="254.5511811023622" CONTENT="rare," ID="tl_40_8" STYLEREFS="FONT2"/>
            <SP HEIGHT="13.32283464566929" WIDTH="3.6850393700787403" VPOS="627.3070866141733" HPOS="304.4409448818898"/>
            <String HEIGHT="13.32283464566929" WIDTH="49.60629921259842" VPOS="627.3070866141733" HPOS="292.81889763779526" CONTENT="(Coll." ID="tl_40_9" STYLEREFS="FONT2"/>
            <SP HEIGHT="13.32283464566929" WIDTH="3.6850393700787403" VPOS="627.3070866141733" HPOS="342.70866141732284"/>
            <String HEIGHT="13.32283464566929" WIDTH="22.96062992125984" VPOS="627.3070866141733" HPOS="331.0866141732283" CONTENT="B." ID="tl_40_10" STYLEREFS="FONT2"/>
            <SP HEIGHT="13.32283464566929" WIDTH="3.6850393700787403" VPOS="627.3070866141733" HPOS="354.0472440944882"/>
            <String HEIGHT="13.32283464566929" WIDTH="53.574803149606296" VPOS="627.3070866141733" HPOS="338.74015748031496" CONTENT="Fillon.)" ID="tl_40_11" STYLEREFS="FONT2"/>
          </TextLine>
        </TextBlock>
        <TextBlock ID="r_2_13" HEIGHT="33.44881889763779" WIDTH="323.1496062992126" VPOS="642.8976377952756" HPOS="113.38582677165354">
          <TextLine ID="tl_41" BASELINE="2314" HEIGHT="12.755905511811024" WIDTH="312.37795275590554" VPOS="643.1811023622047" HPOS="123.8740157480315">
            <String HEIGHT="12.755905511811024" WIDTH="61.511811023622045" VPOS="643.1811023622047" HPOS="119.05511811023622" CONTENT="Consultés" ID="tl_41_1" STYLEREFS="FONT0"/>
            <SP HEIGHT="12.755905511811024" WIDTH="4.818897637795276" VPOS="643.1811023622047" HPOS="180.56692913385828"/>
            <String HEIGHT="12.755905511811024" WIDTH="33.16535433070866" VPOS="643.1811023622047" HPOS="166.39370078740157" CONTENT="par" ID="tl_41_2" STYLEREFS="FONT0"/>
            <SP HEIGHT="12.755905511811024" WIDTH="4.818897637795276" VPOS="643.1811023622047" HPOS="199.55905511811022"/>
            <String HEIGHT="12.755905511811024" WIDTH="33.16535433070866" VPOS="643.1811023622047" HPOS="185.38582677165354" CONTENT="Don" ID="tl_41_3" STYLEREFS="FONT0"/>
            <SP HEIGHT="12.755905511811024" WIDTH="4.818897637795276" VPOS="643.1811023622047" HPOS="218.5511811023622"/>
            <String HEIGHT="12.755905511811024" WIDTH="37.98425196850393" VPOS="643.1811023622047" HPOS="204.3779527559055" CONTENT="Juan" ID="tl_41_4" STYLEREFS="FONT0"/>
            <SP HEIGHT="12.755905511811024" WIDTH="4.818897637795276" VPOS="643.1811023622047" HPOS="242.07874015748033"/>
            <String HEIGHT="12.755905511811024" WIDTH="28.346456692913385" VPOS="643.1811023622047" HPOS="227.90551181102362" CONTENT="de" ID="tl_41_5" STYLEREFS="FONT0"/>
            <SP HEIGHT="12.755905511811024" WIDTH="4.818897637795276" VPOS="643.1811023622047" HPOS="256.53543307086613"/>
            <String HEIGHT="12.755905511811024" WIDTH="37.98425196850393" VPOS="643.1811023622047" HPOS="242.07874015748033" CONTENT="Luna" ID="tl_41_6" STYLEREFS="FONT0"/>
            <SP HEIGHT="12.755905511811024" WIDTH="4.818897637795276" VPOS="643.1811023622047" HPOS="280.06299212598424"/>
            <String HEIGHT="12.755905511811024" WIDTH="33.16535433070866" VPOS="643.1811023622047" HPOS="265.8897637795276" CONTENT="sur" ID="tl_41_7" STYLEREFS="FONT0"/>
            <SP HEIGHT="12.755905511811024" WIDTH="4.818897637795276" VPOS="643.1811023622047" HPOS="299.0551181102362"/>
            <String HEIGHT="12.755905511811024" WIDTH="33.16535433070866" VPOS="643.1811023622047" HPOS="284.88188976377955" CONTENT="les" ID="tl_41_8" STYLEREFS="FONT0"/>
            <SP HEIGHT="12.755905511811024" WIDTH="4.818897637795276" VPOS="643.1811023622047" HPOS="318.0472440944882"/>
            <String HEIGHT="12.755905511811024" WIDTH="70.86614173228347" VPOS="643.1811023622047" HPOS="303.59055118110234" CONTENT="hésitations" ID="tl_41_9" STYLEREFS="FONT0"/>
            <SP HEIGHT="12.755905511811024" WIDTH="4.818897637795276" VPOS="643.1811023622047" HPOS="374.74015748031496"/>
            <String HEIGHT="12.755905511811024" WIDTH="42.51968503937008" VPOS="643.1811023622047" HPOS="360.56692913385825" CONTENT="qu’il" ID="tl_41_10" STYLEREFS="FONT0"/>
            <SP HEIGHT="12.755905511811024" WIDTH="4.818897637795276" VPOS="643.1811023622047" HPOS="403.0866141732283"/>
            <String HEIGHT="12.755905511811024" WIDTH="52.15748031496063" VPOS="643.1811023622047" HPOS="388.9133858267717" CONTENT="éprouve" ID="tl_41_11" STYLEREFS="FONT0"/>
            <SP HEIGHT="12.755905511811024" WIDTH="4.818897637795276" VPOS="643.1811023622047" HPOS="441.07086614173227"/>
            <String HEIGHT="12.755905511811024" WIDTH="14.173228346456693" VPOS="643.1811023622047" HPOS="422.0787401574803" CONTENT="à" ID="tl_41_12" STYLEREFS="FONT0"/>
          </TextLine>
          <TextLine ID="tl_42" BASELINE="2348" HEIGHT="12.188976377952756" WIDTH="322.5826771653543" VPOS="653.3858267716536" HPOS="113.66929133858268">
            <String HEIGHT="12.188976377952756" WIDTH="48.75590551181102" VPOS="653.3858267716536" HPOS="108.85039370078741" CONTENT="rester" ID="tl_42_1" STYLEREFS="FONT0"/>
            <SP HEIGHT="12.188976377952756" WIDTH="4.818897637795276" VPOS="653.3858267716536" HPOS="157.60629921259843"/>
            <String HEIGHT="12.188976377952756" WIDTH="39.118110236220474" VPOS="653.3858267716536" HPOS="142.86614173228347" CONTENT="dans" ID="tl_42_2" STYLEREFS="FONT0"/>
            <SP HEIGHT="12.188976377952756" WIDTH="4.818897637795276" VPOS="653.3858267716536" HPOS="181.98425196850394"/>
            <String HEIGHT="12.188976377952756" WIDTH="58.67716535433071" VPOS="653.3858267716536" HPOS="167.5275590551181" CONTENT="l’ordre," ID="tl_42_3" STYLEREFS="FONT0"/>
            <SP HEIGHT="12.188976377952756" WIDTH="4.818897637795276" VPOS="653.3858267716536" HPOS="226.20472440944883"/>
            <String HEIGHT="12.188976377952756" WIDTH="34.2992125984252" VPOS="653.3858267716536" HPOS="211.46456692913387" CONTENT="ces" ID="tl_42_4" STYLEREFS="FONT0"/>
            <SP HEIGHT="12.188976377952756" WIDTH="4.818897637795276" VPOS="653.3858267716536" HPOS="245.76377952755905"/>
            <String HEIGHT="12.188976377952756" WIDTH="48.75590551181102" VPOS="653.3858267716536" HPOS="231.0236220472441" CONTENT="quatre" ID="tl_42_5" STYLEREFS="FONT0"/>
            <SP HEIGHT="12.188976377952756" WIDTH="4.818897637795276" VPOS="653.3858267716536" HPOS="279.7795275590551"/>
            <String HEIGHT="12.188976377952756" WIDTH="43.93700787401575" VPOS="653.3858267716536" HPOS="265.3228346456693" CONTENT="pères" ID="tl_42_6" STYLEREFS="FONT0"/>
            <SP HEIGHT="12.188976377952756" WIDTH="4.818897637795276" VPOS="653.3858267716536" HPOS="309.25984251968504"/>
            <String HEIGHT="12.188976377952756" WIDTH="53.85826771653543" VPOS="653.3858267716536" HPOS="294.5196850393701" CONTENT="opinent" ID="tl_42_7" STYLEREFS="FONT0"/>
            <SP HEIGHT="12.188976377952756" WIDTH="4.818897637795276" VPOS="653.3858267716536" HPOS="348.37795275590554"/>
            <String HEIGHT="12.188976377952756" WIDTH="39.118110236220474" VPOS="653.3858267716536" HPOS="333.6377952755906" CONTENT="pour" ID="tl_42_8" STYLEREFS="FONT0"/>
            <SP HEIGHT="12.188976377952756" WIDTH="4.818897637795276" VPOS="653.3858267716536" HPOS="372.755905511811"/>
            <String HEIGHT="12.188976377952756" WIDTH="43.93700787401575" VPOS="653.3858267716536" HPOS="358.01574803149606" CONTENT="qu’il" ID="tl_42_9" STYLEREFS="FONT0"/>
            <SP HEIGHT="12.188976377952756" WIDTH="4.818897637795276" VPOS="653.3858267716536" HPOS="401.9527559055118"/>
            <String HEIGHT="12.188976377952756" WIDTH="53.85826771653543" VPOS="653.3858267716536" HPOS="382.3937007874016" CONTENT="persévère" ID="tl_42_10" STYLEREFS="FONT0"/>
          </TextLine>
          <TextLine ID="tl_43" BASELINE="2385" HEIGHT="12.755905511811024" WIDTH="321.4488188976378" VPOS="663.3070866141733" HPOS="113.95275590551181">
            <String HEIGHT="12.755905511811024" WIDTH="36.8503937007874" VPOS="663.3070866141733" HPOS="109.41732283464567" CONTENT="dans" ID="tl_43_1" STYLEREFS="FONT0"/>
            <SP HEIGHT="12.755905511811024" WIDTH="4.535433070866142" VPOS="663.3070866141733" HPOS="145.98425196850394"/>
            <String HEIGHT="12.755905511811024" WIDTH="27.496062992125985" VPOS="663.3070866141733" HPOS="132.3779527559055" CONTENT="sa" ID="tl_43_2" STYLEREFS="FONT0"/>
            <SP HEIGHT="12.755905511811024" WIDTH="4.535433070866142" VPOS="663.3070866141733" HPOS="159.8740157480315"/>
            <String HEIGHT="12.755905511811024" WIDTH="54.99212598425197" VPOS="663.3070866141733" HPOS="145.98425196850394" CONTENT="première" ID="tl_43_3" STYLEREFS="FONT0"/>
            <SP HEIGHT="12.755905511811024" WIDTH="4.535433070866142" VPOS="663.3070866141733" HPOS="201.25984251968504"/>
            <String HEIGHT="12.755905511811024" WIDTH="68.88188976377953" VPOS="663.3070866141733" HPOS="187.37007874015748" CONTENT="résolution." ID="tl_43_4" STYLEREFS="FONT0"/>
            <SP HEIGHT="12.755905511811024" WIDTH="4.535433070866142" VPOS="663.3070866141733" HPOS="256.251968503937"/>
            <String HEIGHT="12.755905511811024" WIDTH="54.99212598425197" VPOS="663.3070866141733" HPOS="242.64566929133858" CONTENT="L’exposé" ID="tl_43_5" STYLEREFS="FONT0"/>
            <SP HEIGHT="12.755905511811024" WIDTH="4.535433070866142" VPOS="663.3070866141733" HPOS="297.6377952755906"/>
            <String HEIGHT="12.755905511811024" WIDTH="27.496062992125985" VPOS="663.3070866141733" HPOS="283.748031496063" CONTENT="de" ID="tl_43_6" STYLEREFS="FONT0"/>
            <SP HEIGHT="12.755905511811024" WIDTH="4.535433070866142" VPOS="663.3070866141733" HPOS="311.5275590551181"/>
            <String HEIGHT="12.755905511811024" WIDTH="36.8503937007874" VPOS="663.3070866141733" HPOS="297.6377952755906" CONTENT="Luna" ID="tl_43_7" STYLEREFS="FONT0"/>
            <SP HEIGHT="12.755905511811024" WIDTH="4.535433070866142" VPOS="663.3070866141733" HPOS="334.48818897637796"/>
            <String HEIGHT="12.755905511811024" WIDTH="32.031496062992126" VPOS="663.3070866141733" HPOS="320.59842519685037" CONTENT="est" ID="tl_43_8" STYLEREFS="FONT0"/>
            <SP HEIGHT="12.755905511811024" WIDTH="4.535433070866142" VPOS="663.3070866141733" HPOS="352.62992125984255"/>
            <String HEIGHT="12.755905511811024" WIDTH="27.496062992125985" VPOS="663.3070866141733" HPOS="339.0236220472441" CONTENT="en" ID="tl_43_9" STYLEREFS="FONT0"/>
            <SP HEIGHT="12.755905511811024" WIDTH="4.535433070866142" VPOS="663.3070866141733" HPOS="366.5196850393701"/>
            <String HEIGHT="12.755905511811024" WIDTH="36.8503937007874" VPOS="663.3070866141733" HPOS="352.62992125984255" CONTENT="tête" ID="tl_43_10" STYLEREFS="FONT0"/>
            <SP HEIGHT="12.755905511811024" WIDTH="4.535433070866142" VPOS="663.3070866141733" HPOS="389.4803149606299"/>
            <String HEIGHT="12.755905511811024" WIDTH="27.496062992125985" VPOS="663.3070866141733" HPOS="375.59055118110234" CONTENT="de" ID="tl_43_11" STYLEREFS="FONT0"/>
            <SP HEIGHT="12.755905511811024" WIDTH="4.535433070866142" VPOS="663.3070866141733" HPOS="403.37007874015745"/>
            <String HEIGHT="12.755905511811024" WIDTH="27.496062992125985" VPOS="663.3070866141733" HPOS="389.4803149606299" CONTENT="la" ID="tl_43_12" STYLEREFS="FONT0"/>
            <SP HEIGHT="12.755905511811024" WIDTH="4.535433070866142" VPOS="663.3070866141733" HPOS="416.9763779527559"/>
            <String HEIGHT="12.755905511811024" WIDTH="36.8503937007874" VPOS="663.3070866141733" HPOS="398.5511811023622" CONTENT="pièce." ID="tl_43_13" STYLEREFS="FONT0"/>
          </TextLine>
        </TextBlock>
        <GraphicalElement ID="r_4" HEIGHT="2.8346456692913384" WIDTH="68.5984251968504" VPOS="24.094488188976378" HPOS="175.748031496063"/>
        <GraphicalElement ID="r_5" HEIGHT="3.6850393700787403" WIDTH="126.4251968503937" VPOS="24.661417322834644" HPOS="245.1968503937008"/>
        <GraphicalElement ID="r_6" HEIGHT="1.7007874015748032" WIDTH="126.4251968503937" VPOS="26.078740157480315" HPOS="397.7007874015748"/>
        <GraphicalElement ID="r_7" HEIGHT="1.7007874015748032" WIDTH="66.61417322834646" VPOS="27.212598425196852" HPOS="371.62204724409446"/>
        <GraphicalElement ID="r_8" HEIGHT="1.1338582677165354" WIDTH="56.40944881889764" VPOS="28.346456692913385" HPOS="442.48818897637796"/>
        <GraphicalElement ID="r_9" HEIGHT="2.267716535433071" WIDTH="45.354330708661415" VPOS="820.3464566929134" HPOS="232.7244094488189"/>
        <GraphicalElement ID="r_10" HEIGHT="1.4173228346456692" WIDTH="85.60629921259843" VPOS="819.2125984251968" HPOS="437.9527559055118"/>
        <GraphicalElement ID="r_11" HEIGHT="440.2204724409449" WIDTH="3.968503937007874" VPOS="366.5196850393701" HPOS="29.19685039370079"/>
        <GraphicalElement ID="r_12" HEIGHT="282.0472440944882" WIDTH="2.8346456692913384" VPOS="84.75590551181102" HPOS="28.062992125984252"/>
        <Illustration ID="r_3" HEIGHT="46.20472440944882" WIDTH="404.2204724409449" VPOS="811.5590551181102" HPOS="39.118110236220474"/>
      </PrintSpace>
    </Page>
  </Layout>
</alto>
