534.8976377952756 851.5275590551181
280.62992125984255 123.59055118110236 33.732283464566926 14.740157480314961 —
294.23622047244095 123.59055118110236 40.53543307086614 14.740157480314961 14
307.84251968503935 123.59055118110236 20.409448818897637 14.740157480314961 —

129.54330708661416 150.8031496062992 51.023622047244096 15.874015748031496 72.
158.74015748031496 150.8031496062992 79.93700787401575 15.874015748031496 LEMOYNE
216.8503937007874 150.8031496062992 116.50393700787401 15.874015748031496 D’IBERVILLE,
311.5275590551181 150.8031496062992 79.93700787401575 15.874015748031496 célèbre
369.9212598425197 150.8031496062992 102.04724409448819 15.874015748031496 navigateur
442.7716535433071 150.8031496062992 36.28346456692913 15.874015748031496 qui

158.17322834645668 164.69291338582678 70.01574803149606 14.456692913385826 défendit
210.89763779527559 164.69291338582678 99.21259842519684 14.456692913385826 intrépidement
292.53543307086613 164.69291338582678 35.1496062992126 14.456692913385826 le
310.1102362204724 164.69291338582678 58.39370078740158 14.456692913385826 Canada
351.21259842519686 164.69291338582678 58.39370078740158 14.456692913385826 contre
392.0314960629921 164.69291338582678 40.818897637795274 14.456692913385826 les
415.2755905511811 164.69291338582678 64.34645669291339 14.456692913385826 Anglais
456.37795275590554 164.69291338582678 23.244094488188978 14.456692913385826 et

159.0236220472441 178.58267716535434 75.68503937007874 13.32283464566929 découvrit
217.41732283464566 178.58267716535434 34.86614173228347 13.32283464566929 le
234.70866141732284 178.58267716535434 87.30708661417323 13.32283464566929 Mississipi,
304.4409448818898 178.58267716535434 34.86614173228347 13.32283464566929 n.
322.01574803149606 178.58267716535434 29.19685039370079 13.32283464566929 à
333.6377952755906 178.58267716535434 75.68503937007874 13.32283464566929 Montréal,
391.748031496063 178.58267716535434 52.44094488188976 13.32283464566929 1642,
426.61417322834643 178.58267716535434 34.86614173228347 13.32283464566929 m.
438.23622047244095 178.58267716535434 40.818897637795274 13.32283464566929 1706.

169.79527559055117 198.99212598425197 31.46456692913386 12.188976377952756 L.
185.66929133858267 198.99212598425197 31.46456692913386 12.188976377952756 a.
201.54330708661416 198.99212598425197 31.46456692913386 12.188976377952756 s.
217.13385826771653 198.99212598425197 26.362204724409448 12.188976377952756 à
227.6220472440945 198.99212598425197 57.826771653543304 12.188976377952756 NICOLAS
269.5748031496063 198.99212598425197 68.31496062992126 12.188976377952756 THOINARD;
322.01574803149606 198.99212598425197 73.41732283464567 12.188976377952756 Rochefort,
379.84251968503935 198.99212598425197 31.46456692913386 12.188976377952756 18
395.7165354330709 198.99212598425197 68.31496062992126 12.188976377952756 septembre
442.7716535433071 198.99212598425197 36.8503937007874 12.188976377952756 1703,

160.44094488188978 210.04724409448818 17.291338582677167 11.338582677165354 2
167.24409448818898 210.04724409448818 20.69291338582677 11.338582677165354 p.
177.73228346456693 210.04724409448818 31.181102362204726 11.338582677165354 in-4.
198.4251968503937 210.04724409448818 37.98425196850393 11.338582677165354 Très
222.51968503937007 210.04724409448818 37.98425196850393 11.338582677165354 rare.

165.54330708661416 229.03937007874015 64.91338582677166 10.488188976377952 Importante
216.56692913385828 229.03937007874015 46.488188976377955 10.488188976377952 lettre
248.88188976377953 229.03937007874015 27.77952755905512 10.488188976377952 où
262.7716535433071 229.03937007874015 27.77952755905512 10.488188976377952 il
276.9448818897638 229.03937007874015 51.023622047244096 10.488188976377952 annonce
314.0787401574803 229.03937007874015 32.59842519685039 10.488188976377952 son
332.503937007874 229.03937007874015 46.488188976377955 10.488188976377952 départ
365.1023622047244 229.03937007874015 37.13385826771653 10.488188976377952 pour
388.34645669291336 229.03937007874015 27.77952755905512 10.488188976377952 le
402.23622047244095 229.03937007874015 37.13385826771653 10.488188976377952 mois
425.4803149606299 229.03937007874015 27.77952755905512 10.488188976377952 de
434.5511811023622 229.03937007874015 46.488188976377955 10.488188976377952 novembre

156.4724409448819 239.24409448818898 26.929133858267715 10.771653543307087 sur
172.06299212598427 239.24409448818898 23.244094488188978 10.771653543307087 le
183.68503937007873 239.24409448818898 38.55118110236221 10.771653543307087 navire
210.61417322834646 239.24409448818898 23.244094488188978 10.771653543307087 le
222.23622047244095 239.24409448818898 85.03937007874016 10.771653543307087 Mississipi.
295.65354330708664 239.24409448818898 23.244094488188978 10.771653543307087 Il
307.2755905511811 239.24409448818898 54.14173228346457 10.771653543307087 s’enquiert
349.79527559055117 239.24409448818898 23.244094488188978 10.771653543307087 de
361.4173228346457 239.24409448818898 61.79527559055118 10.771653543307087 l’importance
411.59055118110234 239.24409448818898 23.244094488188978 10.771653543307087 et
423.21259842519686 239.24409448818898 23.244094488188978 10.771653543307087 de
434.5511811023622 239.24409448818898 23.244094488188978 10.771653543307087 la
442.48818897637796 239.24409448818898 38.55118110236221 10.771653543307087 richesse

155.90551181102362 249.4488188976378 34.01574803149607 9.921259842519685 des
175.1811023622047 249.4488188976378 38.83464566929134 9.921259842519685 îles
199.55905511811022 249.4488188976378 82.48818897637796 9.921259842519685 Saint-Gabriel
267.59055118110234 249.4488188976378 38.83464566929134 9.921259842519685 dans
291.68503937007875 249.4488188976378 29.19685039370079 9.921259842519685 le
306.4251968503937 249.4488188976378 34.01574803149607 9.921259842519685 Rio
325.7007874015748 249.4488188976378 29.19685039370079 9.921259842519685 de
340.15748031496065 249.4488188976378 29.19685039370079 9.921259842519685 la
354.8976377952756 249.4488188976378 43.653543307086615 9.921259842519685 Plata
384.09448818897636 249.4488188976378 29.19685039370079 9.921259842519685 et
398.5511811023622 249.4488188976378 53.29133858267716 9.921259842519685 demande
437.38582677165357 249.4488188976378 29.19685039370079 9.921259842519685 si
447.0236220472441 249.4488188976378 34.01574803149607 9.921259842519685 elles

156.18897637795277 259.37007874015745 45.354330708661415 9.921259842519685 valent
187.93700787401573 259.37007874015745 27.212598425196852 9.921259842519685 la
201.54330708661416 259.37007874015745 40.818897637795274 9.921259842519685 peine
228.75590551181102 259.37007874015745 45.354330708661415 9.921259842519685 d’être
260.503937007874 259.37007874015745 45.354330708661415 9.921259842519685 prises
292.251968503937 259.37007874015745 36.28346456692913 9.921259842519685 pour
314.92913385826773 259.37007874015745 27.212598425196852 9.921259842519685 la
324.0 259.37007874015745 40.818897637795274 9.921259842519685 France.

130.6771653543307 277.79527559055117 48.188976377952756 15.590551181102363 73.
158.17322834645668 277.79527559055117 75.68503937007874 15.590551181102363 LEMOYNE
213.16535433070865 277.79527559055117 41.10236220472441 15.590551181102363 DE
233.5748031496063 277.79527559055117 82.48818897637796 15.590551181102363 SÉRIGNY,
295.65354330708664 277.79527559055117 61.79527559055118 15.590551181102363 frère
336.755905511811 277.79527559055117 41.10236220472441 15.590551181102363 et
357.4488188976378 277.79527559055117 89.29133858267717 15.590551181102363 compagnon
419.244094488189 277.79527559055117 61.79527559055118 15.590551181102363 d’armes

159.0236220472441 293.9527559055118 36.28346456692913 13.32283464566929 du
170.9291338582677 293.9527559055118 72.85039370078741 13.32283464566929 précédent.

170.07874015748033 314.0787401574803 32.59842519685039 10.488188976377952 L.
186.23622047244095 314.0787401574803 32.59842519685039 10.488188976377952 a.
202.39370078740157 314.0787401574803 32.59842519685039 10.488188976377952 s.
218.83464566929135 314.0787401574803 26.929133858267715 10.488188976377952 à
229.60629921259843 314.0787401574803 59.52755905511811 10.488188976377952 NICOLAS
272.9763779527559 314.0787401574803 70.2992125984252 10.488188976377952 THOYNARD;
327.11811023622045 314.0787401574803 32.59842519685039 10.488188976377952 La
343.2755905511811 314.0787401574803 70.2992125984252 10.488188976377952 Rochelle,
397.4173228346457 314.0787401574803 26.929133858267715 10.488188976377952 3
408.18897637795277 314.0787401574803 59.52755905511811 10.488188976377952 octobre
445.8897637795276 314.0787401574803 32.59842519685039 10.488188976377952 1700

160.7244094488189 325.13385826771656 17.291338582677167 11.338582677165354 2
167.5275590551181 325.13385826771656 20.976377952755904 11.338582677165354 p.
178.01574803149606 325.13385826771656 31.46456692913386 11.338582677165354 in-4.
198.99212598425197 325.13385826771656 38.267716535433074 11.338582677165354 Très
223.37007874015748 325.13385826771656 38.267716535433074 11.338582677165354 rare.

166.6771653543307 344.40944881889766 75.11811023622047 9.921259842519685 Intéressante
227.90551181102362 344.40944881889766 47.05511811023622 9.921259842519685 lettre
260.78740157480314 344.40944881889766 28.062992125984252 9.921259842519685 où
274.96062992125985 344.40944881889766 28.062992125984252 9.921259842519685 il
288.8503937007874 344.40944881889766 32.881889763779526 9.921259842519685 lui
307.84251968503935 344.40944881889766 37.7007874015748 9.921259842519685 fait
331.37007874015745 344.40944881889766 37.7007874015748 9.921259842519685 part
354.61417322834643 344.40944881889766 28.062992125984252 9.921259842519685 de
368.78740157480314 344.40944881889766 28.062992125984252 9.921259842519685 la
382.96062992125985 344.40944881889766 51.59055118110236 9.921259842519685 maladie
420.66141732283467 344.40944881889766 28.062992125984252 9.921259842519685 de
434.5511811023622 344.40944881889766 32.881889763779526 9.921259842519685 son
448.7244094488189 344.40944881889766 32.881889763779526 9.921259842519685 frère

152.78740157480314 354.61417322834643 56.976377952755904 7.653543307086614 d'Iberville.

132.09448818897638 375.0236220472441 43.37007874015748 12.472440944881889 74.
156.75590551181102 375.0236220472441 55.55905511811024 12.472440944881889 LOUIS
193.88976377952756 375.0236220472441 61.79527559055118 12.472440944881889 XVIII,
237.25984251968504 375.0236220472441 43.37007874015748 12.472440944881889 roi
261.9212598425197 375.0236220472441 37.13385826771653 12.472440944881889 de
280.34645669291336 375.0236220472441 68.03149606299213 12.472440944881889 France,
329.9527559055118 375.0236220472441 37.13385826771653 12.472440944881889 n.
348.37795275590554 375.0236220472441 55.55905511811024 12.472440944881889 1755,
385.51181102362204 375.0236220472441 37.13385826771653 12.472440944881889 m.
397.7007874015748 375.0236220472441 43.37007874015748 12.472440944881889 1824.

171.7795275590551 396.2834645669291 28.62992125984252 11.622047244094489 L.
186.23622047244095 396.2834645669291 28.62992125984252 11.622047244094489 a.
200.40944881889763 396.2834645669291 33.44881889763779 11.622047244094489 s.;
219.4015748031496 396.2834645669291 52.44094488188976 11.622047244094489 Mittau,
257.38582677165357 396.2834645669291 28.62992125984252 11.622047244094489 19
271.84251968503935 396.2834645669291 52.44094488188976 11.622047244094489 janvier
309.8267716535433 396.2834645669291 42.803149606299215 11.622047244094489 1805,
338.45669291338584 396.2834645669291 33.44881889763779 11.622047244094489 1/2
357.4488188976378 396.2834645669291 28.62992125984252 11.622047244094489 p.
366.8031496062992 396.2834645669291 33.44881889763779 11.622047244094489 in

166.96062992125985 415.2755905511811 41.669291338582674 9.921259842519685 Jolie
194.74015748031496 415.2755905511811 46.20472440944882 9.921259842519685 lettre
227.0551181102362 415.2755905511811 27.77952755905512 9.921259842519685 où
240.9448818897638 415.2755905511811 27.77952755905512 9.921259842519685 il
254.83464566929135 415.2755905511811 55.55905511811024 9.921259842519685 témoigne
296.2204724409449 415.2755905511811 27.77952755905512 9.921259842519685 sa
310.1102362204724 415.2755905511811 73.98425196850394 9.921259842519685 satisfaction
370.20472440944883 415.2755905511811 27.77952755905512 9.921259842519685 de
384.09448818897636 415.2755905511811 37.13385826771653 9.921259842519685 voir
407.33858267716533 415.2755905511811 27.77952755905512 9.921259842519685 le
421.2283464566929 415.2755905511811 32.31496062992126 9.921259842519685 roi
439.65354330708664 415.2755905511811 27.77952755905512 9.921259842519685 de
449.00787401574803 415.2755905511811 32.31496062992126 9.921259842519685 Suède

156.75590551181102 425.4803149606299 72.56692913385827 10.204724409448819 récompenser
214.86614173228347 425.4803149606299 33.732283464566926 10.204724409448819 les
234.14173228346456 425.4803149606299 38.83464566929134 10.204724409448819 bons
253.41732283464566 425.4803149606299 53.29133858267716 10.204724409448819 Français.

132.66141732283464 445.8897637795276 43.653543307086615 13.606299212598426 75.
157.60629921259843 445.8897637795276 56.125984251968504 13.606299212598426 LULLY
195.0236220472441 445.8897637795276 124.44094488188976 13.606299212598426 (Jean-Baptiste),
300.755905511811 445.8897637795276 68.31496062992126 13.606299212598426 célèbre
350.3622047244094 445.8897637795276 93.25984251968504 13.606299212598426 compositeur
424.9133858267717 445.8897637795276 37.41732283464567 13.606299212598426 de
437.38582677165357 445.8897637795276 43.653543307086615 13.606299212598426 musi-

160.15748031496062 460.06299212598424 47.338582677165356 13.32283464566929 que,
189.92125984251967 460.06299212598424 71.14960629921259 13.32283464566929 créateur
243.21259842519686 460.06299212598424 35.43307086614173 13.32283464566929 de
260.78740157480314 460.06299212598424 65.19685039370079 13.32283464566929 l’opéra
308.40944881889766 460.06299212598424 35.43307086614173 13.32283464566929 en
325.98425196850394 460.06299212598424 65.19685039370079 13.32283464566929 France,
373.6062992125984 460.06299212598424 35.43307086614173 13.32283464566929 n.
391.18110236220474 460.06299212598424 53.29133858267716 13.32283464566929 1632,
426.8976377952756 460.06299212598424 35.43307086614173 13.32283464566929 m.
438.8031496062992 460.06299212598424 41.38582677165354 13.32283464566929 1687.

171.49606299212599 480.18897637795277 28.62992125984252 11.338582677165354 P.
185.95275590551182 480.18897637795277 28.62992125984252 11.338582677165354 s.
200.1259842519685 480.18897637795277 33.44881889763779 11.338582677165354 sur
219.4015748031496 480.18897637795277 47.90551181102362 11.338582677165354 vélin;
252.8503937007874 480.18897637795277 47.90551181102362 11.338582677165354 Paris,
286.2992125984252 480.18897637795277 23.811023622047244 11.338582677165354 3
295.65354330708664 480.18897637795277 52.44094488188976 11.338582677165354 janvier
333.9212598425197 480.18897637795277 43.08661417322835 11.338582677165354 1667,
362.8346456692913 480.18897637795277 23.811023622047244 11.338582677165354 1
372.18897637795277 480.18897637795277 28.62992125984252 11.338582677165354 p.
386.6456692913386 480.18897637795277 38.267716535433074 11.338582677165354 in-4
405.6377952755906 480.18897637795277 43.08661417322835 11.338582677165354 oblong.

166.96062992125985 497.76377952755905 39.40157480314961 10.771653543307087 Reçu
191.33858267716536 497.76377952755905 29.480314960629922 10.771653543307087 de
206.07874015748033 497.76377952755905 29.480314960629922 10.771653543307087 la
220.8188976377953 497.76377952755905 44.22047244094488 10.771653543307087 somme
250.58267716535434 497.76377952755905 29.480314960629922 10.771653543307087 de
265.3228346456693 497.76377952755905 34.2992125984252 10.771653543307087 165
284.88188976377955 497.76377952755905 49.039370078740156 10.771653543307087 livres
319.18110236220474 497.76377952755905 39.40157480314961 10.771653543307087 pour
343.84251968503935 497.76377952755905 29.480314960629922 10.771653543307087 un
358.5826771653543 497.76377952755905 58.960629921259844 10.771653543307087 quartier
402.8031496062992 497.76377952755905 29.480314960629922 10.771653543307087 de
417.54330708661416 497.76377952755905 34.2992125984252 10.771653543307087 ses
437.38582677165357 497.76377952755905 44.22047244094488 10.771653543307087 gages
462.0472440944882 497.76377952755905 19.559055118110237 10.771653543307087 de

156.75590551181102 507.9685039370079 78.80314960629921 9.637795275590552 surintendant
220.53543307086613 507.9685039370079 29.480314960629922 9.637795275590552 de
235.2755905511811 507.9685039370079 29.480314960629922 9.637795275590552 la
250.01574803149606 507.9685039370079 54.14173228346457 9.637795275590552 musique
289.4173228346457 507.9685039370079 29.480314960629922 9.637795275590552 de
304.15748031496065 507.9685039370079 29.480314960629922 9.637795275590552 la
318.8976377952756 507.9685039370079 54.14173228346457 9.637795275590552 chambre
358.2992125984252 507.9685039370079 29.480314960629922 9.637795275590552 du
368.2204724409449 507.9685039370079 29.480314960629922 9.637795275590552 roi.

131.5275590551181 528.3779527559055 43.653543307086615 13.88976377952756 76.
156.4724409448819 528.3779527559055 62.36220472440945 13.88976377952756 MAFFEI
200.1259842519685 528.3779527559055 149.95275590551182 13.88976377952756 (Francesco-Scipione,
331.37007874015745 528.3779527559055 81.07086614173228 13.88976377952756 marquis),
393.73228346456693 528.3779527559055 68.5984251968504 13.88976377952756 célèbre
437.6692913385827 528.3779527559055 43.653543307086615 13.88976377952756 poète

160.15748031496062 542.2677165354331 82.20472440944881 13.32283464566929 dramatique
224.78740157480314 542.2677165354331 70.2992125984252 13.32283464566929 italien,
277.51181102362204 542.2677165354331 35.1496062992126 13.32283464566929 n.
295.0866141732283 542.2677165354331 52.724409448818896 13.32283464566929 1675,
330.5196850393701 542.2677165354331 35.1496062992126 13.32283464566929 m.
342.1417322834646 542.2677165354331 41.10236220472441 13.32283464566929 1755.

172.06299212598427 563.5275590551181 29.19685039370079 10.771653543307087 L.
186.51968503937007 563.5275590551181 29.19685039370079 10.771653543307087 a.
201.25984251968504 563.5275590551181 29.19685039370079 10.771653543307087 s.
215.71653543307087 563.5275590551181 24.37795275590551 10.771653543307087 à
225.35433070866142 563.5275590551181 43.653543307086615 10.771653543307087 Maria
254.5511811023622 563.5275590551181 53.574803149606296 10.771653543307087 Maffei,
293.38582677165357 563.5275590551181 24.37795275590551 10.771653543307087 1
303.3070866141732 563.5275590551181 29.19685039370079 10.771653543307087 p.
317.76377952755905 563.5275590551181 43.653543307086615 10.771653543307087 in-4,
342.1417322834646 563.5275590551181 72.85039370078741 10.771653543307087 cachet

166.96062992125985 582.5196850393701 36.28346456692913 10.204724409448819 Très
189.63779527559055 582.5196850393701 40.818897637795274 10.204724409448819 belle
216.8503937007874 582.5196850393701 45.354330708661415 10.204724409448819 lettre
248.5984251968504 582.5196850393701 27.212598425196852 10.204724409448819 où
262.20472440944883 582.5196850393701 27.212598425196852 10.204724409448819 il
276.09448818897636 582.5196850393701 40.818897637795274 10.204724409448819 parle
303.3070866141732 582.5196850393701 63.496062992125985 10.204724409448819 d’Apostolo
348.66141732283467 582.5196850393701 31.748031496062993 10.204724409448819 Zeno.

131.24409448818898 600.6614173228346 51.023622047244096 15.307086614173228 77.
160.44094488188978 600.6614173228346 197.00787401574803 15.307086614173228 MARIE-ADÉLAIDE-CLOTILDE
335.62204724409446 600.6614173228346 43.653543307086615 15.307086614173228 DE
357.4488188976378 600.6614173228346 80.22047244094489 15.307086614173228 FRANCE,
415.5590551181102 600.6614173228346 65.76377952755905 15.307086614173228 reine
452.12598425196853 600.6614173228346 29.19685039370079 15.307086614173228 de

160.7244094488189 616.8188976377953 84.75590551181102 14.173228346456693 Sardaigne,
227.33858267716536 616.8188976377953 48.47244094488189 14.173228346456693 sœur
257.6692913385827 616.8188976377953 36.28346456692913 14.173228346456693 de
275.81102362204723 616.8188976377953 54.425196850393704 14.173228346456693 Louis
312.09448818897636 616.8188976377953 48.47244094488189 14.173228346456693 XVI,
342.4251968503937 616.8188976377953 72.85039370078741 14.173228346456693 déclarée
397.13385826771656 616.8188976377953 78.80314960629921 14.173228346456693 vénérable
451.5590551181102 616.8188976377953 30.330708661417322 14.173228346456693 par

160.15748031496062 630.992125984252 34.58267716535433 13.606299212598426 le
177.4488188976378 630.992125984252 45.92125984251968 13.606299212598426 pape
206.07874015748033 630.992125984252 40.25196850393701 13.606299212598426 Pie
229.03937007874015 630.992125984252 45.92125984251968 13.606299212598426 VII,
257.9527559055118 630.992125984252 34.58267716535433 13.606299212598426 n.
275.244094488189 630.992125984252 51.874015748031496 13.606299212598426 1759,
309.54330708661416 630.992125984252 34.58267716535433 13.606299212598426 m.
321.1653543307087 630.992125984252 40.25196850393701 13.606299212598426 1802.

172.62992125984252 652.5354330708661 25.228346456692915 11.05511811023622 L.
185.38582677165354 652.5354330708661 25.228346456692915 11.05511811023622 a.
197.85826771653544 652.5354330708661 25.228346456692915 11.05511811023622 s.
210.61417322834646 652.5354330708661 20.976377952755904 11.05511811023622 à
219.11811023622047 652.5354330708661 29.480314960629922 11.05511811023622 une
235.84251968503938 652.5354330708661 37.98425196850393 11.05511811023622 dame;
261.3543307086614 652.5354330708661 63.21259842519685 11.05511811023622 Versailles,
311.81102362204723 652.5354330708661 20.976377952755904 11.05511811023622 3
320.31496062992125 652.5354330708661 46.488188976377955 11.05511811023622 janvier
354.0472440944882 652.5354330708661 37.98425196850393 11.05511811023622 1775,
379.2755905511811 652.5354330708661 20.976377952755904 11.05511811023622 1
387.7795275590551 652.5354330708661 25.228346456692915 11.05511811023622 p.
400.251968503937 652.5354330708661 33.732283464566926 11.05511811023622 in-4
417.25984251968504 652.5354330708661 63.21259842519685 11.05511811023622 .Rare.

167.24409448818898 669.8267716535433 41.38582677165354 10.488188976377952 Jolie
194.74015748031496 669.8267716535433 46.20472440944882 10.488188976377952 lettre
227.0551181102362 669.8267716535433 27.77952755905512 10.488188976377952 où
240.9448818897638 669.8267716535433 36.8503937007874 10.488188976377952 elle
263.90551181102364 669.8267716535433 32.31496062992126 10.488188976377952 lui
282.3307086614173 669.8267716535433 50.74015748031496 10.488188976377952 exprime
319.18110236220474 669.8267716535433 27.77952755905512 10.488188976377952 le
333.07086614173227 669.8267716535433 41.38582677165354 10.488188976377952 désir
360.56692913385825 669.8267716535433 32.31496062992126 10.488188976377952 que
378.99212598425197 669.8267716535433 55.275590551181104 10.488188976377952 Tronchin
420.66141732283467 669.8267716535433 27.77952755905512 10.488188976377952 la
429.73228346456693 669.8267716535433 50.74015748031496 10.488188976377952 guérisse.
