558.7086614173228 891.7795275590552
325.98425196850394 122.74015748031496 41.10236220472441 14.456692913385826 —
342.4251968503937 122.74015748031496 41.10236220472441 14.456692913385826 8
350.6456692913386 122.74015748031496 24.661417322834644 14.456692913385826 —

176.03149606299212 144.8503937007874 41.669291338582674 16.724409448818896 40.
199.84251968503938 144.8503937007874 65.19685039370079 16.724409448818896 FLORIAN
247.1811023622047 144.8503937007874 94.96062992125984 16.724409448818896 (Jean-Pierre
324.2834645669291 144.8503937007874 59.24409448818898 16.724409448818896 Claris
365.9527559055118 144.8503937007874 47.338582677165356 16.724409448818896 de),
395.7165354330709 144.8503937007874 35.71653543307087 16.724409448818896 le
413.29133858267716 144.8503937007874 65.19685039370079 16.724409448818896 célèbre
454.96062992125985 144.8503937007874 71.14960629921259 16.724409448818896 fabuliste,

204.66141732283464 159.30708661417322 60.37795275590551 14.173228346456693 membre
246.89763779527559 159.30708661417322 36.28346456692913 14.173228346456693 de
265.03937007874015 159.30708661417322 84.75590551181102 14.173228346456693 l’Académie
331.65354330708664 159.30708661417322 84.75590551181102 14.173228346456693 française,
397.98425196850394 159.30708661417322 36.28346456692913 14.173228346456693 n.
416.12598425196853 159.30708661417322 54.425196850393704 14.173228346456693 1755,
452.40944881889766 159.30708661417322 36.28346456692913 14.173228346456693 m.
464.59842519685037 159.30708661417322 42.23622047244095 14.173228346456693 1794.

215.43307086614172 180.56692913385828 27.77952755905512 11.905511811023622 L.
229.3228346456693 180.56692913385828 27.77952755905512 11.905511811023622 a.
243.21259842519686 180.56692913385828 32.31496062992126 11.905511811023622 s.,
261.6377952755906 180.56692913385828 23.244094488188978 11.905511811023622 1
270.99212598425197 180.56692913385828 27.77952755905512 11.905511811023622 p.
284.88188976377955 180.56692913385828 32.31496062992126 11.905511811023622 1/2
298.7716535433071 180.56692913385828 32.31496062992126 11.905511811023622 in

209.76377952755905 199.55905511811022 79.08661417322834 12.472440944881889 Intéressante
274.1102362204724 199.55905511811022 49.60629921259842 12.472440944881889 lettre
308.6929133858268 199.55905511811022 29.763779527559056 12.472440944881889 où
323.43307086614175 199.55905511811022 29.763779527559056 12.472440944881889 il
338.45669291338584 199.55905511811022 34.58267716535433 12.472440944881889 dit
358.01574803149606 199.55905511811022 44.503937007874015 12.472440944881889 qu’il
387.7795275590551 199.55905511811022 44.503937007874015 12.472440944881889 reste
417.54330708661416 199.55905511811022 54.425196850393704 12.472440944881889 enfermé
457.2283464566929 199.55905511811022 39.68503937007874 12.472440944881889 chez
481.8897637795276 199.55905511811022 34.58267716535433 12.472440944881889 lui
496.62992125984255 199.55905511811022 29.763779527559056 12.472440944881889 pour

199.55905511811022 209.48031496062993 66.33070866141732 12.472440944881889 s’occuper
250.58267716535434 209.48031496062993 30.614173228346456 12.472440944881889 de
265.8897637795276 209.48031496062993 30.614173228346456 12.472440944881889 sa
281.1968503937008 209.48031496062993 51.023622047244096 12.472440944881889 notice
316.9133858267717 209.48031496062993 35.71653543307087 12.472440944881889 sur
337.3228346456693 209.48031496062993 66.33070866141732 12.472440944881889 Voltaire.
388.06299212598424 209.48031496062993 35.71653543307087 12.472440944881889 «Ce
408.4724409448819 209.48031496062993 35.71653543307087 12.472440944881889 nom
428.88188976377955 209.48031496062993 30.614173228346456 12.472440944881889 de
444.18897637795277 209.48031496062993 61.22834645669291 12.472440944881889 Voltaire
490.1102362204724 209.48031496062993 25.511811023622048 12.472440944881889 a
495.21259842519686 209.48031496062993 30.614173228346456 12.472440944881889 bien

199.55905511811022 219.4015748031496 49.889763779527556 11.905511811023622 embelli
235.84251968503938 219.4015748031496 31.748031496062993 11.905511811023622 mon
253.98425196850394 219.4015748031496 54.425196850393704 11.905511811023622 ouvrage;
294.8031496062992 219.4015748031496 27.212598425196852 11.905511811023622 il
308.40944881889766 219.4015748031496 49.889763779527556 11.905511811023622 tachera
344.6929133858268 219.4015748031496 40.818897637795274 11.905511811023622 qu’il
371.90551181102364 219.4015748031496 40.818897637795274 11.905511811023622 fasse
399.11811023622045 219.4015748031496 49.889763779527556 11.905511811023622 pleurer
435.40157480314963 219.4015748031496 36.28346456692913 11.905511811023622 ceux
458.0787401574803 219.4015748031496 31.748031496062993 11.905511811023622 qui
471.68503937007875 219.4015748031496 54.425196850393704 11.905511811023622 entendront

199.55905511811022 229.60629921259843 27.212598425196852 9.637795275590552 le
213.16535433070865 229.60629921259843 40.818897637795274 9.637795275590552 récit
240.3779527559055 229.60629921259843 27.212598425196852 9.637795275590552 de
253.98425196850394 229.60629921259843 31.748031496062993 9.637795275590552 ses
267.59055118110234 229.60629921259843 58.960629921259844 9.637795275590552 bienfaits.»

174.33070866141733 252.28346456692913 43.37007874015748 15.307086614173228 41.
199.2755905511811 252.28346456692913 68.03149606299213 15.307086614173228 FLORIAN
248.5984251968504 252.28346456692913 98.92913385826772 15.307086614173228 (Jean-Pierre
329.1023622047244 252.28346456692913 61.79527559055118 15.307086614173228 Claris
366.23622047244095 252.28346456692913 37.13385826771653 15.307086614173228 de).

214.58267716535434 274.3937007874016 38.83464566929134 12.755905511811024 La
240.3779527559055 274.3937007874016 81.63779527559055 12.755905511811024 Sauterelle,
309.25984251968504 274.3937007874016 38.83464566929134 12.755905511811024 fable
335.0551181102362 274.3937007874016 64.62992125984252 12.755905511811024 autographe,
386.6456692913386 274.3937007874016 21.543307086614174 12.755905511811024 3
395.1496062992126 274.3937007874016 25.79527559055118 12.755905511811024 p.
408.18897637795277 274.3937007874016 38.83464566929134 12.755905511811024 in-8.
433.98425196850394 274.3937007874016 34.2992125984252 12.755905511811024 Très
455.5275590551181 274.3937007874016 38.83464566929134 12.755905511811024 jolie
477.07086614173227 274.3937007874016 34.2992125984252 12.755905511811024 pièce.

174.04724409448818 297.9212598425197 45.63779527559055 16.15748031496063 42.
200.1259842519685 297.9212598425197 65.19685039370079 16.15748031496063 FLOTOW
245.76377952755905 297.9212598425197 156.4724409448819 16.15748031496063 (Friedrich-Ferdinand
382.6771653543307 297.9212598425197 52.15748031496063 16.15748031496063 de),
415.2755905511811 297.9212598425197 71.71653543307086 16.15748031496063 célèbre
460.9133858267717 297.9212598425197 65.19685039370079 16.15748031496063 composi-

203.24409448818898 312.37795275590554 42.803149606299215 15.590551181102363 teur
230.17322834645668 312.37795275590554 32.031496062992126 15.590551181102363 de
246.04724409448818 312.37795275590554 58.960629921259844 15.590551181102363 musique
289.13385826771656 312.37795275590554 69.73228346456693 15.590551181102363 allemand,
342.70866141732284 312.37795275590554 53.574803149606296 15.590551181102363 auteur
380.12598425196853 312.37795275590554 32.031496062992126 15.590551181102363 de
396.2834645669291 312.37795275590554 96.37795275590551 15.590551181102363 Martha,
476.78740157480314 312.37795275590554 32.031496062992126 15.590551181102363 n.
487.5590551181102 312.37795275590554 37.41732283464567 15.590551181102363 1812,

202.39370078740157 327.68503937007875 37.41732283464567 9.921259842519685 m.
214.86614173228347 327.68503937007875 43.653543307086615 9.921259842519685 1883.

214.58267716535434 347.5275590551181 30.89763779527559 14.173228346456693 L.
229.88976377952756 347.5275590551181 30.89763779527559 14.173228346456693 a.
245.48031496062993 347.5275590551181 36.28346456692913 14.173228346456693 s.,
266.1732283464567 347.5275590551181 30.89763779527559 14.173228346456693 en
281.76377952755905 347.5275590551181 67.18110236220473 14.173228346456693 français,
333.3543307086614 347.5275590551181 25.79527559055118 14.173228346456693 à
343.84251968503935 347.5275590551181 41.38582677165354 14.173228346456693 Léon
369.6377952755906 347.5275590551181 67.18110236220473 14.173228346456693 Escudier;
421.2283464566929 347.5275590551181 51.59055118110236 14.173228346456693 Paris,
457.51181102362204 347.5275590551181 25.79527559055118 14.173228346456693 5
467.7165354330709 347.5275590551181 41.38582677165354 14.173228346456693 mars
488.40944881889766 347.5275590551181 36.28346456692913 14.173228346456693 1878,

202.96062992125985 360.0 22.96062992125984 11.338582677165354 2
212.03149606299212 360.0 27.496062992125985 11.338582677165354 p.
221.38582677165354 360.0 32.031496062992126 11.338582677165354 in

209.76377952755905 378.1417322834646 32.031496062992126 11.905511811023622 Très
229.60629921259843 378.1417322834646 36.0 11.905511811023622 belle
253.70078740157481 378.1417322834646 39.968503937007874 11.905511811023622 lettre
281.4803149606299 378.1417322834646 23.811023622047244 11.905511811023622 où
293.38582677165357 378.1417322834646 23.811023622047244 11.905511811023622 il
305.29133858267716 378.1417322834646 32.031496062992126 11.905511811023622 fait
325.4173228346457 378.1417322834646 63.77952755905512 11.905511811023622 l’historique
377.29133858267716 378.1417322834646 23.811023622047244 11.905511811023622 de
389.1968503937008 378.1417322834646 27.77952755905512 11.905511811023622 son
405.07086614173227 378.1417322834646 43.93700787401575 11.905511811023622 ouvrage
437.1023622047244 378.1417322834646 43.93700787401575 11.905511811023622 Zora
464.88188976377955 378.1417322834646 59.811023622047244 11.905511811023622 l'enchan

200.69291338582678 388.62992125984255 58.39370078740158 10.771653543307087 teresse.
250.01574803149606 388.62992125984255 18.4251968503937 10.771653543307087 Il
259.0866141732283 388.62992125984255 27.77952755905512 10.771653543307087 parle
277.79527559055117 388.62992125984255 27.77952755905512 10.771653543307087 aussi
296.2204724409449 388.62992125984255 18.4251968503937 10.771653543307087 de
302.1732283464567 388.62992125984255 49.32283464566929 10.771653543307087 Martha.

174.04724409448818 411.0236220472441 46.20472440944882 15.307086614173228 43.
200.40944881889763 411.0236220472441 92.69291338582677 15.307086614173228 FONTENELLE
273.25984251968504 411.0236220472441 79.37007874015748 15.307086614173228 (Bernard
332.78740157480314 411.0236220472441 39.68503937007874 15.307086614173228 Le
352.62992125984255 411.0236220472441 66.04724409448819 15.307086614173228 Bouyer
398.8346456692913 411.0236220472441 53.00787401574803 15.307086614173228 de),
431.7165354330709 411.0236220472441 72.85039370078741 15.307086614173228 célèbre
478.20472440944883 411.0236220472441 46.20472440944882 15.307086614173228 écri-

202.11023622047244 425.4803149606299 52.44094488188976 15.307086614173228 vain,
237.25984251968504 425.4803149606299 99.21259842519684 15.307086614173228 mathématicien
318.8976377952756 425.4803149606299 35.1496062992126 15.307086614173228 et
336.4724409448819 425.4803149606299 87.59055118110236 15.307086614173228 philosophe,
406.48818897637796 425.4803149606299 52.44094488188976 15.307086614173228 neveu
441.6377952755906 425.4803149606299 35.1496062992126 15.307086614173228 de
453.25984251968504 425.4803149606299 70.01574803149606 15.307086614173228 Corneille,

202.11023622047244 439.0866141732283 60.661417322834644 14.173228346456693 membre
244.3464566929134 439.0866141732283 36.28346456692913 14.173228346456693 de
262.48818897637796 439.0866141732283 84.75590551181102 14.173228346456693 l'Académie
329.38582677165357 439.0866141732283 84.75590551181102 14.173228346456693 française,
396.0 439.0866141732283 36.28346456692913 14.173228346456693 n.
414.1417322834646 439.0866141732283 54.425196850393704 14.173228346456693 1657,
450.70866141732284 439.0866141732283 36.28346456692913 14.173228346456693 m.
462.61417322834643 439.0866141732283 42.51968503937008 14.173228346456693 1757.

215.1496062992126 462.0472440944882 25.511811023622048 11.905511811023622 L.
227.90551181102362 462.0472440944882 25.511811023622048 11.905511811023622 a.
240.66141732283464 462.0472440944882 25.511811023622048 11.905511811023622 s.
253.13385826771653 462.0472440944882 21.25984251968504 11.905511811023622 à
261.6377952755906 462.0472440944882 25.511811023622048 11.905511811023622 M.
274.3937007874016 462.0472440944882 25.511811023622048 11.905511811023622 de
287.1496062992126 462.0472440944882 46.488188976377955 11.905511811023622 Mairan;
320.88188976377955 462.0472440944882 37.98425196850393 11.905511811023622 jeudi
346.3937007874016 462.0472440944882 29.763779527559056 11.905511811023622 16,
363.40157480314963 462.0472440944882 21.25984251968504 11.905511811023622 1
371.90551181102364 462.0472440944882 25.511811023622048 11.905511811023622 p.
384.37795275590554 462.0472440944882 37.98425196850393 11.905511811023622 in-8.
405.6377952755906 462.0472440944882 59.24409448818898 11.905511811023622 Rare.

208.06299212598427 480.4724409448819 40.53543307086614 11.622047244094489 Jolie
234.99212598425197 480.4724409448819 45.07086614173228 11.622047244094489 lettre
266.74015748031496 480.4724409448819 54.14173228346457 11.622047244094489 relative
307.2755905511811 480.4724409448819 22.393700787401574 11.622047244094489 à
316.06299212598424 480.4724409448819 26.929133858267715 11.622047244094489 la
329.6692913385827 480.4724409448819 49.60629921259842 11.622047244094489 pension
365.6692913385827 480.4724409448819 26.929133858267715 11.622047244094489 de
379.2755905511811 480.4724409448819 45.07086614173228 11.622047244094489 l’abbé
410.74015748031496 480.4724409448819 26.929133858267715 11.622047244094489 de
424.34645669291336 480.4724409448819 49.60629921259842 11.622047244094489 Genest,
460.34645669291336 480.4724409448819 26.929133858267715 11.622047244094489 de
469.13385826771656 480.4724409448819 54.14173228346457 11.622047244094489 l’Académie

193.88976377952756 490.96062992125985 52.724409448818896 10.488188976377952 française.

172.91338582677164 513.6377952755905 45.354330708661415 15.874015748031496 44.
198.70866141732284 513.6377952755905 71.14960629921259 15.874015748031496 FOSCOLO
250.58267716535434 513.6377952755905 64.62992125984252 15.874015748031496 (Ugo),
295.93700787401576 513.6377952755905 71.14960629921259 15.874015748031496 célèbre
347.81102362204723 513.6377952755905 58.110236220472444 15.874015748031496 poète
386.6456692913386 513.6377952755905 38.83464566929134 15.874015748031496 et
405.9212598425197 513.6377952755905 77.66929133858268 15.874015748031496 écrivain
457.79527559055117 513.6377952755905 64.62992125984252 15.874015748031496 italien,

200.69291338582678 528.6614173228346 36.28346456692913 12.472440944881889 n.
218.83464566929135 528.6614173228346 54.425196850393704 12.472440944881889 1778,
254.83464566929135 528.6614173228346 36.28346456692913 12.472440944881889 m.
267.0236220472441 528.6614173228346 42.23622047244095 12.472440944881889 1827.

212.03149606299212 549.3543307086615 30.04724409448819 12.755905511811024 L.
227.0551181102362 549.3543307086615 30.04724409448819 12.755905511811024 a.
242.07874015748033 549.3543307086615 30.04724409448819 12.755905511811024 s.
257.1023622047244 549.3543307086615 24.944881889763778 12.755905511811024 à
267.3070866141732 549.3543307086615 35.1496062992126 12.755905511811024 Ugo
287.1496062992126 549.3543307086615 65.19685039370079 12.755905511811024 Brunetti;
337.3228346456693 549.3543307086615 30.04724409448819 12.755905511811024 23
352.34645669291336 549.3543307086615 60.09448818897638 12.755905511811024 décembre
397.4173228346457 549.3543307086615 54.99212598425197 12.755905511811024 (1807),
437.38582677165357 549.3543307086615 24.944881889763778 12.755905511811024 1
447.3070866141732 549.3543307086615 30.04724409448819 12.755905511811024 p.
462.3307086614173 549.3543307086615 45.07086614173228 12.755905511811024 in-4.
487.2755905511811 549.3543307086615 35.1496062992126 12.755905511811024 Belle

197.29133858267716 560.6929133858267 37.13385826771653 8.503937007874017 lettre.

172.3464566929134 584.2204724409448 44.503937007874015 15.874015748031496 45.
197.5748031496063 584.2204724409448 82.77165354330708 15.874015748031496 FRAGONARD
261.3543307086614 584.2204724409448 114.80314960629921 15.874015748031496 (Jean-Honoré),
356.88188976377955 584.2204724409448 70.01574803149606 15.874015748031496 célèbre
407.90551181102364 584.2204724409448 76.53543307086615 15.874015748031496 peintre,
465.4488188976378 584.2204724409448 57.25984251968504 15.874015748031496 élève
497.1968503937008 584.2204724409448 25.511811023622048 15.874015748031496 de

200.1259842519685 598.6771653543307 73.13385826771653 13.32283464566929 Boucher,
254.83464566929135 598.6771653543307 36.56692913385827 13.32283464566929 n.
272.9763779527559 598.6771653543307 54.70866141732284 13.32283464566929 1732,
309.54330708661416 598.6771653543307 36.56692913385827 13.32283464566929 m.
321.73228346456693 598.6771653543307 42.51968503937008 13.32283464566929 1806.

211.46456692913387 620.2204724409448 30.04724409448819 13.32283464566929 P.
226.48818897637796 620.2204724409448 30.04724409448819 13.32283464566929 a.
241.51181102362204 620.2204724409448 35.1496062992126 13.32283464566929 s.;
261.6377952755906 620.2204724409448 50.173228346456696 13.32283464566929 Paris,
296.78740157480314 620.2204724409448 30.04724409448819 13.32283464566929 26
311.81102362204723 620.2204724409448 50.173228346456696 13.32283464566929 nivôse
346.96062992125985 620.2204724409448 30.04724409448819 13.32283464566929 an
361.98425196850394 620.2204724409448 30.04724409448819 13.32283464566929 VI
377.00787401574803 620.2204724409448 35.1496062992126 13.32283464566929 (15
397.13385826771656 620.2204724409448 55.275590551181104 13.32283464566929 janvier
437.1023622047244 620.2204724409448 50.173228346456696 13.32283464566929 1798),
472.251968503937 620.2204724409448 24.944881889763778 13.32283464566929 1
482.1732283464567 620.2204724409448 30.04724409448819 13.32283464566929 p.
492.37795275590554 620.2204724409448 30.04724409448819 13.32283464566929 in

202.96062992125985 631.5590551181102 36.56692913385827 10.771653543307087 oblong.
226.48818897637796 631.5590551181102 46.77165354330709 10.771653543307087 Rare.

206.07874015748033 650.2677165354331 29.480314960629922 13.039370078740157 Il
220.8188976377953 650.2677165354331 44.22047244094488 13.039370078740157 donne
250.29921259842519 650.2677165354331 39.40157480314961 13.039370078740157 reçu
274.96062992125985 650.2677165354331 29.480314960629922 13.039370078740157 de
289.7007874015748 650.2677165354331 29.480314960629922 13.039370078740157 la
304.4409448818898 650.2677165354331 44.22047244094488 13.039370078740157 somme
333.9212598425197 650.2677165354331 29.480314960629922 13.039370078740157 de
348.66141732283467 650.2677165354331 29.480314960629922 13.039370078740157 14
363.40157480314963 650.2677165354331 49.32283464566929 13.039370078740157 pièces
397.98425196850394 650.2677165354331 39.40157480314961 13.039370078740157 d’or
422.6456692913386 650.2677165354331 34.58267716535433 13.039370078740157 qui
442.20472440944883 650.2677165354331 34.58267716535433 13.039370078740157 lui
462.0472440944882 650.2677165354331 24.661417322834644 13.039370078740157 a
471.68503937007875 650.2677165354331 34.58267716535433 13.039370078740157 été
486.4251968503937 650.2677165354331 34.58267716535433 13.039370078740157 payée

196.7244094488189 660.4724409448819 33.16535433070866 10.771653543307087 pour
217.41732283464566 660.4724409448819 33.16535433070866 10.771653543307087 deux
238.11023622047244 660.4724409448819 45.354330708661415 10.771653543307087 dessins
271.2755905511811 660.4724409448819 28.913385826771652 10.771653543307087 des
287.7165354330709 660.4724409448819 70.2992125984252 10.771653543307087 Contes
345.54330708661416 660.4724409448819 24.661417322834644 10.771653543307087 de
358.01574803149606 660.4724409448819 24.661417322834644 10.771653543307087 La
366.23622047244095 660.4724409448819 45.354330708661415 10.771653543307087 Fontaine.
