617.6692913385826 891.7795275590552
222.8031496062992 128.9763779527559 33.16535433070866 7.3700787401574805 —
235.84251968503938 128.9763779527559 39.68503937007874 7.3700787401574805 17
249.16535433070865 128.9763779527559 19.84251968503937 7.3700787401574805 —

74.26771653543307 149.10236220472441 44.78740157480315 16.15748031496063 90.
100.06299212598425 149.10236220472441 108.56692913385827 16.15748031496063 NASSAU-SIEGEN
189.35433070866142 149.10236220472441 70.2992125984252 16.15748031496063 (Othon,
240.66141732283464 149.10236220472441 64.06299212598425 16.15748031496063 prince
285.4488188976378 149.10236220472441 51.023622047244096 16.15748031496063 de),
317.4803149606299 149.10236220472441 70.2992125984252 16.15748031496063 célèbre
361.98425196850394 149.10236220472441 64.06299212598425 16.15748031496063 général,

101.48031496062993 164.1259842519685 59.52755905511811 13.88976377952756 fameux
143.1496062992126 164.1259842519685 41.669291338582674 13.88976377952756 par
166.96062992125985 164.1259842519685 41.669291338582674 13.88976377952756 ses
190.77165354330708 164.1259842519685 83.33858267716535 13.88976377952756 aventures,
256.53543307086613 164.1259842519685 35.71653543307087 13.88976377952756 n.
274.3937007874016 164.1259842519685 53.574803149606296 13.88976377952756 1745,
310.1102362204724 164.1259842519685 35.71653543307087 13.88976377952756 m.
322.01574803149606 164.1259842519685 41.669291338582674 13.88976377952756 1809.

112.81889763779527 182.26771653543307 28.346456692913385 12.472440944881889 P.
126.99212598425197 182.26771653543307 28.346456692913385 12.472440944881889 a.
141.16535433070865 182.26771653543307 33.16535433070866 12.472440944881889 s.;
160.15748031496062 182.26771653543307 47.05511811023622 12.472440944881889 Tinna,
193.03937007874015 182.26771653543307 28.346456692913385 12.472440944881889 15
207.21259842519686 182.26771653543307 37.7007874015748 12.472440944881889 août
230.74015748031496 182.26771653543307 42.51968503937008 12.472440944881889 1807,
259.0866141732283 182.26771653543307 23.52755905511811 12.472440944881889 2
268.7244094488189 182.26771653543307 28.346456692913385 12.472440944881889 p.
278.0787401574803 182.26771653543307 51.874015748031496 12.472440944881889 in

107.71653543307086 198.4251968503937 57.25984251968504 11.905511811023622 Curieuse
150.51968503937007 198.4251968503937 37.98425196850393 11.905511811023622 note
174.33070866141733 198.4251968503937 57.25984251968504 11.905511811023622 destinée
217.41732283464566 198.4251968503937 23.811023622047244 11.905511811023622 à
226.77165354330708 198.4251968503937 37.98425196850393 11.905511811023622 être
250.58267716535434 198.4251968503937 47.62204724409449 11.905511811023622 remise
284.0314960629921 198.4251968503937 23.811023622047244 11.905511811023622 à
293.6692913385827 198.4251968503937 66.61417322834646 11.905511811023622 Talleyrand
345.8267716535433 198.4251968503937 28.62992125984252 11.905511811023622 où
360.2834645669291 198.4251968503937 28.62992125984252 11.905511811023622 il
374.45669291338584 198.4251968503937 47.62204724409449 11.905511811023622 expose
403.0866141732283 198.4251968503937 23.811023622047244 11.905511811023622 ses

98.64566929133858 207.21259842519686 46.20472440944882 13.039370078740157 droits
130.96062992125985 207.21259842519686 32.31496062992126 13.039370078740157 sur
149.38582677165354 207.21259842519686 32.31496062992126 13.039370078740157 les
167.81102362204723 207.21259842519686 41.669291338582674 13.039370078740157 États
195.59055118110237 207.21259842519686 27.77952755905512 13.039370078740157 de
209.48031496062993 207.21259842519686 50.74015748031496 13.039370078740157 Siegen.
246.33070866141733 207.21259842519686 73.98425196850394 13.039370078740157 Intéressants
306.4251968503937 207.21259842519686 50.74015748031496 13.039370078740157 détails
343.5590551181102 207.21259842519686 32.31496062992126 13.039370078740157 sur
361.98425196850394 207.21259842519686 27.77952755905512 13.039370078740157 la
375.87401574803147 207.21259842519686 50.74015748031496 13.039370078740157 famille
408.18897637795277 207.21259842519686 18.4251968503937 13.039370078740157 de

93.8267716535433 220.53543307086613 43.08661417322835 7.3700787401574805 Nassau.

74.55118110236221 234.4251968503937 45.63779527559055 17.291338582677167 91.
100.62992125984252 234.4251968503937 71.71653543307086 17.291338582677167 ORLÉANS
152.78740157480314 234.4251968503937 156.4724409448819 17.291338582677167 (Élisabeth-Charlotte
289.98425196850394 234.4251968503937 39.118110236220474 17.291338582677167 de
309.54330708661416 234.4251968503937 78.23622047244095 17.291338582677167 Bavière,
361.7007874015748 234.4251968503937 65.19685039370079 17.291338582677167 duchesse

101.48031496062993 250.58267716535434 48.188976377952756 14.740157480314961 d’),
131.5275590551181 250.58267716535434 54.14173228346457 14.740157480314961 femme
167.5275590551181 250.58267716535434 36.0 14.740157480314961 de
185.66929133858267 250.58267716535434 72.0 14.740157480314961 Philippe
239.81102362204723 250.58267716535434 41.95275590551181 14.740157480314961 duc
263.62204724409446 250.58267716535434 84.18897637795276 14.740157480314961 d’Orléans,
329.9527559055118 250.58267716535434 48.188976377952756 14.740157480314961 mère
360.0 250.58267716535434 36.0 14.740157480314961 du
371.90551181102364 250.58267716535434 54.14173228346457 14.740157480314961 Régent.

101.76377952755905 264.755905511811 39.68503937007874 14.456692913385826 On
121.60629921259843 264.755905511811 33.16535433070866 14.456692913385826 a
134.64566929133858 264.755905511811 66.33070866141732 14.456692913385826 publié
181.13385826771653 264.755905511811 39.68503937007874 14.456692913385826 sa
200.9763779527559 264.755905511811 79.37007874015748 14.456692913385826 curieuse
260.503937007874 264.755905511811 125.85826771653544 14.456692913385826 correspondance,
366.5196850393701 264.755905511811 39.68503937007874 14.456692913385826 n.
379.84251968503935 264.755905511811 46.20472440944882 14.456692913385826 1652,

101.76377952755905 280.62992125984255 36.56692913385827 9.354330708661417 m.
113.95275590551181 280.62992125984255 42.803149606299215 9.354330708661417 1722.

112.81889763779527 297.3543307086614 30.330708661417322 12.755905511811024 L.
128.1259842519685 297.3543307086614 30.330708661417322 12.755905511811024 a.
143.1496062992126 297.3543307086614 30.330708661417322 12.755905511811024 s.
158.45669291338584 297.3543307086614 35.43307086614173 12.755905511811024 (au
178.58267716535434 297.3543307086614 35.43307086614173 12.755905511811024 duc
198.99212598425197 297.3543307086614 30.330708661417322 12.755905511811024 de
214.29921259842519 297.3543307086614 70.86614173228347 12.755905511811024 Vendôme?);
269.8582677165354 297.3543307086614 91.2755905511811 12.755905511811024 Fontainebleau,
345.8267716535433 297.3543307086614 25.228346456692915 12.755905511811024 7
356.0314960629921 297.3543307086614 55.84251968503937 12.755905511811024 octobre
391.46456692913387 297.3543307086614 35.43307086614173 12.755905511811024 1694,

102.89763779527559 308.9763779527559 19.559055118110237 12.472440944881889 1
110.83464566929133 308.9763779527559 23.244094488188978 12.472440944881889 p.
122.45669291338582 308.9763779527559 34.86614173228347 12.472440944881889 in-4.
145.70078740157481 308.9763779527559 50.45669291338583 12.472440944881889 (Coll.
180.56692913385828 308.9763779527559 58.39370078740158 12.472440944881889 Chambry.)

107.43307086614173 325.13385826771656 43.653543307086615 11.338582677165354 Jolie
136.3464566929134 325.13385826771656 48.47244094488189 11.338582677165354 lettre
170.36220472440945 325.13385826771656 29.19685039370079 11.338582677165354 où
184.8188976377953 325.13385826771656 38.83464566929134 11.338582677165354 elle
209.1968503937008 325.13385826771656 53.29133858267716 11.338582677165354 exprime
248.03149606299212 325.13385826771656 58.110236220472444 11.338582677165354 l’espoir
291.40157480314963 325.13385826771656 34.01574803149607 11.338582677165354 que
310.96062992125985 325.13385826771656 29.19685039370079 11.338582677165354 le
325.4173228346457 325.13385826771656 34.01574803149607 11.338582677165354 roi
344.6929133858268 325.13385826771656 77.38582677165354 11.338582677165354 récompensera
403.0866141732283 325.13385826771656 24.094488188976378 11.338582677165354 son

94.39370078740157 337.03937007874015 40.818897637795274 7.3700787401574805 mérite.

74.55118110236221 353.1968503937008 42.51968503937008 15.307086614173228 92.
98.64566929133858 353.1968503937008 54.70866141732284 15.307086614173228 PANGE
135.21259842519686 353.1968503937008 85.03937007874016 15.307086614173228 (François,
202.11023622047244 353.1968503937008 79.08661417322834 15.307086614173228 chevalier
263.0551181102362 353.1968503937008 48.75590551181102 15.307086614173228 de),
293.38582677165357 353.1968503937008 79.08661417322834 15.307086614173228 écrivain,
354.3307086614173 353.1968503937008 42.51968503937008 15.307086614173228 ami
372.4724409448819 353.1968503937008 54.70866141732284 15.307086614173228 d’André

102.61417322834646 367.93700787401576 71.71653543307086 12.755905511811024 Chénier,
156.4724409448819 367.93700787401576 35.71653543307087 12.755905511811024 n.
174.33070866141733 367.93700787401576 53.85826771653543 12.755905511811024 1764,
210.04724409448818 367.93700787401576 35.71653543307087 12.755905511811024 m.
221.95275590551182 367.93700787401576 41.95275590551181 12.755905511811024 1796.

113.10236220472441 385.79527559055117 31.46456692913386 12.755905511811024 L.
128.9763779527559 385.79527559055117 31.46456692913386 12.755905511811024 a.
144.8503937007874 385.79527559055117 31.46456692913386 12.755905511811024 s.
160.44094488188978 385.79527559055117 31.46456692913386 12.755905511811024 au
176.31496062992127 385.79527559055117 47.338582677165356 12.755905511811024 poète
207.7795275590551 385.79527559055117 57.826771653543304 12.755905511811024 LEBRUN;
249.73228346456693 385.79527559055117 78.80314960629921 12.755905511811024 Sarrelouis,
312.66141732283467 385.79527559055117 31.46456692913386 12.755905511811024 26
328.251968503937 385.79527559055117 36.8503937007874 12.755905511811024 mai
349.2283464566929 385.79527559055117 47.338582677165356 12.755905511811024 1783,
380.6929133858268 385.79527559055117 26.362204724409448 12.755905511811024 2
391.18110236220474 385.79527559055117 31.46456692913386 12.755905511811024 p.
401.6692913385827 385.79527559055117 26.362204724409448 12.755905511811024 1/2

104.31496062992126 398.26771653543307 29.19685039370079 9.070866141732283 in-4.
123.59055118110236 398.26771653543307 35.71653543307087 9.070866141732283 Très
146.5511811023622 398.26771653543307 35.71653543307087 9.070866141732283 rare.

109.13385826771653 413.5748031496063 42.23622047244095 11.622047244094489 Belle
137.48031496062993 413.5748031496063 46.77165354330709 11.622047244094489 lettre
170.07874015748033 413.5748031496063 28.062992125984252 11.622047244094489 où
184.251968503937 413.5748031496063 28.062992125984252 11.622047244094489 il
198.14173228346456 413.5748031496063 51.59055118110236 11.622047244094489 exprime
235.55905511811022 413.5748031496063 32.881889763779526 11.622047244094489 son
254.26771653543307 413.5748031496063 65.48031496062993 11.622047244094489 admiration
305.8582677165354 413.5748031496063 37.41732283464567 11.622047244094489 pour
329.1023622047244 413.5748031496063 28.062992125984252 11.622047244094489 le
343.2755905511811 413.5748031496063 46.77165354330709 11.622047244094489 talent
375.87401574803147 413.5748031496063 28.062992125984252 11.622047244094489 de
385.2283464566929 413.5748031496063 42.23622047244095 11.622047244094489 Lebrun.

98.64566929133858 423.7795275590551 30.330708661417322 11.622047244094489 II
113.95275590551181 423.7795275590551 45.63779527559055 11.622047244094489 parle
144.28346456692913 423.7795275590551 30.330708661417322 11.622047244094489 de
159.59055118110237 423.7795275590551 40.53543307086614 11.622047244094489 leur
184.8188976377953 423.7795275590551 35.43307086614173 11.622047244094489 ami
205.22834645669292 423.7795275590551 50.74015748031496 11.622047244094489 commun
240.66141732283464 423.7795275590551 50.74015748031496 11.622047244094489 (André
276.09448818897636 423.7795275590551 65.76377952755905 11.622047244094489 Chénier?)
326.8346456692913 423.7795275590551 30.330708661417322 11.622047244094489 et
341.8582677165354 423.7795275590551 30.330708661417322 11.622047244094489 se
357.1653543307087 423.7795275590551 50.74015748031496 11.622047244094489 plaint
387.496062992126 423.7795275590551 40.53543307086614 11.622047244094489 d'être

99.21259842519684 434.5511811023622 41.669291338582674 11.05511811023622 exilé
126.99212598425197 434.5511811023622 37.13385826771653 11.05511811023622 dans
149.95275590551182 434.5511811023622 27.77952755905512 11.05511811023622 la
163.84251968503938 434.5511811023622 55.55905511811024 11.05511811023622 garnison
205.51181102362204 434.5511811023622 27.77952755905512 11.05511811023622 de
214.86614173228347 434.5511811023622 60.09448818897638 11.05511811023622 Sarrelouis.

74.83464566929133 451.5590551181102 48.47244094488189 15.590551181102363 93.
102.33070866141732 451.5590551181102 89.85826771653544 15.590551181102363 PARTHENAY
171.49606299212599 451.5590551181102 96.66141732283465 15.590551181102363 (Catherine
247.46456692913387 451.5590551181102 55.275590551181104 15.590551181102363 de),
282.0472440944882 451.5590551181102 96.66141732283465 15.590551181102363 vicomtesse
358.01574803149606 451.5590551181102 41.38582677165354 15.590551181102363 de
371.90551181102364 451.5590551181102 55.275590551181104 15.590551181102363 Rohan,

102.61417322834646 465.4488188976378 68.5984251968504 14.740157480314961 illustre
153.92125984251967 465.4488188976378 85.60629921259843 14.740157480314961 calviniste,
222.51968503937007 465.4488188976378 45.63779527559055 14.740157480314961 dont
251.1496062992126 465.4488188976378 79.93700787401575 14.740157480314961 l’héroïsme
314.0787401574803 465.4488188976378 62.92913385826772 14.740157480314961 pendant
359.7165354330709 465.4488188976378 34.2992125984252 14.740157480314961 le
377.00787401574803 465.4488188976378 51.30708661417323 14.740157480314961 siège
405.3543307086614 465.4488188976378 22.96062992125984 14.740157480314961 de

102.89763779527559 479.33858267716533 35.71653543307087 15.023622047244094 La
120.75590551181102 479.33858267716533 71.43307086614173 15.023622047244094 Rochelle
174.33070866141733 479.33858267716533 41.669291338582674 15.023622047244094 est
198.4251968503937 479.33858267716533 77.66929133858268 15.023622047244094 justement
257.9527559055118 479.33858267716533 65.48031496062993 15.023622047244094 fameux,
305.5748031496063 479.33858267716533 35.71653543307087 15.023622047244094 n.
323.43307086614175 479.33858267716533 53.574803149606296 15.023622047244094 1554,
359.43307086614175 479.33858267716533 35.71653543307087 15.023622047244094 m.
371.33858267716533 479.33858267716533 41.669291338582674 15.023622047244094 1631.

113.95275590551181 498.0472440944882 30.89763779527559 12.188976377952756 L.
129.25984251968504 498.0472440944882 30.89763779527559 12.188976377952756 a.
144.8503937007874 498.0472440944882 30.89763779527559 12.188976377952756 s.
160.15748031496062 498.0472440944882 30.89763779527559 12.188976377952756 au
175.748031496063 498.0472440944882 61.79527559055118 12.188976377952756 CARDINAL
221.95275590551182 498.0472440944882 30.89763779527559 12.188976377952756 DE
237.25984251968504 498.0472440944882 72.0 12.188976377952756 RICHELIEU;
293.9527559055118 498.0472440944882 30.89763779527559 12.188976377952756 Le
309.54330708661416 498.0472440944882 46.20472440944882 12.188976377952756 Parc,
340.15748031496065 498.0472440944882 30.89763779527559 12.188976377952756 21
355.748031496063 498.0472440944882 56.69291338582677 12.188976377952756 février
391.748031496063 498.0472440944882 36.0 12.188976377952756 1625,

103.74803149606299 511.0866141732283 21.543307086614174 11.338582677165354 1
112.25196850393701 511.0866141732283 25.79527559055118 11.338582677165354 p.
121.03937007874016 511.0866141732283 47.338582677165356 11.338582677165354 in

108.85039370078741 525.8267716535433 51.59055118110236 10.771653543307087 SUPERBE
146.5511811023622 525.8267716535433 47.05511811023622 10.771653543307087 LETTRE
179.43307086614172 525.8267716535433 28.062992125984252 10.771653543307087 où
193.3228346456693 525.8267716535433 37.41732283464567 10.771653543307087 elle
216.8503937007874 525.8267716535433 32.881889763779526 10.771653543307087 lui
235.55905511811022 525.8267716535433 51.59055118110236 10.771653543307087 demande
273.25984251968504 525.8267716535433 75.11811023622047 10.771653543307087 d’intercéder
334.20472440944883 525.8267716535433 28.062992125984252 10.771653543307087 en
348.37795275590554 525.8267716535433 28.062992125984252 10.771653543307087 sa
362.26771653543307 525.8267716535433 47.05511811023622 10.771653543307087 faveur
390.61417322834643 525.8267716535433 37.41732283464567 10.771653543307087 auprès

98.64566929133858 536.0314960629921 29.480314960629922 11.905511811023622 du
113.38582677165354 536.0314960629921 34.2992125984252 11.905511811023622 roi
132.9448818897638 536.0314960629921 39.40157480314961 11.905511811023622 pour
157.60629921259843 536.0314960629921 34.2992125984252 11.905511811023622 que
177.16535433070865 536.0314960629921 34.2992125984252 11.905511811023622 les
197.00787401574803 536.0314960629921 54.14173228346457 11.905511811023622 revenus
236.1259842519685 536.0314960629921 29.480314960629922 11.905511811023622 de
250.86614173228347 536.0314960629921 29.480314960629922 11.905511811023622 sa
265.8897637795276 536.0314960629921 49.039370078740156 11.905511811023622 maison
300.18897637795277 536.0314960629921 29.480314960629922 11.905511811023622 de
314.92913385826773 536.0314960629921 58.960629921259844 11.905511811023622 Josselin
359.1496062992126 536.0314960629921 29.480314960629922 11.905511811023622 ne
373.8897637795276 536.0314960629921 49.039370078740156 11.905511811023622 soient
403.37007874015745 536.0314960629921 24.661417322834644 11.905511811023622 pas

98.64566929133858 545.9527559055118 61.79527559055118 11.905511811023622 affectés
144.8503937007874 545.9527559055118 30.89763779527559 11.905511811023622 au
160.44094488188978 545.9527559055118 61.79527559055118 11.905511811023622 paiement
206.64566929133858 545.9527559055118 36.0 11.905511811023622 des
227.33858267716536 545.9527559055118 41.10236220472441 11.905511811023622 gens
253.13385826771653 545.9527559055118 56.69291338582677 11.905511811023622 d’armes
294.23622047244095 545.9527559055118 36.0 11.905511811023622 que
314.92913385826773 545.9527559055118 30.89763779527559 11.905511811023622 le
330.5196850393701 545.9527559055118 36.0 11.905511811023622 duc
350.92913385826773 545.9527559055118 30.89763779527559 11.905511811023622 de
366.5196850393701 545.9527559055118 56.69291338582677 11.905511811023622 Vendôme
407.62204724409446 545.9527559055118 25.79527559055118 11.905511811023622 y
412.7244094488189 545.9527559055118 15.590551181102363 11.905511811023622 a

99.21259842519684 556.1574803149606 34.86614173228347 11.905511811023622 mis
119.33858267716535 556.1574803149606 29.763779527559056 11.905511811023622 en
134.07874015748033 556.1574803149606 59.811023622047244 11.905511811023622 garnison
178.86614173228347 556.1574803149606 39.68503937007874 11.905511811023622 «veu
203.81102362204723 556.1574803149606 34.86614173228347 11.905511811023622 que
223.6535433070866 556.1574803149606 29.763779527559056 11.905511811023622 le
238.6771653543307 556.1574803149606 34.86614173228347 11.905511811023622 Roy
258.5196850393701 556.1574803149606 59.811023622047244 11.905511811023622 n’entend
303.3070866141732 556.1574803149606 44.78740157480315 11.905511811023622 point
333.07086614173227 556.1574803149606 34.86614173228347 11.905511811023622 que
353.1968503937008 556.1574803149606 39.68503937007874 11.905511811023622 ceux
377.8582677165354 556.1574803149606 34.86614173228347 11.905511811023622 qui
397.98425196850394 556.1574803149606 29.763779527559056 11.905511811023622 ne
407.90551181102364 556.1574803149606 19.84251968503937 11.905511811023622 se

98.36220472440945 566.0787401574803 54.99212598425197 11.905511811023622 meslent
138.33070866141733 566.0787401574803 34.86614173228347 11.905511811023622 que
158.45669291338584 566.0787401574803 30.04724409448819 11.905511811023622 de
173.48031496062993 566.0787401574803 45.07086614173228 11.905511811023622 prier
203.24409448818898 566.0787401574803 39.968503937007874 11.905511811023622 Dieu
228.18897637795277 566.0787401574803 39.968503937007874 11.905511811023622 pour
253.13385826771653 566.0787401574803 30.04724409448819 11.905511811023622 la
268.15748031496065 566.0787401574803 70.01574803149606 11.905511811023622 prospérité
323.1496062992126 566.0787401574803 30.04724409448819 11.905511811023622 de
338.1732283464567 566.0787401574803 30.04724409448819 11.905511811023622 Sa
353.1968503937008 566.0787401574803 54.99212598425197 11.905511811023622 Majesté
388.06299212598424 566.0787401574803 39.968503937007874 11.905511811023622 soyent

99.49606299212599 576.5669291338583 58.39370078740158 11.05511811023622 molestez
143.1496062992126 576.5669291338583 29.19685039370079 11.05511811023622 en
157.88976377952756 576.5669291338583 43.93700787401575 11.05511811023622 leurs
187.08661417322836 576.5669291338583 43.93700787401575 11.05511811023622 biens
216.28346456692913 576.5669291338583 34.01574803149607 11.05511811023622 non
235.84251968503938 576.5669291338583 38.83464566929134 11.05511811023622 plus
260.2204724409449 576.5669291338583 43.93700787401575 11.05511811023622 qu’en
289.4173228346457 576.5669291338583 43.93700787401575 11.05511811023622 leurs
313.79527559055117 576.5669291338583 63.21259842519685 11.05511811023622 personnes».

75.96850393700787 593.8582677165355 43.37007874015748 16.15748031496063 94.
100.62992125984252 593.8582677165355 61.79527559055118 16.15748031496063 PATKUL
144.0 593.8582677165355 111.4015748031496 16.15748031496063 (Jean-Reinhold
236.9763779527559 593.8582677165355 49.60629921259842 16.15748031496063 de),
267.87401574803147 593.8582677165355 55.55905511811024 16.15748031496063 noble
305.00787401574803 593.8582677165355 80.50393700787401 16.15748031496063 livonien,
366.8031496062992 593.8582677165355 43.37007874015748 16.15748031496063 qui
385.2283464566929 593.8582677165355 43.37007874015748 16.15748031496063 tenta

102.04724409448819 607.7480314960629 37.7007874015748 15.590551181102363 de
120.75590551181102 607.7480314960629 75.4015748031496 15.590551181102363 délivrer
177.4488188976378 607.7480314960629 43.93700787401575 15.590551181102363 son
202.39370078740157 607.7480314960629 50.173228346456696 15.590551181102363 pays
233.85826771653544 607.7480314960629 37.7007874015748 15.590551181102363 du
252.8503937007874 607.7480314960629 50.173228346456696 15.590551181102363 joug
284.0314960629921 607.7480314960629 37.7007874015748 15.590551181102363 de
303.0236220472441 607.7480314960629 37.7007874015748 15.590551181102363 la
321.73228346456693 607.7480314960629 62.92913385826772 15.590551181102363 Suède,
365.6692913385827 607.7480314960629 56.40944881889764 15.590551181102363 livré
397.13385826771656 607.7480314960629 31.46456692913386 15.590551181102363 par

102.04724409448819 621.6377952755905 66.33070866141732 15.307086614173228 Auguste
150.23622047244095 621.6377952755905 42.23622047244095 15.307086614173228 II,
174.33070866141733 621.6377952755905 42.23622047244095 15.307086614173228 roi
198.4251968503937 621.6377952755905 36.28346456692913 15.307086614173228 de
216.56692913385828 621.6377952755905 72.28346456692914 15.307086614173228 Pologne,
270.99212598425197 621.6377952755905 30.04724409448819 15.307086614173228 à
282.8976377952756 621.6377952755905 66.33070866141732 15.307086614173228 Charles
331.0866141732283 621.6377952755905 48.188976377952756 15.307086614173228 XII,
361.4173228346457 621.6377952755905 42.23622047244095 15.307086614173228 qui
385.51181102362204 621.6377952755905 36.28346456692913 15.307086614173228 le
397.7007874015748 621.6377952755905 30.04724409448819 15.307086614173228 fit

102.89763779527559 637.511811023622 73.98425196850394 10.488188976377952 écarteler
159.8740157480315 637.511811023622 34.2992125984252 10.488188976377952 en
171.21259842519686 637.511811023622 39.968503937007874 10.488188976377952 1707.

114.23622047244095 654.2362204724409 28.913385826771652 12.755905511811024 L.
128.69291338582678 654.2362204724409 33.732283464566926 12.755905511811024 s.,
147.96850393700788 654.2362204724409 28.913385826771652 12.755905511811024 en
162.4251968503937 654.2362204724409 62.645669291338585 12.755905511811024 allemand;
210.61417322834646 654.2362204724409 53.00787401574803 12.755905511811024 Dresde,
249.16535433070865 654.2362204724409 33.732283464566926 12.755905511811024 1er
268.4409448818898 654.2362204724409 38.55118110236221 12.755905511811024 juin
292.81889763779526 654.2362204724409 43.37007874015748 12.755905511811024 1705,
321.73228346456693 654.2362204724409 24.094488188976378 12.755905511811024 1
331.37007874015745 654.2362204724409 28.913385826771652 12.755905511811024 p.
345.8267716535433 654.2362204724409 62.645669291338585 12.755905511811024 in-folio,
389.1968503937008 654.2362204724409 38.55118110236221 12.755905511811024 cachet

104.5984251968504 667.2755905511812 30.614173228346456 9.354330708661417 bien
123.59055118110236 667.2755905511812 49.60629921259842 9.354330708661417 conservé.
161.85826771653544 667.2755905511812 41.95275590551181 9.354330708661417 Très
188.50393700787401 667.2755905511812 41.95275590551181 9.354330708661417 rare.
