2017 3004
649 407 631 74 LETTRES
1050 407 746 74 AUTOGRAPHES

810 522 203 57 ET
912 522 439 57 DOCUMENTS
1216 522 439 57 HISTORIQUES

733 676 231 45 MAISON
894 676 231 45 FONDÉE
1056 676 138 45 EN
1125 676 185 45 1830
1241 676 162 45 PAR
1333 676 138 45 J.
1402 676 277 45 CHARAVAY
1587 676 138 45 AINÉ

1117 760 98 34 et
1166 760 180 34 dirigée
1280 760 82 34 par

834 829 309 46 ÉTIENNE
1059 829 337 46 CHARAVAY
1312 829 225 46 FILS
1452 829 169 46 ET
1509 829 112 46 SR

763 895 287 38 ARCHIVISTE
988 895 327 38 PALÉOGRAPHE,
1254 895 205 38 EXPERT
1397 895 123 38 EN
1438 895 266 38 AUTOGRAPHES

880 968 113 55 A
925 968 225 55 Paris,
1082 968 158 55 rue
1172 968 135 55 de
1240 968 360 55 Furstenberg,
1510 968 68 55 3

640 1110 150 49 Achat
740 1110 100 49 de
790 1110 250 49 Collections
990 1110 283 49 d’autographes
1223 1110 100 49 au
1273 1110 216 49 comptant;
1440 1110 216 49 échanges;
1590 1110 216 49 commissions

780 1152 156 45 ventes
890 1152 203 45 publiques
1046 1152 94 45 et
1093 1152 78 45 à
1125 1152 219 45 l’amiable;
1297 1152 203 45 rédaction
1453 1152 94 45 de
1485 1152 203 45 catalogues;

702 1193 153 44 copies
809 1193 214 44 certifiées
976 1193 92 44 de
1022 1193 183 44 chartes,
1160 1193 198 44 documents
1312 1193 92 44 et
1358 1193 244 44 autographes;
1541 1193 214 44 vérification

933 1233 87 39 de
977 1233 146 39 pièces
1079 1233 87 39 et
1123 1233 218 39 certificats
1283 1233 247 39 d’authenticité.

681 1360 97 59 M.
729 1360 177 59 Étienne
858 1360 193 59 Charavay
1003 1360 161 59 achète
1115 1360 145 59 <i>au
1212 1360 257 59 comptant</i>
1421 1360 113 59 les
1485 1360 241 59 autographes
1662 1360 145 59 anciens

634 1405 104 59 et
686 1405 224 59 modernes,
858 1405 121 59 les
927 1405 259 59 manuscrits,
1134 1405 121 59 les
1203 1405 207 59 chartes,
1358 1405 121 59 les
1427 1405 224 59 documents
1583 1405 224 59 historiques

633 1449 100 31 de
683 1449 150 31 toute
766 1449 150 31 nature.

676 1498 106 54 Il
729 1498 194 54 possède
870 1498 141 54 dans
959 1498 123 54 son
1029 1498 194 54 cabinet
1170 1498 123 54 une
1241 1498 247 54 collection
1435 1498 141 54 très
1523 1498 282 54 considérable
1734 1498 71 54 de

630 1538 193 54 lettres
771 1538 263 54 autographes
981 1538 105 54 de
1034 1538 245 54 célébrités
1227 1538 245 54 françaises
1419 1538 105 54 et
1472 1538 245 54 étrangères
1665 1538 105 54 en
1700 1538 105 54 tout

631 1578 170 47 genre,
750 1578 204 47 classées
903 1578 153 47 comme
1005 1578 102 47 il
1039 1578 119 47 suit:

672 1632 143 56 Rois
762 1632 108 56 et
815 1632 179 56 reines
941 1632 108 56 de
995 1632 197 56 France;
1138 1632 90 56 —
1174 1632 251 56 souverains
1371 1632 251 56 étrangers;
1568 1632 90 56 —
1586 1632 215 56 écrivains;

626 1664 95 60 —
664 1664 228 60 Académie
835 1664 266 60 française;
1044 1664 95 60 —
1082 1664 228 60 clergé;.
1252 1664 95 60 —
1290 1664 190 60 hommes
1423 1664 209 60 d’État;
1575 1664 95 60 —
1594 1664 209 60 maréchaux

626 1712 112 54 de
682 1712 205 54 France;
832 1712 93 54 —
869 1712 224 54 savants;
1037 1712 93 54 —
1074 1712 224 54 peintres
1242 1712 93 54 ;
1279 1712 93 54 —
1317 1712 280 54 sculpteurs;
1541 1712 93 54 —
1578 1712 243 54 graveurs;
1746 1712 56 54 —

626 1752 294 52 architectes;
864 1752 92 52 —
901 1752 294 52 compositeurs
1139 1752 110 52 de
1194 1752 220 52 musique;
1360 1752 92 52 —
1396 1752 220 52 acteurs;
1561 1752 92 52 —
1580 1752 220 52 révolution

625 1792 261 52 française;
831 1792 93 52 —
868 1792 243 52 documents
1055 1792 299 52 historiques;
1298 1792 93 52 —
1335 1792 224 52 chartes;
1503 1792 93 52 —
1541 1792 243 52 documents
1709 1792 93 52 sur

626 1831 119 50 les
694 1831 222 50 provinces
865 1831 102 50 de
916 1831 170 50 France
1035 1831 102 50 et
1086 1831 119 50 les
1154 1831 204 50 familles
1308 1831 187 50 nobles,
1427 1831 102 50 etc.

668 1878 169 60 Chaque
786 1878 152 60 mois,
888 1878 101 60 M.
939 1878 186 60 Étienne
1074 1878 203 60 Charavay
1226 1878 169 60 publie
1344 1878 101 60 un
1395 1878 254 60 <i>Bulletin
1581 1878 220 60 d’auto

626 1925 219 57 <i>graphes
798 1925 78 57 à
830 1925 125 57 prix
908 1925 250 57 marqués</i>,
1111 1925 109 57 qui
1174 1925 109 57 est
1236 1925 156 57 envoyé
1346 1925 250 57 gratuitement
1549 1925 78 57 à
1580 1925 125 57 tous
1658 1925 125 57 ceux
1721 1925 78 57 qui

625 1965 103 51 en
676 1965 137 51 font
762 1965 103 51 la
813 1965 205 51 demande.
967 1965 103 51 Ce
1018 1965 205 51 bulletin
1172 1965 171 51 paraît
1292 1965 171 51 depuis
1394 1965 120 51 1846.

670 2018 306 49 L’authenticité
925 2018 119 49 des
993 2018 255 49 autographes
1198 2018 119 49 est
1249 2018 187 49 garantie.

666 2066 111 62 M.
722 2066 204 62 Étienne
870 2066 222 62 Charavay
1037 2066 204 62 procède
1185 2066 241 62 également
1371 2066 130 62 par
1445 2066 148 62 voie
1538 2066 259 62 d’échange.
1723 2066 74 62 Il

623 2111 140 53 prie
711 2111 123 53 MM.
781 2111 123 53 les
851 2111 210 53 Amateurs
1009 2111 105 53 de
1061 2111 123 53 lui
1131 2111 263 53 transmettre
1342 2111 105 53 la
1394 2111 158 53 liste
1499 2111 105 53 de
1552 2111 158 53 leurs
1639 2111 158 53 doubles

624 2150 95 55 et
672 2150 142 55 celle
766 2150 95 55 de
814 2150 142 55 leurs
909 2150 237 55 desiderata:
1098 2150 95 55 il
1146 2150 221 55 s’occupera
1320 2150 190 55 aussitôt
1462 2150 95 55 de
1509 2150 111 55 les
1557 2150 205 55 satisfaire.

664 2204 110 56 Il
719 2204 219 56 prévient
883 2204 128 56 MM.
956 2204 128 56 les
1029 2204 219 56 Amateurs
1193 2204 164 56 qu’il
1303 2204 128 56 met
1376 2204 91 56 à
1412 2204 146 56 leur
1504 2204 274 56 disposition
1705 2204 91 56 des

624 2243 231 56 <i>Cartons
805 2243 280 56 d’autographes
1036 2243 82 56 à
1069 2243 132 56 prix
1151 2243 181 56 marqués
1283 2243 99 56 de
1332 2243 99 56 50
1382 2243 198 56 centimes
1530 2243 82 56 à
1563 2243 82 56 3
1580 2243 214 56 francs</i>,

621 2284 134 57 dans
705 2284 201 57 lesquels
855 2284 117 57 ils
922 2284 201 57 pourront
1073 2284 151 57 venir
1173 2284 151 57 faire
1274 2284 117 57 des
1340 2284 234 57 recherches
1524 2284 134 57 tous
1608 2284 117 57 les
1658 2284 134 57 jours,

620 2322 167 56 <i>rue
737 2322 100 56 de
788 2322 268 56 Furstenberg,
1005 2322 167 56 3,</i>
1122 2322 100 56 de
1173 2322 134 56 neuf
1256 2322 167 56 heures
1374 2322 100 56 du
1424 2322 151 56 matin
1524 2322 84 56 à
1558 2322 117 56 six
1625 2322 167 56 heures
1725 2322 67 56 du

606 2363 108 30 soir.

808 2450 138 38 Paris.
905 2450 69 38 —
932 2450 193 38 Imprimerie
1084 2450 83 38 L.
1125 2450 193 38 MARETHEUX,
1277 2450 83 38 1,
1318 2450 96 38 rue
1373 2450 179 38 Cassette.
1511 2450 69 38 —
1525 2450 96 38 7776.
