518.4566929133858 856.3464566929134
274.1102362204724 121.03937007874016 34.01574803149607 6.519685039370079 —
287.7165354330709 121.03937007874016 40.818897637795274 6.519685039370079 12
301.3228346456693 121.03937007874016 20.409448818897637 6.519685039370079 —

124.7244094488189 141.73228346456693 43.08661417322835 14.173228346456693 63.
149.38582677165354 141.73228346456693 79.93700787401575 14.173228346456693 JOUKOVSKY
210.89763779527559 141.73228346456693 79.93700787401575 14.173228346456693 (Basile),
272.40944881889766 141.73228346456693 36.8503937007874 14.173228346456693 le
290.8346456692913 141.73228346456693 67.46456692913385 14.173228346456693 célèbre
339.87401574803147 141.73228346456693 55.275590551181104 14.173228346456693 poète
376.7244094488189 141.73228346456693 61.511811023622045 14.173228346456693 russe,
419.81102362204723 141.73228346456693 36.8503937007874 14.173228346456693 n.
432.0 141.73228346456693 43.08661417322835 14.173228346456693 1783,

152.78740157480314 156.75590551181102 37.13385826771653 9.354330708661417 m.
165.25984251968504 156.75590551181102 43.08661417322835 9.354330708661417 1852.

165.25984251968504 174.61417322834646 26.078740157480315 11.338582677165354 L.
178.29921259842519 174.61417322834646 26.078740157480315 11.338582677165354 a.
191.0551181102362 174.61417322834646 30.330708661417322 11.338582677165354 s.,
208.62992125984252 174.61417322834646 47.62204724409449 11.338582677165354 Munich,
243.21259842519686 174.61417322834646 21.543307086614174 11.338582677165354 6
251.71653543307087 174.61417322834646 47.62204724409449 11.338582677165354 octobre
286.5826771653543 174.61417322834646 39.118110236220474 11.338582677165354 1838,
312.37795275590554 174.61417322834646 21.543307086614174 11.338582677165354 1
321.1653543307087 174.61417322834646 26.078740157480315 11.338582677165354 p.
334.20472440944883 174.61417322834646 39.118110236220474 11.338582677165354 in-4.
355.748031496063 174.61417322834646 60.661417322834644 11.338582677165354 Rare.

159.59055118110237 191.33858267716536 44.503937007874015 9.921259842519685 Belle
189.0708661417323 191.33858267716536 49.60629921259842 9.921259842519685 lettre
223.93700787401573 191.33858267716536 59.52755905511811 9.921259842519685 relative
268.4409448818898 191.33858267716536 34.58267716535433 9.921259842519685 aux
288.2834645669291 191.33858267716536 64.34645669291339 9.921259842519685 paiements
337.8897637795276 191.33858267716536 29.763779527559056 9.921259842519685 de
352.9133858267717 191.33858267716536 54.425196850393704 9.921259842519685 travaux
392.59842519685037 191.33858267716536 59.52755905511811 9.921259842519685 exécutés
437.1023622047244 191.33858267716536 34.58267716535433 9.921259842519685 par
452.12598425196853 191.33858267716536 24.661417322834644 9.921259842519685 des

150.23622047244095 201.54330708661416 55.55905511811024 10.204724409448819 peintres
191.6220472440945 201.54330708661416 27.77952755905512 10.204724409448819 de
200.9763779527559 201.54330708661416 60.09448818897638 10.204724409448819 Düsseldorf.

124.44094488188976 219.11811023622047 45.63779527559055 14.173228346456693 64.
150.51968503937007 219.11811023622047 78.23622047244095 14.173228346456693 KAMENSKY
209.1968503937008 219.11811023622047 78.23622047244095 14.173228346456693 (Michel,
267.59055118110234 219.11811023622047 71.71653543307086 14.173228346456693 comte),
319.748031496063 219.11811023622047 71.71653543307086 14.173228346456693 célèbre
371.90551181102364 219.11811023622047 78.23622047244095 14.173228346456693 maréchal
423.7795275590551 219.11811023622047 52.15748031496063 14.173228346456693 russe,

153.0708661417323 233.29133858267716 41.669291338582674 13.88976377952756 qui
176.88188976377953 233.29133858267716 35.71653543307087 13.88976377952756 se
194.74015748031496 233.29133858267716 77.66929133858268 13.88976377952756 distingua
254.5511811023622 233.29133858267716 47.62204724409449 13.88976377952756 dans
284.31496062992125 233.29133858267716 35.71653543307087 13.88976377952756 la
302.1732283464567 233.29133858267716 59.811023622047244 13.88976377952756 guerre
344.12598425196853 233.29133858267716 35.71653543307087 13.88976377952756 de
361.98425196850394 233.29133858267716 47.62204724409449 13.88976377952756 Sept
391.748031496063 233.29133858267716 47.62204724409449 13.88976377952756 Ans,
421.51181102362204 233.29133858267716 35.71653543307087 13.88976377952756 n.
433.7007874015748 233.29133858267716 41.669291338582674 13.88976377952756 1738,

153.0708661417323 247.748031496063 74.83464566929133 9.921259842519685 assassiné
210.61417322834646 247.748031496063 34.58267716535433 9.921259842519685 en
221.95275590551182 247.748031496063 40.25196850393701 9.921259842519685 1809.

164.40944881889763 266.1732283464567 28.62992125984252 11.338582677165354 L.
178.86614173228347 266.1732283464567 28.62992125984252 11.338582677165354 a.
193.3228346456693 266.1732283464567 33.44881889763779 11.338582677165354 s.,
212.31496062992127 266.1732283464567 28.62992125984252 11.338582677165354 en
226.77165354330708 266.1732283464567 57.54330708661417 11.338582677165354 français
269.8582677165354 266.1732283464567 28.62992125984252 11.338582677165354 (à
284.31496062992125 266.1732283464567 52.724409448818896 11.338582677165354 Euler);
322.5826771653543 266.1732283464567 52.724409448818896 11.338582677165354 Moscou,
360.8503937007874 266.1732283464567 24.094488188976378 11.338582677165354 8
370.48818897637796 266.1732283464567 38.267716535433074 11.338582677165354 juin
394.5826771653543 266.1732283464567 43.08661417322835 11.338582677165354 1794,
423.21259842519686 266.1732283464567 24.094488188976378 11.338582677165354 3
432.8503937007874 266.1732283464567 28.62992125984252 11.338582677165354 p.
442.48818897637796 266.1732283464567 33.44881889763779 11.338582677165354 in

160.44094488188978 282.61417322834643 53.574803149606296 9.921259842519685 Curieuse
200.69291338582678 282.61417322834643 44.503937007874015 9.921259842519685 lettre
231.8740157480315 282.61417322834643 53.574803149606296 9.921259842519685 relative
271.84251968503935 282.61417322834643 22.393700787401574 9.921259842519685 à
280.9133858267717 282.61417322834643 66.89763779527559 9.921259842519685 l’éducation
334.48818897637796 282.61417322834643 26.64566929133858 9.921259842519685 de
347.81102362204723 282.61417322834643 31.181102362204726 9.921259842519685 son
365.6692913385827 282.61417322834643 40.25196850393701 9.921259842519685 fils.
392.31496062992125 282.61417322834643 26.64566929133858 9.921259842519685 Il
405.6377952755906 282.61417322834643 26.64566929133858 9.921259842519685 se
419.244094488189 282.61417322834643 44.503937007874015 9.921259842519685 plaint
450.4251968503937 282.61417322834643 26.64566929133858 9.921259842519685 de
459.21259842519686 282.61417322834643 17.858267716535433 9.921259842519685 sa

149.66929133858267 292.81889763779526 62.36220472440945 10.771653543307087 mauvaise
196.44094488188978 292.81889763779526 62.36220472440945 10.771653543307087 écriture
243.21259842519686 292.81889763779526 31.181102362204726 10.771653543307087 et
258.8031496062992 292.81889763779526 46.77165354330709 10.771653543307087 donne
289.98425196850394 292.81889763779526 26.078740157480315 10.771653543307087 à
300.18897637795277 292.81889763779526 36.28346456692913 10.771653543307087 son
321.1653543307087 292.81889763779526 72.85039370078741 10.771653543307087 précepteur
378.4251968503937 292.81889763779526 51.874015748031496 10.771653543307087 divers
414.70866141732284 292.81889763779526 51.874015748031496 10.771653543307087 moyens
445.8897637795276 292.81889763779526 31.181102362204726 10.771653543307087 pour

149.95275590551182 303.0236220472441 61.511811023622045 10.488188976377952 l’engager
197.29133858267716 303.0236220472441 23.52755905511811 10.488188976377952 à
206.9291338582677 303.0236220472441 42.51968503937008 10.488188976377952 mieux
235.2755905511811 303.0236220472441 47.338582677165356 10.488188976377952 former
268.4409448818898 303.0236220472441 33.16535433070866 10.488188976377952 ses
287.1496062992126 303.0236220472441 56.69291338582677 10.488188976377952 lettres.
329.9527559055118 303.0236220472441 33.16535433070866 10.488188976377952 Ces
348.66141732283467 303.0236220472441 47.338582677165356 10.488188976377952 moyens
381.8267716535433 303.0236220472441 42.51968503937008 10.488188976377952 sont:
410.1732283464567 303.0236220472441 28.346456692913385 10.488188976377952 le
424.34645669291336 303.0236220472441 52.15748031496063 10.488188976377952 dessin,
457.51181102362204 303.0236220472441 18.992125984251967 10.488188976377952 la

149.66929133858267 313.2283464566929 58.39370078740158 10.204724409448819 privation
194.74015748031496 313.2283464566929 31.46456692913386 10.204724409448819 des
212.5984251968504 313.2283464566929 58.39370078740158 10.204724409448819 exercices
257.6692913385827 313.2283464566929 22.393700787401574 10.204724409448819 à
266.74015748031496 313.2283464566929 49.60629921259842 10.204724409448819 cheval,
298.20472440944883 313.2283464566929 26.929133858267715 10.204724409448819 etc.

125.29133858267717 332.2204724409449 41.669291338582674 14.173228346456693 65.
149.10236220472441 332.2204724409449 59.52755905511811 14.173228346456693 KELLER
190.77165354330708 332.2204724409449 95.24409448818898 14.173228346456693 (Balthazar),
268.15748031496065 332.2204724409449 65.48031496062993 14.173228346456693 célèbre
316.06299212598424 332.2204724409449 65.48031496062993 14.173228346456693 fondeur
363.68503937007875 332.2204724409449 35.71653543307087 14.173228346456693 et
381.54330708661416 332.2204724409449 77.38582677165354 14.173228346456693 ciseleur,
441.07086614173227 332.2204724409449 41.669291338582674 14.173228346456693 qui
458.92913385826773 332.2204724409449 17.858267716535433 14.173228346456693 a

153.35433070866142 346.3937007874016 56.69291338582677 14.173228346456693 dirigé
193.03937007874015 346.3937007874016 34.01574803149607 14.173228346456693 la
210.04724409448818 346.3937007874016 51.023622047244096 14.173228346456693 fonte
244.06299212598427 346.3937007874016 34.01574803149607 14.173228346456693 de
261.07086614173227 346.3937007874016 34.01574803149607 14.173228346456693 la
278.0787401574803 346.3937007874016 62.36220472440945 14.173228346456693 plupart
323.43307086614175 346.3937007874016 39.68503937007874 14.173228346456693 des
346.1102362204724 346.3937007874016 62.36220472440945 14.173228346456693 statues
391.46456692913387 346.3937007874016 73.7007874015748 14.173228346456693 exécutées
442.48818897637796 346.3937007874016 34.01574803149607 14.173228346456693 pour

152.78740157480314 360.0 115.65354330708661 11.05511811023622 l’embellissement
250.86614173228347 360.0 34.58267716535433 11.05511811023622 de
268.15748031496065 360.0 51.874015748031496 11.05511811023622 Paris
303.0236220472441 360.0 34.58267716535433 11.05511811023622 et
320.31496062992125 360.0 34.58267716535433 11.05511811023622 de
337.6062992125984 360.0 80.78740157480316 11.05511811023622 Versailles
401.1023622047244 360.0 46.20472440944882 11.05511811023622 dans
430.01574803149606 360.0 34.58267716535433 11.05511811023622 le
441.6377952755906 360.0 34.58267716535433 11.05511811023622 der-

153.35433070866142 374.1732283464567 43.93700787401575 12.188976377952756 nier
180.8503937007874 374.1732283464567 49.32283464566929 12.188976377952756 tiers
213.73228346456693 374.1732283464567 32.881889763779526 12.188976377952756 du
230.17322834645668 374.1732283464567 49.32283464566929 12.188976377952756 XVIIe
263.0551181102362 374.1732283464567 60.37795275590551 12.188976377952756 siècle,
306.99212598425197 374.1732283464567 32.881889763779526 12.188976377952756 n.
323.43307086614175 374.1732283464567 49.32283464566929 12.188976377952756 1638,
356.59842519685037 374.1732283464567 32.881889763779526 12.188976377952756 m.
367.37007874015745 374.1732283464567 38.55118110236221 12.188976377952756 1702.

164.9763779527559 393.1653543307087 30.614173228346456 11.338582677165354 L.
180.28346456692913 393.1653543307087 30.614173228346456 11.338582677165354 a.
195.59055118110237 393.1653543307087 30.614173228346456 11.338582677165354 s.
210.89763779527559 393.1653543307087 25.511811023622048 11.338582677165354 à
221.10236220472441 393.1653543307087 96.94488188976378 11.338582677165354 Monseigneur...;
302.74015748031496 393.1653543307087 51.023622047244096 11.338582677165354 Paris,
338.1732283464567 393.1653543307087 25.511811023622048 11.338582677165354 3
348.37795275590554 393.1653543307087 35.71653543307087 11.338582677165354 mai
368.78740157480314 393.1653543307087 45.92125984251968 11.338582677165354 1693,
399.40157480314963 393.1653543307087 25.511811023622048 11.338582677165354 2
409.6062992125984 393.1653543307087 30.614173228346456 11.338582677165354 p.
419.81102362204723 393.1653543307087 56.125984251968504 11.338582677165354 in

156.18897637795277 404.78740157480314 31.181102362204726 8.503937007874017 Très
176.03149606299212 404.78740157480314 31.181102362204726 8.503937007874017 rare.

160.44094488188978 420.9448818897638 51.023622047244096 10.204724409448819 Superbe
197.5748031496063 420.9448818897638 46.488188976377955 10.204724409448819 lettre
229.88976377952756 420.9448818897638 27.77952755905512 10.204724409448819 où
244.06299212598427 420.9448818897638 27.77952755905512 10.204724409448819 il
257.9527559055118 420.9448818897638 51.023622047244096 10.204724409448819 demande
295.0866141732283 420.9448818897638 32.59842519685039 10.204724409448819 une
313.51181102362204 420.9448818897638 79.08661417322834 10.204724409448819 gratification
378.70866141732284 420.9448818897638 27.77952755905512 10.204724409448819 du
392.59842519685037 420.9448818897638 32.59842519685039 10.204724409448819 roi
411.3070866141732 420.9448818897638 37.13385826771653 10.204724409448819 pour
434.5511811023622 420.9448818897638 27.77952755905512 10.204724409448819 la
443.62204724409446 420.9448818897638 32.59842519685039 10.204724409448819 fonte

149.95275590551182 431.43307086614175 42.803149606299215 9.921259842519685 d’une
178.58267716535434 431.43307086614175 47.62204724409449 9.921259842519685 grande
212.03149606299212 431.43307086614175 47.62204724409449 9.921259842519685 figure
240.3779527559055 431.43307086614175 52.44094488188976 9.921259842519685 équestre.

126.14173228346456 450.1417322834646 42.23622047244095 14.173228346456693 66.
150.23622047244095 450.1417322834646 72.28346456692914 14.173228346456693 KOURAKIN
204.3779527559055 450.1417322834646 66.33070866141732 14.173228346456693 (Boris,
252.56692913385828 450.1417322834646 72.28346456692914 14.173228346456693 prince),
306.99212598425197 450.1417322834646 66.33070866141732 14.173228346456693 général
355.18110236220474 450.1417322834646 36.28346456692913 14.173228346456693 et
373.3228346456693 450.1417322834646 78.23622047244095 14.173228346456693 diplomate
427.46456692913387 450.1417322834646 48.188976377952756 14.173228346456693 russe,

153.92125984251967 464.31496062992125 39.68503937007874 14.456692913385826 qui
176.5984251968504 464.31496062992125 45.354330708661415 14.456692913385826 prit
204.9448818897638 464.31496062992125 45.354330708661415 14.456692913385826 part
233.29133858267716 464.31496062992125 28.346456692913385 14.456692913385826 à
244.3464566929134 464.31496062992125 34.01574803149607 14.456692913385826 la
261.3543307086614 464.31496062992125 68.03149606299213 14.456692913385826 bataille
312.37795275590554 464.31496062992125 34.01574803149607 14.456692913385826 de
329.38582677165357 464.31496062992125 62.36220472440945 14.456692913385826 Pultava
374.74015748031496 464.31496062992125 34.01574803149607 14.456692913385826 et
391.748031496063 464.31496062992125 39.68503937007874 14.456692913385826 qui
408.4724409448819 464.31496062992125 68.03149606299213 14.456692913385826 accompagna

154.20472440944883 478.20472440944883 60.661417322834644 12.472440944881889 Pierre
196.44094488188978 478.20472440944883 36.28346456692913 12.472440944881889 le
214.86614173228347 478.20472440944883 54.70866141732284 12.472440944881889 Grand
251.1496062992126 478.20472440944883 36.28346456692913 12.472440944881889 en
269.29133858267716 478.20472440944883 66.89763779527559 12.472440944881889 France,
318.0472440944882 478.20472440944883 36.28346456692913 12.472440944881889 n.
336.18897637795277 478.20472440944883 54.70866141732284 12.472440944881889 1677,
372.4724409448819 478.20472440944883 36.28346456692913 12.472440944881889 m.
384.66141732283467 478.20472440944883 42.51968503937008 12.472440944881889 1727.

164.69291338582678 496.9133858267717 32.881889763779526 11.05511811023622 L.
181.13385826771653 496.9133858267717 38.267716535433074 11.05511811023622 s.,
202.96062992125985 496.9133858267717 32.881889763779526 11.05511811023622 en
219.4015748031496 496.9133858267717 65.48031496062993 11.05511811023622 français
268.4409448818898 496.9133858267717 27.212598425196852 11.05511811023622 à
279.496062992126 496.9133858267717 32.881889763779526 11.05511811023622 M.
295.93700787401576 496.9133858267717 32.881889763779526 11.05511811023622 de
312.09448818897636 496.9133858267717 76.53543307086615 11.05511811023622 Blumenhof;
372.4724409448819 496.9133858267717 54.70866141732284 11.05511811023622 Paris,
410.74015748031496 496.9133858267717 32.881889763779526 11.05511811023622 15
421.51181102362204 496.9133858267717 54.70866141732284 11.05511811023622 décembre

154.20472440944883 508.81889763779526 48.75590551181102 11.05511811023622 1724,1
188.2204724409449 508.81889763779526 29.19685039370079 11.05511811023622 p.
202.6771653543307 508.81889763779526 34.01574803149607 11.05511811023622 1/2
217.41732283464566 508.81889763779526 34.01574803149607 11.05511811023622 in

159.8740157480315 524.9763779527559 72.28346456692914 9.354330708661417 Intéressante
218.5511811023622 524.9763779527559 45.07086614173228 9.354330708661417 lettre
250.01574803149606 524.9763779527559 54.14173228346457 9.354330708661417 relative
290.8346456692913 524.9763779527559 22.677165354330707 9.354330708661417 à
299.62204724409446 524.9763779527559 54.14173228346457 9.354330708661417 l'entrée
340.4409448818898 524.9763779527559 26.929133858267715 9.354330708661417 au
353.76377952755905 524.9763779527559 49.60629921259842 9.354330708661417 service
390.0472440944882 524.9763779527559 26.929133858267715 9.354330708661417 de
403.37007874015745 524.9763779527559 45.07086614173228 9.354330708661417 Pierre
435.11811023622045 524.9763779527559 26.929133858267715 9.354330708661417 le
444.18897637795277 524.9763779527559 31.46456692913386 9.354330708661417 Grand

149.95275590551182 535.4645669291339 27.77952755905512 10.488188976377952 du
163.84251968503938 535.4645669291339 60.37795275590551 10.488188976377952 géographe
210.33070866141733 535.4645669291339 41.95275590551181 10.488188976377952 J.-N.
238.11023622047244 535.4645669291339 27.77952755905512 10.488188976377952 de
247.46456692913387 535.4645669291339 37.13385826771653 10.488188976377952 Lisle.

125.29133858267717 553.3228346456693 43.653543307086615 14.173228346456693 67.
150.23622047244095 553.3228346456693 68.88188976377953 14.173228346456693 KRUDNER
200.40944881889763 553.3228346456693 62.645669291338585 14.173228346456693 (Julie
244.06299212598427 553.3228346456693 37.41732283464567 14.173228346456693 de
262.7716535433071 553.3228346456693 100.06299212598425 14.173228346456693 VIETINGHOFF,
344.12598425196853 553.3228346456693 68.88188976377953 14.173228346456693 baronne
394.01574803149606 553.3228346456693 49.889763779527556 14.173228346456693 de),
419.244094488189 553.3228346456693 56.125984251968504 14.173228346456693 célèbre

153.0708661417323 567.496062992126 71.71653543307086 13.606299212598426 romancière
209.48031496062993 567.496062992126 30.614173228346456 13.606299212598426 et
224.78740157480314 567.496062992126 61.511811023622045 13.606299212598426 mystique
270.99212598425197 567.496062992126 51.30708661417323 13.606299212598426 russe,
306.70866141732284 567.496062992126 51.30708661417323 13.606299212598426 auteur
342.70866141732284 567.496062992126 30.614173228346456 13.606299212598426 de
358.01574803149606 567.496062992126 97.51181102362204 13.606299212598426 Valérie,
434.8346456692913 567.496062992126 41.10236220472441 13.606299212598426 l’Egé-

153.0708661417323 580.8188976377953 42.51968503937008 13.88976377952756 rie
177.16535433070865 580.8188976377953 36.56692913385827 13.88976377952756 de
195.59055118110237 580.8188976377953 85.03937007874016 13.88976377952756 l’empereur
262.20472440944883 580.8188976377953 36.56692913385827 13.88976377952756 de
280.34645669291336 580.8188976377953 60.661417322834644 13.88976377952756 Russie
322.86614173228344 580.8188976377953 79.08661417322834 13.88976377952756 Alexandre
383.81102362204723 580.8188976377953 36.56692913385827 13.88976377952756 I,
401.9527559055118 580.8188976377953 36.56692913385827 13.88976377952756 n.
420.09448818897636 580.8188976377953 54.70866141732284 13.88976377952756 1764,
450.4251968503937 580.8188976377953 24.37795275590551 13.88976377952756 m.

149.38582677165354 596.1259842519685 39.40157480314961 9.354330708661417 1824.

164.69291338582678 613.7007874015748 29.480314960629922 11.905511811023622 L.
179.43307086614172 613.7007874015748 29.480314960629922 11.905511811023622 a.
194.17322834645668 613.7007874015748 34.58267716535433 11.905511811023622 s.,
213.73228346456693 613.7007874015748 29.480314960629922 11.905511811023622 en
228.75590551181102 613.7007874015748 59.24409448818898 11.905511811023622 français
272.9763779527559 613.7007874015748 29.480314960629922 11.905511811023622 (à
287.7165354330709 613.7007874015748 49.32283464566929 11.905511811023622 l’abbé
322.2992125984252 613.7007874015748 54.14173228346457 11.905511811023622 Famin);
361.7007874015748 613.7007874015748 59.24409448818898 11.905511811023622 Leipzig,
406.20472440944883 613.7007874015748 24.661417322834644 11.905511811023622 4
415.84251968503935 613.7007874015748 44.22047244094488 11.905511811023622 avril
440.503937007874 613.7007874015748 34.58267716535433 11.905511811023622 1793,

154.20472440944883 625.3228346456693 18.992125984251967 11.338582677165354 4
161.5748031496063 625.3228346456693 22.677165354330707 11.338582677165354 p.
173.1968503937008 625.3228346456693 34.2992125984252 11.338582677165354 in-4.
195.8740157480315 625.3228346456693 49.32283464566929 11.338582677165354 (Coll.
233.85826771653544 625.3228346456693 22.677165354330707 11.338582677165354 A.
241.51181102362204 625.3228346456693 49.32283464566929 11.338582677165354 Bovet.)

159.30708661417322 642.0472440944882 51.023622047244096 10.204724409448819 Epître
195.0236220472441 642.0472440944882 35.71653543307087 10.204724409448819 des
215.43307086614172 642.0472440944882 40.818897637795274 10.204724409448819 plus
240.9448818897638 642.0472440944882 66.33070866141732 10.204724409448819 curieuses
291.9685039370079 642.0472440944882 40.818897637795274 10.204724409448819 dans
317.4803149606299 642.0472440944882 61.22834645669291 10.204724409448819 laquelle
363.11811023622045 642.0472440944882 30.614173228346456 10.204724409448819 la
378.4251968503937 642.0472440944882 56.125984251968504 10.204724409448819 baronne
419.244094488189 642.0472440944882 30.614173228346456 10.204724409448819 de
429.4488188976378 642.0472440944882 45.92125984251968 10.204724409448819 Krudner

149.38582677165354 651.9685039370079 52.724409448818896 10.204724409448819 déclare
187.6535433070866 651.9685039370079 52.724409448818896 10.204724409448819 qu’elle
225.92125984251967 651.9685039370079 33.44881889763779 10.204724409448819 n'a
245.1968503937008 651.9685039370079 33.44881889763779 10.204724409448819 pas
264.4724409448819 651.9685039370079 43.08661417322835 10.204724409448819 songé
293.1023622047244 651.9685039370079 23.811023622047244 10.204724409448819 à
302.74015748031496 651.9685039370079 52.724409448818896 10.204724409448819 enlever
341.00787401574803 651.9685039370079 47.90551181102362 10.204724409448819 l’abbé
374.45669291338584 651.9685039370079 23.811023622047244 10.204724409448819 à
384.09448818897636 651.9685039370079 28.62992125984252 10.204724409448819 la
398.5511811023622 651.9685039370079 47.90551181102362 10.204724409448819 France
432.0 651.9685039370079 28.62992125984252 10.204724409448819 et
446.45669291338584 651.9685039370079 23.811023622047244 10.204724409448819 à
451.2755905511811 651.9685039370079 23.811023622047244 10.204724409448819 ses

149.10236220472441 659.9055118110236 75.4015748031496 12.188976377952756 occupations.
210.61417322834646 659.9055118110236 28.346456692913385 12.188976377952756 Si
224.50393700787401 659.9055118110236 37.7007874015748 12.188976377952756 elle
248.31496062992127 659.9055118110236 32.881889763779526 12.188976377952756 lui
267.0236220472441 659.9055118110236 23.52755905511811 12.188976377952756 a
276.37795275590554 659.9055118110236 51.874015748031496 12.188976377952756 demandé
314.3622047244094 659.9055118110236 28.346456692913385 12.188976377952756 de
328.251968503937 659.9055118110236 42.51968503937008 12.188976377952756 venir
356.59842519685037 659.9055118110236 42.51968503937008 12.188976377952756 faire
384.9448818897638 659.9055118110236 70.58267716535433 12.188976377952756 l’éducation
441.6377952755906 659.9055118110236 28.346456692913385 12.188976377952756 de
450.99212598425197 659.9055118110236 23.52755905511811 12.188976377952756 son
