558.7086614173228 891.7795275590552
315.7795275590551 127.55905511811024 33.44881889763779 7.653543307086614 —
329.1023622047244 127.55905511811024 39.968503937007874 7.653543307086614 10
342.4251968503937 127.55905511811024 20.125984251968504 7.653543307086614 —

167.81102362204723 146.5511811023622 42.23622047244095 17.858267716535433 52.
191.90551181102362 146.5511811023622 72.56692913385827 17.858267716535433 GIRARDON
246.33070866141733 146.5511811023622 90.70866141732283 17.858267716535433 (François),
318.8976377952756 146.5511811023622 36.28346456692913 17.858267716535433 le
337.03937007874015 146.5511811023622 54.425196850393704 17.858267716535433 grand
373.3228346456693 146.5511811023622 84.75590551181102 17.858267716535433 sculpteur,
439.93700787401576 146.5511811023622 36.28346456692913 17.858267716535433 un
458.0787401574803 146.5511811023622 42.23622047244095 17.858267716535433 des
476.2204724409449 146.5511811023622 42.23622047244095 17.858267716535433 déco-

195.0236220472441 161.5748031496063 64.06299212598425 14.740157480314961 rateurs
241.79527559055117 161.5748031496063 34.86614173228347 14.740157480314961 de
259.0866141732283 161.5748031496063 87.30708661417323 14.740157480314961 Versailles,
329.1023622047244 161.5748031496063 34.86614173228347 14.740157480314961 n.
346.3937007874016 161.5748031496063 52.44094488188976 14.740157480314961 1628,
381.25984251968504 161.5748031496063 34.86614173228347 14.740157480314961 m.
392.88188976377955 161.5748031496063 40.818897637795274 14.740157480314961 1715.

208.06299212598427 183.11811023622047 25.228346456692915 13.88976377952756 L.
220.8188976377953 183.11811023622047 25.228346456692915 13.88976377952756 a.
233.29133858267716 183.11811023622047 29.19685039370079 13.88976377952756 s.;
250.01574803149606 183.11811023622047 20.976377952755904 13.88976377952756 2
258.23622047244095 183.11811023622047 33.44881889763779 13.88976377952756 mars
279.21259842519686 183.11811023622047 37.7007874015748 13.88976377952756 1693,
304.4409448818898 183.11811023622047 20.976377952755904 13.88976377952756 1
312.66141732283467 183.11811023622047 25.228346456692915 13.88976377952756 p.
325.4173228346457 183.11811023622047 37.7007874015748 13.88976377952756 in-4.
346.1102362204724 183.11811023622047 58.67716535433071 13.88976377952756 Rare.

202.39370078740157 200.40944881889763 28.913385826771652 14.740157480314961 Il
216.8503937007874 200.40944881889763 52.724409448818896 14.740157480314961 indique
255.4015748031496 200.40944881889763 28.913385826771652 14.740157480314961 le
269.5748031496063 200.40944881889763 33.732283464566926 14.740157480314961 nom
288.8503937007874 200.40944881889763 28.913385826771652 14.740157480314961 de
303.3070866141732 200.40944881889763 38.55118110236221 14.740157480314961 deux
327.40157480314963 200.40944881889763 72.0 14.740157480314961 sculpteurs,
384.9448818897638 200.40944881889763 48.188976377952756 14.740157480314961 Vivien
418.6771653543307 200.40944881889763 28.913385826771652 14.740157480314961 et
433.13385826771656 200.40944881889763 62.36220472440945 14.740157480314961 Maubeuge,
481.03937007874015 200.40944881889763 33.732283464566926 14.740157480314961 qui
495.496062992126 200.40944881889763 24.094488188976378 14.740157480314961 ont

193.03937007874015 213.4488188976378 26.64566929133858 12.188976377952756 la
206.36220472440945 213.4488188976378 62.07874015748032 12.188976377952756 réputation
255.11811023622047 213.4488188976378 44.22047244094488 12.188976377952756 d’être
286.2992125984252 213.4488188976378 35.43307086614173 12.188976377952756 très
304.15748031496065 213.4488188976378 44.22047244094488 12.188976377952756 habiles.

167.81102362204723 232.44094488188978 47.338582677165356 18.708661417322833 53.
195.0236220472441 232.44094488188978 67.74803149606299 18.708661417322833 GLINKA
242.36220472440945 232.44094488188978 87.8740157480315 18.708661417322833 (Michel),
310.1102362204724 232.44094488188978 74.55118110236221 18.708661417322833 célèbre
364.251968503937 232.44094488188978 101.48031496062993 18.708661417322833 compositeur
445.3228346456693 232.44094488188978 40.53543307086614 18.708661417322833 de
458.92913385826773 232.44094488188978 60.94488188976378 18.708661417322833 musique

197.5748031496063 250.29921259842519 59.811023622047244 13.606299212598426 russe,
239.5275590551181 250.29921259842519 36.0 13.606299212598426 n.
257.38582677165357 250.29921259842519 53.85826771653543 13.606299212598426 1804,
293.1023622047244 250.29921259842519 36.0 13.606299212598426 m.
305.00787401574803 250.29921259842519 41.95275590551181 13.606299212598426 1857.

209.48031496062993 268.4409448818898 28.062992125984252 15.307086614173228 L.
223.6535433070866 268.4409448818898 28.062992125984252 15.307086614173228 a.
237.82677165354332 268.4409448818898 32.881889763779526 15.307086614173228 s.,
256.53543307086613 268.4409448818898 28.062992125984252 15.307086614173228 en
270.70866141732284 268.4409448818898 56.40944881889764 15.307086614173228 italien,
312.9448818897638 268.4409448818898 23.52755905511811 15.307086614173228 à
322.2992125984252 268.4409448818898 28.062992125984252 15.307086614173228 M.
336.18897637795277 268.4409448818898 47.05511811023622 15.307086614173228 Cerri;
369.07086614173227 268.4409448818898 28.062992125984252 15.307086614173228 14
383.244094488189 268.4409448818898 60.94488188976378 15.307086614173228 septembre
430.01574803149606 268.4409448818898 51.59055118110236 15.307086614173228 (1832),
467.7165354330709 268.4409448818898 23.52755905511811 15.307086614173228 1
477.07086614173227 268.4409448818898 28.062992125984252 15.307086614173228 p.
486.4251968503937 268.4409448818898 32.881889763779526 15.307086614173228 in

197.85826771653544 284.0314960629921 30.04724409448819 8.78740157480315 Rare.

204.66141732283464 299.0551181102362 38.83464566929134 14.173228346456693 Belle
230.45669291338584 299.0551181102362 43.37007874015748 14.173228346456693 lettre
260.78740157480314 299.0551181102362 26.078740157480315 14.173228346456693 où
273.8267716535433 299.0551181102362 26.078740157480315 14.173228346456693 il
286.86614173228344 299.0551181102362 47.62204724409449 14.173228346456693 demande
321.4488188976378 299.0551181102362 30.330708661417322 14.173228346456693 une
338.74015748031496 299.0551181102362 38.83464566929134 14.173228346456693 copie
364.53543307086613 299.0551181102362 34.58267716535433 14.173228346456693 d’un
386.0787401574803 299.0551181102362 38.83464566929134 14.173228346456693 motif
412.15748031496065 299.0551181102362 26.078740157480315 14.173228346456693 de
425.1968503937008 299.0551181102362 26.078740157480315 14.173228346456693 la
433.7007874015748 299.0551181102362 86.45669291338582 14.173228346456693 Sonnambula.

168.66141732283464 321.73228346456693 43.37007874015748 18.992125984251967 54.
193.3228346456693 321.73228346456693 61.79527559055118 18.992125984251967 GOETHE
236.69291338582678 321.73228346456693 123.59055118110236 18.992125984251967 (Jean-Wolfgang),
341.8582677165354 321.73228346456693 37.13385826771653 18.992125984251967 un
360.2834645669291 321.73228346456693 43.37007874015748 18.992125984251967 des
384.9448818897638 321.73228346456693 49.32283464566929 18.992125984251967 plus
415.84251968503935 321.73228346456693 61.79527559055118 18.992125984251967 grands
452.9763779527559 321.73228346456693 68.03149606299213 18.992125984251967 écrivains

197.00787401574803 337.8897637795276 35.71653543307087 16.15748031496063 de
214.86614173228347 337.8897637795276 95.24409448818898 16.15748031496063 l'Allemagne,
292.251968503937 337.8897637795276 35.71653543307087 16.15748031496063 n.
310.1102362204724 337.8897637795276 53.574803149606296 16.15748031496063 1749,
345.8267716535433 337.8897637795276 35.71653543307087 16.15748031496063 m.
357.73228346456693 337.8897637795276 41.669291338582674 16.15748031496063 1832.

208.91338582677164 358.01574803149606 27.496062992125985 14.740157480314961 P.
222.51968503937007 358.01574803149606 27.496062992125985 14.740157480314961 a.
236.40944881889763 358.01574803149606 32.031496062992126 14.740157480314961 s.;
254.83464566929135 358.01574803149606 41.38582677165354 14.740157480314961 Iéna,
282.3307086614173 358.01574803149606 27.496062992125985 14.740157480314961 18
295.93700787401576 358.01574803149606 50.45669291338583 14.740157480314961 juillet
332.78740157480314 358.01574803149606 41.38582677165354 14.740157480314961 1811,
360.2834645669291 358.01574803149606 32.031496062992126 14.740157480314961 1/2
378.70866141732284 358.01574803149606 27.496062992125985 14.740157480314961 p.
392.31496062992125 358.01574803149606 41.38582677165354 14.740157480314961 in-4.
420.09448818897636 358.01574803149606 41.38582677165354 14.740157480314961 Belle
442.7716535433071 358.01574803149606 36.8503937007874 14.740157480314961 pièce.

169.22834645669292 381.8267716535433 41.669291338582674 18.141732283464567 55.
193.03937007874015 381.8267716535433 53.574803149606296 18.141732283464567 GRÉVY
228.75590551181102 381.8267716535433 71.71653543307086 18.141732283464567 (Jules),
282.61417322834643 381.8267716535433 65.76377952755905 18.141732283464567 célèbre
330.23622047244095 381.8267716535433 53.574803149606296 18.141732283464567 homme
366.23622047244095 381.8267716535433 83.62204724409449 18.141732283464567 politique,
431.7165354330709 381.8267716535433 77.66929133858268 18.141732283464567 troisième
485.5748031496063 381.8267716535433 35.71653543307087 18.141732283464567 pré-

197.00787401574803 396.2834645669291 58.39370078740158 17.291338582677167 sident
238.11023622047244 396.2834645669291 35.1496062992126 17.291338582677167 de
255.4015748031496 396.2834645669291 35.1496062992126 17.291338582677167 la
272.9763779527559 396.2834645669291 81.63779527559055 17.291338582677167 République
337.3228346456693 396.2834645669291 81.63779527559055 17.291338582677167 française,
401.38582677165357 396.2834645669291 35.1496062992126 17.291338582677167 n.
418.96062992125985 396.2834645669291 52.44094488188976 17.291338582677167 1807,
454.1102362204724 396.2834645669291 35.1496062992126 17.291338582677167 m.
465.73228346456693 396.2834645669291 40.818897637795274 17.291338582677167 1891.

210.33070866141733 418.96062992125985 23.811023622047244 13.32283464566929 L.
222.23622047244095 418.96062992125985 23.811023622047244 13.32283464566929 a.
234.14173228346456 418.96062992125985 23.811023622047244 13.32283464566929 s.
246.04724409448818 418.96062992125985 19.84251968503937 13.32283464566929 à
253.98425196850394 418.96062992125985 23.811023622047244 13.32283464566929 M.
265.6062992125984 418.96062992125985 55.275590551181104 13.32283464566929 Millières,
309.25984251968504 418.96062992125985 19.84251968503937 13.32283464566929 1
317.1968503937008 418.96062992125985 23.811023622047244 13.32283464566929 p.
329.1023622047244 418.96062992125985 35.71653543307087 13.32283464566929 in-8.
348.9448818897638 418.96062992125985 55.275590551181104 13.32283464566929 Rare.

169.22834645669292 440.503937007874 42.51968503937008 19.559055118110237 56.
193.3228346456693 440.503937007874 54.70866141732284 19.559055118110237 GRIMM
229.88976377952756 440.503937007874 139.748031496063 19.559055118110237 (Frédéric-Melchior,
351.496062992126 440.503937007874 54.70866141732284 19.559055118110237 baron
387.7795275590551 440.503937007874 48.75590551181102 19.559055118110237 de),
418.3937007874016 440.503937007874 66.89763779527559 19.559055118110237 célèbre
460.9133858267717 440.503937007874 60.661417322834644 19.559055118110237 critique

198.4251968503937 454.96062992125985 32.31496062992126 17.007874015748033 et
214.58267716535434 454.96062992125985 70.01574803149606 17.007874015748033 écrivain,
268.4409448818898 454.96062992125985 53.85826771653543 17.007874015748033 auteur
305.8582677165354 454.96062992125985 32.31496062992126 17.007874015748033 de
322.01574803149606 454.96062992125985 32.31496062992126 17.007874015748033 la
338.1732283464567 454.96062992125985 112.81889763779527 17.007874015748033 Correspondance
429.73228346456693 454.96062992125985 91.2755905511811 17.007874015748033 littéraire,

198.14173228346456 473.1023622047244 36.28346456692913 12.755905511811024 n.
216.28346456692913 473.1023622047244 54.70866141732284 12.755905511811024 1723,
252.56692913385828 473.1023622047244 36.28346456692913 12.755905511811024 m.
264.755905511811 473.1023622047244 42.51968503937008 12.755905511811024 1807.

210.33070866141733 490.6771653543307 27.77952755905512 15.023622047244094 L.
224.2204724409449 490.6771653543307 27.77952755905512 15.023622047244094 a.
238.11023622047244 490.6771653543307 27.77952755905512 15.023622047244094 s.
252.0 490.6771653543307 27.77952755905512 15.023622047244094 au
265.8897637795276 490.6771653543307 41.669291338582674 15.023622047244094 baron
293.6692913385827 490.6771653543307 27.77952755905512 15.023622047244094 de
307.84251968503935 490.6771653543307 46.488188976377955 15.023622047244094 Branc;
340.15748031496065 490.6771653543307 46.488188976377955 15.023622047244094 Paris,
372.755905511811 490.6771653543307 27.77952755905512 15.023622047244094 22
386.6456692913386 490.6771653543307 51.023622047244096 15.023622047244094 janvier
423.7795275590551 490.6771653543307 41.669291338582674 15.023622047244094 1755.
451.5590551181102 490.6771653543307 23.244094488188978 15.023622047244094 1
460.9133858267717 490.6771653543307 27.77952755905512 15.023622047244094 p.
474.8031496062992 490.6771653543307 32.59842519685039 15.023622047244094 1/2
488.6929133858268 490.6771653543307 32.59842519685039 15.023622047244094 in

198.70866141732284 505.98425196850394 38.83464566929134 9.070866141732283 Jolie
220.251968503937 505.98425196850394 38.83464566929134 9.070866141732283 lettre.

170.36220472440945 526.1102362204724 43.93700787401575 17.5748031496063 57.
195.30708661417322 526.1102362204724 62.645669291338585 17.5748031496063 GUIZOT
239.24409448818898 526.1102362204724 157.03937007874015 17.5748031496063 (François-Guillaume),
377.5748031496063 526.1102362204724 69.16535433070867 17.5748031496063 célèbre
427.748031496063 526.1102362204724 87.8740157480315 17.5748031496063 historien,
490.3937007874016 526.1102362204724 31.46456692913386 17.5748031496063 mi-

197.85826771653544 540.2834645669292 68.88188976377953 17.291338582677167 nistre
246.04724409448818 540.2834645669292 41.38582677165354 17.291338582677167 de
266.74015748031496 540.2834645669292 131.24409448818898 17.291338582677167 Louis-Philippe,
377.29133858267716 540.2834645669292 68.88188976377953 17.291338582677167 membre
425.4803149606299 540.2834645669292 41.38582677165354 17.291338582677167 de
439.37007874015745 540.2834645669292 82.77165354330708 17.291338582677167 l'Académie

198.70866141732284 556.7244094488188 83.90551181102362 14.173228346456693 française,
264.4724409448819 556.7244094488188 36.0 14.173228346456693 n.
282.3307086614173 556.7244094488188 53.85826771653543 14.173228346456693 1787,
318.3307086614173 556.7244094488188 36.0 14.173228346456693 m.
330.23622047244095 556.7244094488188 41.95275590551181 14.173228346456693 1874.

212.03149606299212 575.7165354330708 29.19685039370079 15.307086614173228 L.
226.48818897637796 575.7165354330708 29.19685039370079 15.307086614173228 a.
241.22834645669292 575.7165354330708 29.19685039370079 15.307086614173228 s.
255.68503937007873 575.7165354330708 29.19685039370079 15.307086614173228 (à
270.4251968503937 575.7165354330708 29.19685039370079 15.307086614173228 M.
284.88188976377955 575.7165354330708 58.39370078740158 15.307086614173228 Bérard);
328.81889763779526 575.7165354330708 48.75590551181102 15.307086614173228 samedi
362.8346456692913 575.7165354330708 34.01574803149607 15.307086614173228 16,
382.3937007874016 575.7165354330708 24.37795275590551 15.307086614173228 2
392.0314960629921 575.7165354330708 29.19685039370079 15.307086614173228 p.
406.48818897637796 575.7165354330708 34.01574803149607 15.307086614173228 1/2
421.2283464566929 575.7165354330708 34.01574803149607 15.307086614173228 in

207.21259842519686 594.4251968503937 69.16535433070867 14.456692913385826 Importante
261.3543307086614 594.4251968503937 49.32283464566929 14.456692913385826 lettre
295.93700787401576 594.4251968503937 59.24409448818898 14.456692913385826 relative
340.4409448818898 594.4251968503937 24.661417322834644 14.456692913385826 à
350.3622047244094 594.4251968503937 29.763779527559056 14.456692913385826 la
365.1023622047244 594.4251968503937 64.34645669291339 14.456692913385826 fondation
414.70866141732284 594.4251968503937 44.503937007874015 14.456692913385826 d’une
444.18897637795277 594.4251968503937 54.425196850393704 14.456692913385826 Sociélé
483.87401574803147 594.4251968503937 39.40157480314961 14.456692913385826 pour
503.43307086614175 594.4251968503937 19.84251968503937 14.456692913385826 la

196.7244094488189 604.6299212598425 70.01574803149606 14.740157480314961 publication
252.56692913385828 604.6299212598425 28.062992125984252 14.740157480314961 de
266.74015748031496 604.6299212598425 46.77165354330709 14.740157480314961 textes
299.33858267716533 604.6299212598425 32.59842519685039 14.740157480314961 sur
318.0472440944882 604.6299212598425 65.48031496062993 14.740157480314961 l’histoire
369.6377952755906 604.6299212598425 28.062992125984252 14.740157480314961 de
383.5275590551181 604.6299212598425 51.30708661417323 14.740157480314961 France.
420.9448818897638 604.6299212598425 37.41732283464567 14.740157480314961 «Les
444.4724409448819 604.6299212598425 74.83464566929133 14.740157480314961 compilations
500.59842519685037 604.6299212598425 23.244094488188978 14.740157480314961 des

197.00787401574803 614.5511811023622 54.425196850393704 14.456692913385826 érudits
236.40944881889763 614.5511811023622 29.763779527559056 14.456692913385826 et
251.43307086614172 614.5511811023622 34.58267716535433 14.456692913385826 les
271.2755905511811 614.5511811023622 79.37007874015748 14.456692913385826 combinaisons
335.62204724409446 614.5511811023622 84.18897637795276 14.456692913385826 systématiques
405.07086614173227 614.5511811023622 34.58267716535433 14.456692913385826 des
424.62992125984255 614.5511811023622 74.26771653543307 14.456692913385826 philosophes
484.15748031496065 614.5511811023622 29.763779527559056 14.456692913385826 ne
494.0787401574803 614.5511811023622 29.763779527559056 14.456692913385826 nous

196.7244094488189 624.7559055118111 67.46456692913385 14.456692913385826 contentent
249.73228346456693 624.7559055118111 43.37007874015748 14.456692913385826 plus.
278.6456692913386 624.7559055118111 38.55118110236221 14.456692913385826 Nous
302.45669291338584 624.7559055118111 53.00787401574803 14.456692913385826 voulons
341.00787401574803 624.7559055118111 62.645669291338585 14.456692913385826 connaître
389.1968503937008 624.7559055118111 33.732283464566926 14.456692913385826 les
408.4724409448819 624.7559055118111 43.37007874015748 14.456692913385826 mœurs
437.38582677165357 624.7559055118111 28.913385826771652 14.456692913385826 et
451.5590551181102 624.7559055118111 33.732283464566926 14.456692913385826 les
466.01574803149606 624.7559055118111 57.826771653543304 14.456692913385826 événements

197.5748031496063 634.6771653543307 32.31496062992126 14.173228346456693 des
216.0 634.6771653543307 36.8503937007874 14.173228346456693 tems
238.96062992125985 634.6771653543307 50.45669291338583 14.173228346456693 anciens
275.5275590551181 634.6771653543307 36.8503937007874 14.173228346456693 dans
298.7716535433071 634.6771653543307 36.8503937007874 14.173228346456693 leur
321.73228346456693 634.6771653543307 68.88188976377953 14.173228346456693 simplicité,
376.7244094488189 634.6771653543307 36.8503937007874 14.173228346456693 avec
399.68503937007875 634.6771653543307 41.38582677165354 14.173228346456693 leurs
427.46456692913387 634.6771653543307 45.92125984251968 14.173228346456693 formes
459.496062992126 634.6771653543307 27.496062992125985 14.173228346456693 et
473.38582677165357 634.6771653543307 36.8503937007874 14.173228346456693 sous
491.81102362204723 634.6771653543307 32.31496062992126 14.173228346456693 leurs

197.00787401574803 644.8818897637796 53.85826771653543 14.740157480314961 couleurs
237.25984251968504 644.8818897637796 58.110236220472444 14.740157480314961 natives.»
282.0472440944882 644.8818897637796 26.929133858267715 14.740157480314961 Il
295.65354330708664 644.8818897637796 40.25196850393701 14.740157480314961 trace
322.2992125984252 644.8818897637796 26.929133858267715 14.740157480314961 le
335.90551181102364 644.8818897637796 35.71653543307087 14.740157480314961 plan
358.2992125984252 644.8818897637796 40.25196850393701 14.740157480314961 d’une
384.9448818897638 644.8818897637796 40.25196850393701 14.740157480314961 suite
411.87401574803147 644.8818897637796 26.929133858267715 14.740157480314961 de
425.4803149606299 644.8818897637796 71.71653543307086 14.740157480314961 publications
479.0551181102362 644.8818897637796 44.78740157480315 14.740157480314961 composée

197.29133858267716 655.3700787401575 32.031496062992126 14.456692913385826 par
215.71653543307087 655.3700787401575 73.41732283464567 14.456692913385826 l’impression
275.244094488189 655.3700787401575 32.031496062992126 14.456692913385826 des
293.6692913385827 655.3700787401575 45.92125984251968 14.456692913385826 œuvres
325.7007874015748 655.3700787401575 54.99212598425197 14.456692913385826 laissées
367.0866141732283 655.3700787401575 32.031496062992126 14.456692913385826 par
385.2283464566929 655.3700787401575 32.031496062992126 14.456692913385826 les
403.65354330708664 655.3700787401575 73.41732283464567 14.456692913385826 chroniqueurs
463.46456692913387 655.3700787401575 32.031496062992126 14.456692913385826 qui
481.6062992125984 655.3700787401575 32.031496062992126 14.456692913385826 ont
495.496062992126 655.3700787401575 27.496062992125985 14.456692913385826 vécu

197.29133858267716 666.992125984252 26.362204724409448 10.771653543307087 du
210.61417322834646 666.992125984252 26.362204724409448 10.771653543307087 Ve
223.93700787401573 666.992125984252 26.362204724409448 10.771653543307087 au
236.9763779527559 666.992125984252 30.89763779527559 10.771653543307087 XVe
254.83464566929135 666.992125984252 48.47244094488189 10.771653543307087 siècle.
289.98425196850394 666.992125984252 70.58267716535433 10.771653543307087 Intéressants
342.99212598425197 666.992125984252 43.93700787401575 10.771653543307087 détails.
