617.6692913385826 891.7795275590552
229.03937007874015 127.55905511811024 32.881889763779526 7.3700787401574805 —
242.07874015748033 127.55905511811024 39.40157480314961 7.3700787401574805 19
255.4015748031496 127.55905511811024 19.84251968503937 7.3700787401574805 —

72.0 146.83464566929135 56.40944881889764 17.5748031496063 100.
107.43307086614173 146.83464566929135 70.58267716535433 17.5748031496063 PLATOW
156.75590551181102 146.83464566929135 91.55905511811024 17.5748031496063 (Mattheu,
227.0551181102362 146.83464566929135 77.66929133858268 17.5748031496063 comte),
283.748031496063 146.83464566929135 70.58267716535433 17.5748031496063 ataman
333.07086614173227 146.83464566929135 49.32283464566929 17.5748031496063 des
354.0472440944882 146.83464566929135 77.66929133858268 17.5748031496063 cosaques,

106.01574803149606 160.7244094488189 64.06299212598425 17.007874015748033 célèbre
152.78740157480314 160.7244094488189 64.06299212598425 17.007874015748033 général
199.55905511811022 160.7244094488189 52.44094488188976 17.007874015748033 russe
234.4251968503937 160.7244094488189 40.818897637795274 17.007874015748033 qui
257.9527559055118 160.7244094488189 34.86614173228347 17.007874015748033 se
275.244094488189 160.7244094488189 75.96850393700787 17.007874015748033 distingua
333.6377952755906 160.7244094488189 46.77165354330709 17.007874015748033 dans
362.8346456692913 160.7244094488189 40.818897637795274 17.007874015748033 les
380.40944881889766 160.7244094488189 52.44094488188976 17.007874015748033 guerres

106.01574803149606 176.31496062992127 36.28346456692913 15.307086614173228 de
124.15748031496064 176.31496062992127 78.23622047244095 15.307086614173228 l’Empire,
184.251968503937 176.31496062992127 36.28346456692913 15.307086614173228 n.
202.39370078740157 176.31496062992127 54.14173228346457 15.307086614173228 1731,
238.6771653543307 176.31496062992127 36.28346456692913 15.307086614173228 m.
250.58267716535434 176.31496062992127 42.23622047244095 15.307086614173228 1818.

118.20472440944881 195.59055118110237 30.614173228346456 14.740157480314961 P.
133.51181102362204 195.59055118110237 35.71653543307087 14.740157480314961 s.;
153.92125984251967 195.59055118110237 71.14960629921259 14.740157480314961 Francfort,
209.76377952755905 195.59055118110237 30.614173228346456 14.740157480314961 29
225.0708661417323 195.59055118110237 55.84251968503937 14.740157480314961 octobre
265.6062992125984 195.59055118110237 45.63779527559055 14.740157480314961 1813,
296.2204724409449 195.59055118110237 25.511811023622048 14.740157480314961 2
306.4251968503937 195.59055118110237 30.614173228346456 14.740157480314961 p.
321.4488188976378 195.59055118110237 66.04724409448819 14.740157480314961 in-folio,
372.4724409448819 195.59055118110237 50.74015748031496 14.740157480314961 cachet
402.8031496062992 195.59055118110237 30.614173228346456 14.740157480314961 bien

108.56692913385827 209.76377952755905 47.338582677165356 10.204724409448819 conservé.
145.13385826771653 209.76377952755905 39.968503937007874 10.204724409448819 Très
170.64566929133858 209.76377952755905 39.968503937007874 10.204724409448819 rare.

113.38582677165354 226.48818897637796 44.503937007874015 13.606299212598426 Ordre
142.86614173228347 226.48818897637796 64.06299212598425 13.606299212598426 militaire
192.18897637795277 226.48818897637796 68.88188976377953 13.606299212598426 concernant
246.33070866141733 226.48818897637796 29.480314960629922 13.606299212598426 la
261.07086614173227 226.48818897637796 49.32283464566929 13.606299212598426 marche
295.65354330708664 226.48818897637796 34.58267716535433 13.606299212598426 des
315.496062992126 226.48818897637796 64.06299212598425 13.606299212598426 régiments
364.81889763779526 226.48818897637796 59.24409448818898 13.606299212598426 cosaques
404.2204724409449 226.48818897637796 29.480314960629922 13.606299212598426 pen-

104.31496062992126 238.39370078740157 36.8503937007874 11.905511811023622 dant
127.2755905511811 238.39370078740157 27.77952755905512 11.905511811023622 la
141.16535433070865 238.39370078740157 60.09448818897638 11.905511811023622 traversée
187.37007874015748 238.39370078740157 27.77952755905512 11.905511811023622 de
196.7244094488189 238.39370078740157 64.62992125984252 11.905511811023622 l’Allemagne.

74.83464566929133 259.65354330708664 48.75590551181102 17.5748031496063 101.
105.16535433070867 259.65354330708664 85.32283464566929 17.5748031496063 POUSCHKINE
172.06299212598427 259.65354330708664 97.22834645669292 17.5748031496063 (Alexandre),
251.1496062992126 259.65354330708664 66.89763779527559 17.5748031496063 célèbre
299.90551181102364 259.65354330708664 54.70866141732284 17.5748031496063 poète
336.4724409448819 259.65354330708664 60.94488188976378 17.5748031496063 russe,
378.99212598425197 259.65354330708664 36.56692913385827 17.5748031496063 n.
391.18110236220474 259.65354330708664 42.51968503937008 17.5748031496063 1799,

107.14960629921259 277.51181102362204 37.98425196850393 10.204724409448819 m.
119.62204724409449 277.51181102362204 44.22047244094488 10.204724409448819 1837.

118.48818897637796 295.93700787401576 28.62992125984252 14.173228346456693 1°
132.9448818897638 295.93700787401576 28.62992125984252 14.173228346456693 B.
147.11811023622047 295.93700787401576 28.62992125984252 14.173228346456693 a.
161.5748031496063 295.93700787401576 33.44881889763779 14.173228346456693 s.,
180.56692913385828 295.93700787401576 28.62992125984252 14.173228346456693 en
195.0236220472441 295.93700787401576 62.07874015748032 14.173228346456693 français,
242.9291338582677 295.93700787401576 23.811023622047244 14.173228346456693 à
252.28346456692913 295.93700787401576 28.62992125984252 14.173228346456693 un
266.74015748031496 295.93700787401576 57.25984251968504 14.173228346456693 colonel,
309.8267716535433 295.93700787401576 33.44881889763779 14.173228346456693 1/2
328.81889763779526 295.93700787401576 28.62992125984252 14.173228346456693 p.
343.2755905511811 295.93700787401576 38.267716535433074 14.173228346456693 in-8
362.26771653543307 295.93700787401576 43.08661417322835 14.173228346456693 oblong.

113.38582677165354 315.21259842519686 37.7007874015748 13.32283464566929 Joli
136.91338582677164 315.21259842519686 47.05511811023622 13.32283464566929 billet
169.79527559055117 315.21259842519686 65.76377952755905 13.32283464566929 au-dessous
221.38582677165354 315.21259842519686 47.05511811023622 13.32283464566929 duquel
254.26771653543307 315.21259842519686 65.76377952755905 13.32283464566929 Pouschkine
306.1417322834646 315.21259842519686 23.52755905511811 13.32283464566929 a
315.496062992126 315.21259842519686 51.59055118110236 13.32283464566929 dessiné
352.9133858267717 315.21259842519686 32.881889763779526 13.32283464566929 une
367.0866141732283 315.21259842519686 32.881889763779526 13.32283464566929 tête.

119.33858267716535 335.90551181102364 28.62992125984252 12.755905511811024 2°
133.79527559055117 335.90551181102364 38.267716535433074 12.755905511811024 Note
157.60629921259843 335.90551181102364 43.08661417322835 12.755905511811024 aut.,
186.51968503937007 335.90551181102364 28.62992125984252 12.755905511811024 en
200.69291338582678 335.90551181102364 62.36220472440945 12.755905511811024 français,
248.5984251968504 335.90551181102364 23.811023622047244 12.755905511811024 1
258.23622047244095 335.90551181102364 28.62992125984252 12.755905511811024 p.
267.87401574803147 335.90551181102364 33.44881889763779 12.755905511811024 in

114.23622047244095 352.62992125984255 54.425196850393704 12.188976377952756 Résumé
152.2204724409449 352.62992125984255 49.039370078740156 12.188976377952756 d’une
184.8188976377953 352.62992125984255 87.02362204724409 12.188976377952756 conversation
255.4015748031496 352.62992125984255 32.59842519685039 12.188976377952756 de
271.84251968503935 352.62992125984255 75.96850393700787 12.188976377952756 Pouschkine
331.65354330708664 352.62992125984255 43.37007874015748 12.188976377952756 avec
353.1968503937008 352.62992125984255 81.63779527559055 12.188976377952756 l’ambassadeur

105.16535433070867 362.8346456692913 61.22834645669291 14.456692913385826 d’Espagne
152.50393700787401 362.8346456692913 28.346456692913385 14.456692913385826 au
166.39370078740157 362.8346456692913 42.51968503937008 14.456692913385826 sujet
194.74015748031496 362.8346456692913 28.346456692913385 14.456692913385826 du
208.91338582677164 362.8346456692913 37.7007874015748 14.456692913385826 coup
232.44094488188978 362.8346456692913 47.05511811023622 14.456692913385826 d'Etat
265.6062992125984 362.8346456692913 28.346456692913385 14.456692913385826 du
279.496062992126 362.8346456692913 28.346456692913385 14.456692913385826 18
293.6692913385827 362.8346456692913 61.22834645669291 14.456692913385826 brumaire.
341.00787401574803 362.8346456692913 28.346456692913385 14.456692913385826 Il
354.8976377952756 362.8346456692913 42.51968503937008 14.456692913385826 donne
383.244094488189 362.8346456692913 28.346456692913385 14.456692913385826 de
392.59842519685037 362.8346456692913 42.51968503937008 14.456692913385826 curieux

105.44881889763779 372.755905511811 51.874015748031496 15.590551181102363 détails
143.1496062992126 372.755905511811 32.881889763779526 15.590551181102363 sur
162.14173228346456 372.755905511811 65.76377952755905 15.590551181102363 l’attitude
213.73228346456693 372.755905511811 28.346456692913385 15.590551181102363 de
227.90551181102362 372.755905511811 56.40944881889764 15.590551181102363 Napoléon
270.1417322834646 372.755905511811 28.346456692913385 15.590551181102363 et
284.31496062992125 372.755905511811 28.346456692913385 15.590551181102363 du
298.48818897637796 372.755905511811 51.874015748031496 15.590551181102363 Conseil
336.18897637795277 372.755905511811 32.881889763779526 15.590551181102363 des
354.8976377952756 372.755905511811 37.7007874015748 15.590551181102363 Cinq
378.4251968503937 372.755905511811 47.05511811023622 15.590551181102363 Cents.
406.48818897637796 372.755905511811 28.346456692913385 15.590551181102363 (Ces

105.44881889763779 382.96062992125985 36.56692913385827 14.456692913385826 deux
128.40944881889763 382.96062992125985 68.88188976377953 14.456692913385826 autographes
183.4015748031496 382.96062992125985 36.56692913385827 14.456692913385826 sont
206.36220472440945 382.96062992125985 59.52755905511811 14.456692913385826 certifiés
252.0 382.96062992125985 32.031496062992126 14.456692913385826 par
270.4251968503937 382.96062992125985 27.496062992125985 14.456692913385826 le
284.0314960629921 382.96062992125985 50.45669291338583 14.456692913385826 peintre
320.88188976377955 382.96062992125985 59.52755905511811 14.456692913385826 Joukowsky
366.5196850393701 382.96062992125985 32.031496062992126 14.456692913385826 qui
384.9448818897638 382.96062992125985 32.031496062992126 14.456692913385826 les
398.8346456692913 382.96062992125985 36.56692913385827 14.456692913385826 tenait

105.73228346456693 394.86614173228344 28.62992125984252 12.472440944881889 de
120.18897637795276 394.86614173228344 33.44881889763779 12.472440944881889 son
139.1811023622047 394.86614173228344 43.08661417322835 12.472440944881889 père,
167.81102362204723 394.86614173228344 28.62992125984252 12.472440944881889 le
182.26771653543307 394.86614173228344 43.08661417322835 12.472440944881889 grand
210.89763779527559 394.86614173228344 43.08661417322835 12.472440944881889 poète
239.5275590551181 394.86614173228344 43.08661417322835 12.472440944881889 russe
263.62204724409446 394.86614173228344 62.07874015748032 12.472440944881889 Joukowsky).

75.4015748031496 413.5748031496063 49.60629921259842 18.141732283464567 102.
106.2992125984252 413.5748031496063 74.26771653543307 18.141732283464567 PROUDHON
162.14173228346456 413.5748031496063 123.8740157480315 18.141732283464567 (Pierre-Joseph),
267.3070866141732 413.5748031496063 37.13385826771653 18.141732283464567 le
286.01574803149606 413.5748031496063 68.03149606299213 18.141732283464567 célèbre
335.62204724409446 413.5748031496063 74.26771653543307 18.141732283464567 écrivain
384.9448818897638 413.5748031496063 49.60629921259842 18.141732283464567 socia-

109.13385826771653 430.5826771653543 56.69291338582677 13.88976377952756 liste,
148.8188976377953 430.5826771653543 34.01574803149607 13.88976377952756 n.
165.82677165354332 430.5826771653543 51.023622047244096 13.88976377952756 1809,
200.1259842519685 430.5826771653543 34.01574803149607 13.88976377952756 m.
211.46456692913387 430.5826771653543 39.68503937007874 13.88976377952756 1865.

119.62204724409449 448.7244094488189 33.16535433070866 13.88976377952756 L.
136.06299212598427 448.7244094488189 33.16535433070866 13.88976377952756 a.
152.50393700787401 448.7244094488189 33.16535433070866 13.88976377952756 s.
169.22834645669292 448.7244094488189 38.55118110236221 13.88976377952756 aux
191.33858267716536 448.7244094488189 66.33070866141732 13.88976377952756 éditeurs
240.9448818897638 448.7244094488189 66.33070866141732 13.88976377952756 Boussard
290.5511811023622 448.7244094488189 33.16535433070866 13.88976377952756 et
307.2755905511811 448.7244094488189 66.33070866141732 13.88976377952756 Monnier;
351.496062992126 448.7244094488189 82.77165354330708 13.88976377952756 Conciergerie,

109.41732283464567 463.46456692913387 29.19685039370079 12.188976377952756 28
123.8740157480315 463.46456692913387 38.83464566929134 12.188976377952756 août
148.251968503937 463.46456692913387 43.93700787401575 12.188976377952756 1851,
177.4488188976378 463.46456692913387 24.37795275590551 12.188976377952756 2
187.37007874015748 463.46456692913387 29.19685039370079 12.188976377952756 p.
197.00787401574803 463.46456692913387 29.19685039370079 12.188976377952756 in

115.93700787401575 479.0551181102362 73.13385826771653 13.606299212598426 Intéressante
175.1811023622047 479.0551181102362 45.63779527559055 13.606299212598426 lettre
207.21259842519686 479.0551181102362 54.70866141732284 13.606299212598426 relative
248.31496062992127 479.0551181102362 32.031496062992126 13.606299212598426 aux
266.74015748031496 479.0551181102362 64.06299212598425 13.606299212598426 conditions
316.9133858267717 479.0551181102362 27.496062992125985 13.606299212598426 de
330.5196850393701 479.0551181102362 59.52755905511811 13.606299212598426 rédaction
376.15748031496065 479.0551181102362 27.496062992125985 13.606299212598426 et
390.0472440944882 479.0551181102362 27.496062992125985 13.606299212598426 de
399.11811023622045 479.0551181102362 36.56692913385827 13.606299212598426 publi-

106.58267716535433 489.8267716535433 40.53543307086614 13.88976377952756 cation
134.9291338582677 489.8267716535433 32.59842519685039 13.88976377952756 d’un
155.33858267716536 489.8267716535433 44.78740157480315 13.88976377952756 ouvrage
187.93700787401573 489.8267716535433 48.75590551181102 13.88976377952756 intitulé
224.50393700787401 489.8267716535433 69.16535433070867 13.88976377952756 l'Histoire
281.4803149606299 489.8267716535433 24.37795275590551 13.88976377952756 de
293.6692913385827 489.8267716535433 24.37795275590551 13.88976377952756 la
305.8582677165354 489.8267716535433 56.976377952755904 13.88976377952756 démocratie
346.3937007874016 489.8267716535433 56.976377952755904 13.88976377952756 moderne.

76.53543307086615 512.2204724409448 49.60629921259842 18.4251968503937 103.
107.43307086614173 512.2204724409448 68.03149606299213 18.4251968503937 QUERINI
157.03937007874015 512.2204724409448 111.4015748031496 18.4251968503937 (Angelo-Maria,
250.01574803149606 512.2204724409448 86.74015748031496 18.4251968503937 cardinal),
318.3307086614173 512.2204724409448 37.13385826771653 18.4251968503937 un
336.755905511811 512.2204724409448 43.37007874015748 18.4251968503937 des
361.7007874015748 512.2204724409448 49.60629921259842 18.4251968503937 plus
386.3622047244094 512.2204724409448 49.60629921259842 18.4251968503937 grands

110.26771653543307 526.3937007874016 68.5984251968504 15.874015748031496 érudits
160.15748031496062 526.3937007874016 37.41732283464567 15.874015748031496 du
178.86614173228347 526.3937007874016 62.36220472440945 15.874015748031496 XVIIIe
222.51968503937007 526.3937007874016 68.5984251968504 15.874015748031496 siècle,
272.40944881889766 526.3937007874016 43.653543307086615 15.874015748031496 ami
297.6377952755906 526.3937007874016 37.41732283464567 15.874015748031496 de
316.34645669291336 526.3937007874016 81.07086614173228 15.874015748031496 Voltaire,
378.70866141732284 526.3937007874016 37.41732283464567 15.874015748031496 n.
391.18110236220474 526.3937007874016 43.653543307086615 15.874015748031496 1680,

110.26771653543307 544.5354330708661 37.7007874015748 10.204724409448819 m.
122.74015748031496 544.5354330708661 43.93700787401575 10.204724409448819 1759.

121.32283464566929 561.8267716535433 28.062992125984252 14.173228346456693 L.
135.49606299212599 561.8267716535433 28.062992125984252 14.173228346456693 a.
149.66929133858267 561.8267716535433 32.881889763779526 14.173228346456693 s.;
168.3779527559055 561.8267716535433 56.125984251968504 14.173228346456693 Brescia,
210.33070866141733 561.8267716535433 28.062992125984252 14.173228346456693 24
224.50393700787401 561.8267716535433 42.23622047244095 14.173228346456693 avril
252.56692913385828 561.8267716535433 42.23622047244095 14.173228346456693 1746,
280.62992125984255 561.8267716535433 23.52755905511811 14.173228346456693 1
289.98425196850394 561.8267716535433 28.062992125984252 14.173228346456693 p.
304.15748031496065 561.8267716535433 42.23622047244095 14.173228346456693 in-4.
332.2204724409449 561.8267716535433 42.23622047244095 14.173228346456693 Belle
355.748031496063 561.8267716535433 37.41732283464567 14.173228346456693 pièce.

76.25196850393701 585.6377952755905 47.338582677165356 18.141732283464567 104.
105.73228346456693 585.6377952755905 47.338582677165356 18.141732283464567 RETZ
135.21259842519686 585.6377952755905 135.7795275590551 18.141732283464567 (Jean-François-Paul
253.41732283464566 585.6377952755905 35.43307086614173 18.141732283464567 de
270.99212598425197 585.6377952755905 58.960629921259844 18.141732283464567 Gondi,
312.37795275590554 585.6377952755905 70.86614173228347 18.141732283464567 cardinal
365.38582677165357 585.6377952755905 47.338582677165356 18.141732283464567 de),
388.9133858267717 585.6377952755905 47.338582677165356 18.141732283464567 arche-

109.7007874015748 599.5275590551181 47.90551181102362 17.858267716535433 vêque
141.73228346456693 599.5275590551181 32.031496062992126 17.858267716535433 de
157.88976377952756 599.5275590551181 53.29133858267716 17.858267716535433 Paris,
195.0236220472441 599.5275590551181 58.67716535433071 17.858267716535433 célèbre
237.82677165354332 599.5275590551181 69.44881889763779 17.858267716535433 frondeur,
291.11811023622045 599.5275590551181 53.29133858267716 17.858267716535433 auteur
328.53543307086613 599.5275590551181 32.031496062992126 17.858267716535433 de
339.0236220472441 599.5275590551181 96.09448818897638 17.858267716535433 Mémoires,

110.26771653543307 617.1023622047244 35.71653543307087 13.039370078740157 n.
128.1259842519685 617.1023622047244 53.85826771653543 13.039370078740157 1613,
163.84251968503938 617.1023622047244 35.71653543307087 13.039370078740157 m.
176.03149606299212 617.1023622047244 41.669291338582674 13.039370078740157 1679.

121.60629921259843 634.9606299212599 32.59842519685039 14.173228346456693 L.
137.76377952755905 634.9606299212599 32.59842519685039 14.173228346456693 s.
154.20472440944883 634.9606299212599 27.212598425196852 14.173228346456693 à
164.9763779527559 634.9606299212599 54.14173228346457 14.173228346456693 l’abbé
202.6771653543307 634.9606299212599 70.2992125984252 14.173228346456693 Charrier;
257.1023622047244 634.9606299212599 70.2992125984252 14.173228346456693 Commercy,
311.244094488189 634.9606299212599 32.59842519685039 14.173228346456693 24
327.40157480314963 634.9606299212599 64.91338582677166 14.173228346456693 décembre
376.15748031496065 634.9606299212599 48.75590551181102 14.173228346456693 1667,
408.4724409448819 634.9606299212599 27.212598425196852 14.173228346456693 1
414.1417322834646 634.9606299212599 21.543307086614174 14.173228346456693 p.

109.7007874015748 647.7165354330708 43.37007874015748 12.755905511811024 in-4,
138.61417322834646 647.7165354330708 52.724409448818896 12.755905511811024 cachets
176.88188976377953 647.7165354330708 38.55118110236221 12.755905511811024 bien
200.9763779527559 647.7165354330708 62.36220472440945 12.755905511811024 conservés
249.16535433070865 647.7165354330708 28.913385826771652 12.755905511811024 et
258.5196850393701 647.7165354330708 38.55118110236221 12.755905511811024 soies.

117.92125984251969 665.8582677165355 73.98425196850394 12.472440944881889 Intéressante
178.01574803149606 665.8582677165355 46.20472440944882 12.472440944881889 lettre
210.33070866141733 665.8582677165355 55.55905511811024 12.472440944881889 relative
252.0 665.8582677165355 23.244094488188978 12.472440944881889 à
261.07086614173227 665.8582677165355 27.77952755905512 12.472440944881889 sa
274.96062992125985 665.8582677165355 60.09448818897638 12.472440944881889 démission
321.4488188976378 665.8582677165355 41.669291338582674 12.472440944881889 d’une
344.40944881889766 665.8582677165355 41.669291338582674 12.472440944881889 abbaye.
