617.6692913385826 891.7795275590552
212.88188976377953 131.24409448818898 42.51968503937008 10.204724409448819 —
229.88976377952756 131.24409448818898 42.51968503937008 10.204724409448819 5
238.39370078740157 131.24409448818898 25.511811023622048 10.204724409448819 —

67.46456692913385 153.35433070866142 49.889763779527556 10.204724409448819 23.
95.81102362204724 153.35433070866142 92.69291338582677 10.204724409448819 CATHERINE
159.8740157480315 153.35433070866142 35.71653543307087 10.204724409448819 II.

106.86614173228347 170.9291338582677 26.64566929133858 12.472440944881889 L.
120.18897637795276 170.9291338582677 26.64566929133858 12.472440944881889 a.
133.51181102362204 170.9291338582677 26.64566929133858 12.472440944881889 s.
147.11811023622047 170.9291338582677 80.22047244094489 12.472440944881889 Sophie,
213.73228346456693 170.9291338582677 26.64566929133858 12.472440944881889 en
227.0551181102362 170.9291338582677 57.826771653543304 12.472440944881889 français,
271.5590551181102 170.9291338582677 26.64566929133858 12.472440944881889 au
284.88188976377955 170.9291338582677 53.29133858267716 12.472440944881889 maréchal
324.8503937007874 170.9291338582677 31.181102362204726 12.472440944881889 von
342.70866141732284 170.9291338582677 53.29133858267716 12.472440944881889 Plessen;
378.4251968503937 170.9291338582677 39.968503937007874 12.472440944881889 Zerbst,

96.09448818897638 182.83464566929135 23.52755905511811 12.472440944881889 29
108.0 182.83464566929135 27.496062992125985 12.472440944881889 mai
123.59055118110236 182.83464566929135 35.1496062992126 12.472440944881889 1743,
147.11811023622047 182.83464566929135 19.559055118110237 12.472440944881889 2
155.0551181102362 182.83464566929135 23.52755905511811 12.472440944881889 p.
166.6771653543307 182.83464566929135 35.1496062992126 12.472440944881889 in-4.
190.20472440944883 182.83464566929135 62.645669291338585 12.472440944881889 Rare.
241.22834645669292 182.83464566929135 70.58267716535433 12.472440944881889 (Collection
299.90551181102364 182.83464566929135 27.496062992125985 12.472440944881889 von
315.7795275590551 182.83464566929135 27.496062992125985 12.472440944881889 der
327.40157480314963 182.83464566929135 47.05511811023622 12.472440944881889 Tann.)

101.76377952755905 198.99212598425197 61.511811023622045 11.05511811023622 PRÉCIEUSE
149.38582677165354 198.99212598425197 52.15748031496063 11.05511811023622 LETTRE,
187.08661417322836 198.99212598425197 47.338582677165356 11.05511811023622 écrite
220.251968503937 198.99212598425197 42.803149606299215 11.05511811023622 comme
248.88188976377953 198.99212598425197 61.511811023622045 11.05511811023622 princesse
296.2204724409449 198.99212598425197 94.96062992125984 11.05511811023622 d’Anhalt-Zerbst,
376.7244094488189 198.99212598425197 28.346456692913385 11.05511811023622 au
386.3622047244094 198.99212598425197 33.16535433070866 11.05511811023622 sujet

91.84251968503936 209.1968503937008 28.062992125984252 10.771653543307087 de
106.01574803149606 209.1968503937008 70.2992125984252 10.771653543307087 compliments
162.4251968503937 209.1968503937008 51.59055118110236 10.771653543307087 qu'elle
199.84251968503938 209.1968503937008 37.41732283464567 10.771653543307087 doit
223.37007874015748 209.1968503937008 56.40944881889764 10.771653543307087 adresser
265.6062992125984 209.1968503937008 23.52755905511811 10.771653543307087 à
274.96062992125985 209.1968503937008 28.062992125984252 10.771653543307087 un
289.13385826771656 209.1968503937008 28.062992125984252 10.771653543307087 de
303.0236220472441 209.1968503937008 32.881889763779526 10.771653543307087 ses
317.1968503937008 209.1968503937008 42.23622047244095 10.771653543307087 oncles.

69.16535433070867 229.3228346456693 43.08661417322835 14.740157480314961 24.
93.8267716535433 229.3228346456693 67.46456692913385 14.740157480314961 CHARLES
142.86614173228347 229.3228346456693 49.039370078740156 14.740157480314961 XII,
173.76377952755905 229.3228346456693 43.08661417322835 14.740157480314961 roi
198.14173228346456 229.3228346456693 36.8503937007874 14.740157480314961 de
216.56692913385828 229.3228346456693 61.511811023622045 14.740157480314961 Suède,
259.65354330708664 229.3228346456693 73.7007874015748 14.740157480314961 illustre
314.92913385826773 229.3228346456693 79.93700787401575 14.740157480314961 guerrier,
370.20472440944883 229.3228346456693 49.039370078740156 14.740157480314961 adver-

95.81102362204724 243.21259842519686 50.74015748031496 13.88976377952756 saire
129.54330708661416 243.21259842519686 33.732283464566926 13.88976377952756 de
146.5511811023622 243.21259842519686 56.40944881889764 13.88976377952756 Pierre
185.95275590551182 243.21259842519686 33.732283464566926 13.88976377952756 le
202.6771653543307 243.21259842519686 56.40944881889764 13.88976377952756 Grand,
242.07874015748033 243.21259842519686 33.732283464566926 13.88976377952756 n.
259.0866141732283 243.21259842519686 50.74015748031496 13.88976377952756 1682,
292.81889763779526 243.21259842519686 39.40157480314961 13.88976377952756 tué
315.21259842519686 243.21259842519686 33.732283464566926 13.88976377952756 en
326.5511811023622 243.21259842519686 39.40157480314961 13.88976377952756 1718.

106.58267716535433 262.20472440944883 31.181102362204726 12.188976377952756 L.
122.1732283464567 262.20472440944883 31.181102362204726 12.188976377952756 a.
137.76377952755905 262.20472440944883 36.56692913385827 12.188976377952756 s.,
158.74015748031496 262.20472440944883 31.181102362204726 12.188976377952756 en
174.33070866141733 262.20472440944883 62.645669291338585 12.188976377952756 français
221.10236220472441 262.20472440944883 31.181102362204726 12.188976377952756 (à
236.69291338582678 262.20472440944883 47.05511811023622 12.188976377952756 LOUIS
268.15748031496065 262.20472440944883 47.05511811023622 12.188976377952756 XIV);
299.33858267716533 262.20472440944883 72.85039370078741 12.188976377952756 Stralsund,
356.59842519685037 262.20472440944883 31.181102362204726 12.188976377952756 13
367.0866141732283 262.20472440944883 52.15748031496063 12.188976377952756 décembre

98.07874015748031 274.1102362204724 34.2992125984252 11.622047244094489 1714,
120.75590551181102 274.1102362204724 26.64566929133858 11.622047244094489 1/2
136.06299212598427 274.1102362204724 22.96062992125984 11.622047244094489 p.
147.4015748031496 274.1102362204724 34.2992125984252 11.622047244094489 in-4.
166.39370078740157 274.1102362204724 53.29133858267716 11.622047244094489 Rare.

102.04724409448819 289.98425196850394 62.645669291338585 10.771653543307087 PRÉCIEUSE
150.23622047244095 289.98425196850394 43.37007874015748 10.771653543307087 PIÈCE
179.1496062992126 289.98425196850394 28.913385826771652 10.771653543307087 Il
193.60629921259843 289.98425196850394 33.732283464566926 10.771653543307087 lui
212.88188976377953 289.98425196850394 53.00787401574803 10.771653543307087 annonce
251.43307086614172 289.98425196850394 53.00787401574803 10.771653543307087 l'envoi
289.7007874015748 289.98425196850394 28.913385826771652 10.771653543307087 du
304.15748031496065 289.98425196850394 43.37007874015748 10.771653543307087 baron
333.07086614173227 289.98425196850394 28.913385826771652 10.771653543307087 de
347.5275590551181 289.98425196850394 48.188976377952756 10.771653543307087 Sparre
381.25984251968504 289.98425196850394 33.732283464566926 10.771653543307087 qui
395.7165354330709 289.98425196850394 24.094488188976378 10.771653543307087 est

92.40944881889764 300.18897637795277 46.20472440944882 11.05511811023622 chargé
124.7244094488189 300.18897637795277 27.77952755905512 11.05511811023622 de
138.61417322834646 300.18897637795277 32.31496062992126 11.05511811023622 ses
157.03937007874015 300.18897637795277 73.98425196850394 11.05511811023622 instructions
217.13385826771653 300.18897637795277 36.8503937007874 11.05511811023622 pour
240.09448818897638 300.18897637795277 55.55905511811024 11.05511811023622 négocier
281.76377952755905 300.18897637795277 27.77952755905512 11.05511811023622 un
295.65354330708664 300.18897637795277 46.20472440944882 11.05511811023622 traité
327.9685039370079 300.18897637795277 27.77952755905512 11.05511811023622 de
337.3228346456693 300.18897637795277 32.31496062992126 11.05511811023622 paix.

68.88188976377953 320.0314960629921 46.488188976377955 15.023622047244094 25.
95.24409448818898 320.0314960629921 112.53543307086615 15.023622047244094 CHATEAUBRIAND
187.93700787401573 320.0314960629921 125.85826771653544 15.023622047244094 (François-René,
293.9527559055118 320.0314960629921 72.85039370078741 15.023622047244094 vicomte
346.96062992125985 320.0314960629921 53.00787401574803 15.023622047244094 de),
373.3228346456693 320.0314960629921 46.488188976377955 15.023622047244094 l’il-

94.96062992125984 333.9212598425197 66.04724409448819 14.173228346456693 lustre
141.16535433070865 333.9212598425197 85.88976377952756 14.173228346456693 écrivain,
207.21259842519686 333.9212598425197 66.04724409448819 14.173228346456693 membre
253.70078740157481 333.9212598425197 39.68503937007874 14.173228346456693 de
273.54330708661416 333.9212598425197 92.69291338582677 14.173228346456693 l’Académie
339.59055118110234 333.9212598425197 79.37007874015748 14.173228346456693 française,

96.09448818897638 350.0787401574803 36.28346456692913 11.905511811023622 n.
114.23622047244095 350.0787401574803 54.425196850393704 11.905511811023622 1768,
150.51968503937007 350.0787401574803 36.28346456692913 11.905511811023622 m.
162.70866141732284 350.0787401574803 42.23622047244095 11.905511811023622 1848.

106.58267716535433 366.8031496062992 29.19685039370079 12.188976377952756 L.
121.03937007874016 366.8031496062992 29.19685039370079 12.188976377952756 a.
135.7795275590551 366.8031496062992 29.19685039370079 12.188976377952756 s.
150.51968503937007 366.8031496062992 24.37795275590551 12.188976377952756 à
160.15748031496062 366.8031496062992 34.2992125984252 12.188976377952756 une
179.71653543307087 366.8031496062992 73.41732283464567 12.188976377952756 demoiselle;
238.39370078740157 366.8031496062992 58.67716535433071 12.188976377952756 Londres,
282.3307086614173 366.8031496062992 29.19685039370079 12.188976377952756 28
297.07086614173227 366.8031496062992 34.2992125984252 12.188976377952756 mai
316.62992125984255 366.8031496062992 43.93700787401575 12.188976377952756 1823,
345.8267716535433 366.8031496062992 24.37795275590551 12.188976377952756 1
355.748031496063 366.8031496062992 29.19685039370079 12.188976377952756 p.
370.48818897637796 366.8031496062992 34.2992125984252 12.188976377952756 1/2
384.9448818897638 366.8031496062992 34.2992125984252 12.188976377952756 in

102.33070866141732 382.96062992125985 41.38582677165354 11.338582677165354 Belle
129.82677165354332 382.96062992125985 45.92125984251968 11.338582677165354 lettre
162.14173228346456 382.96062992125985 27.496062992125985 11.338582677165354 où
175.748031496063 382.96062992125985 27.496062992125985 11.338582677165354 il
189.63779527559055 382.96062992125985 50.45669291338583 11.338582677165354 déclare
226.48818897637796 382.96062992125985 32.31496062992126 11.338582677165354 que
244.91338582677164 382.96062992125985 27.496062992125985 11.338582677165354 la
258.5196850393701 382.96062992125985 50.45669291338583 11.338582677165354 famille
295.37007874015745 382.96062992125985 27.496062992125985 11.338582677165354 de
309.25984251968504 382.96062992125985 32.31496062992126 11.338582677165354 son
327.68503937007875 382.96062992125985 64.34645669291339 11.338582677165354 beau-frère
373.6062992125984 382.96062992125985 45.92125984251968 11.338582677165354 n’habite

92.69291338582677 393.1653543307087 32.31496062992126 11.622047244094489 pas
111.11811023622047 393.1653543307087 73.7007874015748 11.622047244094489 l’Angleterre
170.9291338582677 393.1653543307087 27.496062992125985 11.622047244094489 et
184.53543307086613 393.1653543307087 50.74015748031496 11.622047244094489 qu'elle
221.38582677165354 393.1653543307087 27.496062992125985 11.622047244094489 se
235.2755905511811 393.1653543307087 45.92125984251968 11.622047244094489 trouve
267.3070866141732 393.1653543307087 36.8503937007874 11.622047244094489 dans
290.5511811023622 393.1653543307087 32.31496062992126 11.622047244094489 une
308.9763779527559 393.1653543307087 59.811023622047244 11.622047244094489 situation
354.8976377952756 393.1653543307087 32.31496062992126 11.622047244094489 peu
368.503937007874 393.1653543307087 50.74015748031496 11.622047244094489 heureuse.

69.44881889763779 412.15748031496065 43.93700787401575 16.724409448818896 26.
94.39370078740157 412.15748031496065 68.88188976377953 16.724409448818896 CHÉNIER
144.56692913385828 412.15748031496065 106.58267716535433 16.724409448818896 (Marie-Joseph
232.15748031496062 412.15748031496065 50.173228346456696 16.724409448818896 de),
263.62204724409446 412.15748031496065 56.40944881889764 16.724409448818896 frère
301.03937007874015 412.15748031496065 56.40944881889764 16.724409448818896 cadet
338.74015748031496 412.15748031496065 68.88188976377953 16.724409448818896 d’André
382.3937007874016 412.15748031496065 37.7007874015748 16.724409448818896 Ché-

95.24409448818898 427.18110236220474 58.39370078740158 14.740157480314961 nier,
134.07874015748033 427.18110236220474 116.78740157480316 14.740157480314961 conventionnel,
231.59055118110237 427.18110236220474 64.91338582677166 14.740157480314961 auteur
276.9448818897638 427.18110236220474 97.22834645669292 14.740157480314961 dramatique,
354.8976377952756 427.18110236220474 64.91338582677166 14.740157480314961 membre
393.73228346456693 427.18110236220474 26.078740157480315 14.740157480314961 de

95.5275590551181 441.9212598425197 82.48818897637796 13.606299212598426 l’Académie
160.44094488188978 441.9212598425197 82.48818897637796 13.606299212598426 française,
225.0708661417323 441.9212598425197 35.43307086614173 13.606299212598426 n.
242.64566929133858 441.9212598425197 53.00787401574803 13.606299212598426 1764,
278.0787401574803 441.9212598425197 35.43307086614173 13.606299212598426 m.
289.98425196850394 441.9212598425197 41.10236220472441 13.606299212598426 1811.

107.14960629921259 460.34645669291336 28.913385826771652 12.188976377952756 L.
121.60629921259843 460.34645669291336 28.913385826771652 12.188976377952756 a.
136.06299212598427 460.34645669291336 28.913385826771652 12.188976377952756 s.
150.51968503937007 460.34645669291336 24.094488188976378 12.188976377952756 à
159.8740157480315 460.34645669291336 28.913385826771652 12.188976377952756 un
174.33070866141733 460.34645669291336 62.36220472440945 12.188976377952756 confrère;
222.51968503937007 460.34645669291336 28.913385826771652 12.188976377952756 12
236.69291338582678 460.34645669291336 38.55118110236221 12.188976377952756 juin
260.78740157480314 460.34645669291336 43.08661417322835 12.188976377952756 1806,
289.7007874015748 460.34645669291336 24.094488188976378 12.188976377952756 1
299.33858267716533 460.34645669291336 28.913385826771652 12.188976377952756 p.
308.6929133858268 460.34645669291336 33.732283464566926 12.188976377952756 in

102.33070866141732 476.2204724409449 70.58267716535433 11.622047244094489 Intéressante
159.8740157480315 476.2204724409449 43.93700787401575 11.622047244094489 lettre
190.48818897637796 476.2204724409449 26.362204724409448 11.622047244094489 où
203.81102362204723 476.2204724409449 26.362204724409448 11.622047244094489 il
217.13385826771653 476.2204724409449 39.68503937007874 11.622047244094489 parle
243.49606299212599 476.2204724409449 26.362204724409448 11.622047244094489 de
256.81889763779526 476.2204724409449 30.89763779527559 11.622047244094489 ses
274.3937007874016 476.2204724409449 43.93700787401575 11.622047244094489 études
305.29133858267716 476.2204724409449 57.25984251968504 11.622047244094489 relatives
349.2283464566929 476.2204724409449 22.11023622047244 11.622047244094489 à
353.76377952755905 476.2204724409449 66.04724409448819 11.622047244094489 l’instruction

92.69291338582677 486.4251968503937 58.67716535433071 11.622047244094489 publique
136.62992125984252 486.4251968503937 34.2992125984252 11.622047244094489 sur
156.18897637795277 486.4251968503937 68.31496062992126 11.622047244094489 lesquelles
209.76377952755905 486.4251968503937 29.19685039370079 11.622047244094489 il
224.50393700787401 486.4251968503937 53.85826771653543 11.622047244094489 appelle
263.62204724409446 486.4251968503937 73.13385826771653 11.622047244094489 l'attention
322.01574803149606 486.4251968503937 29.19685039370079 11.622047244094489 du
336.755905511811 486.4251968503937 83.05511811023622 11.622047244094489 gouvernement.
400.251968503937 486.4251968503937 19.559055118110237 11.622047244094489 Il

92.97637795275591 496.34645669291336 50.45669291338583 11.905511811023622 déclare
129.54330708661416 496.34645669291336 41.38582677165354 11.905511811023622 qu’il
157.3228346456693 496.34645669291336 32.031496062992126 11.905511811023622 est
175.748031496063 496.34645669291336 45.92125984251968 11.905511811023622 urgent
207.7795275590551 496.34645669291336 36.8503937007874 11.905511811023622 pour
230.74015748031496 496.34645669291336 32.031496062992126 11.905511811023622 lui
249.16535433070865 496.34645669291336 27.496062992125985 11.905511811023622 de
262.7716535433071 496.34645669291336 50.45669291338583 11.905511811023622 trouver
299.62204724409446 496.34645669291336 32.031496062992126 11.905511811023622 des
318.0472440944882 496.34645669291336 45.92125984251968 11.905511811023622 moyens
345.54330708661416 496.34645669291336 64.34645669291339 11.905511811023622 d’existence.

69.16535433070867 517.0393700787401 44.503937007874015 15.307086614173228 27.
94.39370078740157 517.0393700787401 82.77165354330708 15.307086614173228 CHERUBINI
158.17322834645668 517.0393700787401 76.53543307086615 15.307086614173228 (Louis),
215.43307086614172 517.0393700787401 70.01574803149606 15.307086614173228 célèbre
266.45669291338584 517.0393700787401 95.5275590551181 15.307086614173228 compositeur
342.70866141732284 517.0393700787401 38.267716535433074 15.307086614173228 de
355.46456692913387 517.0393700787401 63.77952755905512 15.307086614173228 musique,

95.81102362204724 533.1968503937007 35.43307086614173 11.905511811023622 n.
113.66929133858268 533.1968503937007 53.29133858267716 11.905511811023622 1760,
149.10236220472441 533.1968503937007 35.43307086614173 11.905511811023622 m.
161.00787401574803 533.1968503937007 41.38582677165354 11.905511811023622 1842.

107.14960629921259 549.9212598425197 55.275590551181104 12.188976377952756 Morceau
147.4015748031496 549.9212598425197 30.330708661417322 12.188976377952756 de
162.70866141732284 549.9212598425197 55.275590551181104 12.188976377952756 musique
202.96062992125985 549.9212598425197 40.25196850393701 12.188976377952756 aut.
228.18897637795277 549.9212598425197 45.354330708661415 12.188976377952756 sig.,
258.23622047244095 549.9212598425197 25.228346456692915 12.188976377952756 1
268.4409448818898 549.9212598425197 30.330708661417322 12.188976377952756 p.
283.46456692913387 549.9212598425197 40.25196850393701 12.188976377952756 in-8
303.59055118110234 549.9212598425197 45.354330708661415 12.188976377952756 oblong.

102.33070866141732 567.496062992126 41.38582677165354 10.204724409448819 C’est
129.82677165354332 567.496062992126 27.496062992125985 10.204724409448819 un
143.71653543307087 567.496062992126 41.38582677165354 10.204724409448819 sujet
171.21259842519686 567.496062992126 27.496062992125985 10.204724409448819 de
180.28346456692913 567.496062992126 36.8503937007874 10.204724409448819 fugue.

69.73228346456693 586.2047244094488 42.23622047244095 15.590551181102363 28.
93.8267716535433 586.2047244094488 60.37795275590551 15.590551181102363 CHOPIN
136.06299212598427 586.2047244094488 90.4251968503937 15.590551181102363 (Frédéric),
208.62992125984252 586.2047244094488 66.33070866141732 15.590551181102363 célèbre
256.81889763779526 586.2047244094488 72.56692913385827 15.590551181102363 pianiste
311.244094488189 586.2047244094488 36.28346456692913 15.590551181102363 et
329.38582677165357 586.2047244094488 90.4251968503937 15.590551181102363 compositeur
395.7165354330709 586.2047244094488 24.094488188976378 15.590551181102363 de

96.09448818897638 601.2283464566929 73.13385826771653 13.88976377952756 musique,
151.08661417322836 601.2283464566929 36.56692913385827 13.88976377952756 n.
169.51181102362204 601.2283464566929 54.99212598425197 13.88976377952756 1810,
206.07874015748033 601.2283464566929 36.56692913385827 13.88976377952756 m.
218.26771653543307 601.2283464566929 42.803149606299215 13.88976377952756 1849.

108.85039370078741 618.8031496062993 30.614173228346456 12.755905511811024 L.
124.15748031496064 618.8031496062993 30.614173228346456 12.755905511811024 a.
139.46456692913387 618.8031496062993 30.614173228346456 12.755905511811024 s.
154.77165354330708 618.8031496062993 30.614173228346456 12.755905511811024 (à
169.79527559055117 618.8031496062993 81.35433070866142 12.755905511811024 Franchomme);
236.1259842519685 618.8031496062993 51.023622047244096 12.755905511811024 Nohant
271.5590551181102 618.8031496062993 30.614173228346456 12.755905511811024 (4
286.86614173228344 618.8031496062993 55.84251968503937 12.755905511811024 juillet
327.68503937007875 618.8031496062993 51.023622047244096 12.755905511811024 1844),
363.40157480314963 618.8031496062993 25.511811023622048 12.755905511811024 1
373.3228346456693 618.8031496062993 30.614173228346456 12.755905511811024 p.
383.5275590551181 618.8031496062993 35.71653543307087 12.755905511811024 in

99.49606299212599 631.5590551181102 30.330708661417322 8.78740157480315 Très
119.05511811023622 631.5590551181102 30.330708661417322 8.78740157480315 rare.

103.46456692913385 645.1653543307086 60.661417322834644 11.622047244094489 PRÉCIEUSE
149.95275590551182 645.1653543307086 46.488188976377955 11.622047244094489 PIÈCE,
182.5511811023622 645.1653543307086 55.84251968503937 11.622047244094489 relative
224.50393700787401 645.1653543307086 23.244094488188978 11.622047244094489 à
233.85826771653544 645.1653543307086 28.062992125984252 11.622047244094489 la
247.748031496063 645.1653543307086 69.73228346456693 11.622047244094489 publication
303.59055118110234 645.1653543307086 41.95275590551181 11.622047244094489 d’une
331.65354330708664 645.1653543307086 28.062992125984252 11.622047244094489 de
345.54330708661416 645.1653543307086 32.59842519685039 11.622047244094489 ses
364.251968503937 645.1653543307086 46.488188976377955 11.622047244094489 œuvres
392.0314960629921 645.1653543307086 28.062992125984252 11.622047244094489 dont

93.8267716535433 655.3700787401575 30.89763779527559 11.338582677165354 il
109.13385826771653 655.3700787401575 56.976377952755904 11.338582677165354 demande
150.51968503937007 655.3700787401575 36.28346456692913 11.338582677165354 600
171.21259842519686 655.3700787401575 56.976377952755904 11.338582677165354 francs.
212.5984251968504 655.3700787401575 30.89763779527559 11.338582677165354 En
228.18897637795277 655.3700787401575 87.8740157480315 11.338582677165354 post-scriptum
300.4724409448819 655.3700787401575 51.59055118110236 11.338582677165354 Chopin
336.755905511811 655.3700787401575 41.38582677165354 11.338582677165354 fait
362.5511811023622 655.3700787401575 56.976377952755904 11.338582677165354 mention
398.8346456692913 655.3700787401575 20.69291338582677 11.338582677165354 de

93.54330708661418 666.4251968503937 49.889763779527556 10.771653543307087 George
123.59055118110236 666.4251968503937 34.86614173228347 10.771653543307087 Sand.
