558.7086614173228 891.7795275590552
322.2992125984252 136.62992125984252 39.968503937007874 9.354330708661417 —
338.1732283464567 136.62992125984252 39.968503937007874 9.354330708661417 6
346.1102362204724 136.62992125984252 24.094488188976378 9.354330708661417 —

174.04724409448818 155.6220472440945 42.51968503937008 16.724409448818896 29.
198.14173228346456 155.6220472440945 54.70866141732284 16.724409448818896 CONDÉ
234.70866141732284 155.6220472440945 60.661417322834644 16.724409448818896 (Henri
277.2283464566929 155.6220472440945 36.28346456692913 16.724409448818896 II
295.37007874015745 155.6220472440945 36.28346456692913 16.724409448818896 de
313.51181102362204 155.6220472440945 72.85039370078741 16.724409448818896 Bourbon,
368.2204724409449 155.6220472440945 60.661417322834644 16.724409448818896 prince
410.74015748031496 155.6220472440945 48.47244094488189 16.724409448818896 de),
441.07086614173227 155.6220472440945 66.89763779527559 16.724409448818896 célèbre
483.59055118110234 155.6220472440945 36.28346456692913 16.724409448818896 chef

200.9763779527559 170.64566929133858 92.40944881889764 18.4251968503937 protestant,
274.96062992125985 170.64566929133858 49.32283464566929 18.4251968503937 père
305.5748031496063 170.64566929133858 36.8503937007874 18.4251968503937 du
324.0 170.64566929133858 55.275590551181104 18.4251968503937 Grand
361.13385826771656 170.64566929133858 61.511811023622045 18.4251968503937 Condé,
404.2204724409449 170.64566929133858 49.32283464566929 18.4251968503937 chef
434.8346456692913 170.64566929133858 36.8503937007874 18.4251968503937 du
453.25984251968504 170.64566929133858 67.74803149606299 18.4251968503937 Conseil
496.34645669291336 170.64566929133858 24.661417322834644 18.4251968503937 de

201.54330708661416 185.38582677165354 63.496062992125985 14.740157480314961 Régence
247.46456692913387 185.38582677165354 51.874015748031496 14.740157480314961 après
282.0472440944882 185.38582677165354 34.58267716535433 14.740157480314961 la
299.33858267716533 185.38582677165354 46.20472440944882 14.740157480314961 mort
328.251968503937 185.38582677165354 34.58267716535433 14.740157480314961 de
345.54330708661416 185.38582677165354 51.874015748031496 14.740157480314961 Louis
380.12598425196853 185.38582677165354 51.874015748031496 14.740157480314961 XIII,
414.70866141732284 185.38582677165354 34.58267716535433 14.740157480314961 n.
432.0 185.38582677165354 51.874015748031496 14.740157480314961 1588,
466.5826771653543 185.38582677165354 34.58267716535433 14.740157480314961 m.
478.20472440944883 185.38582677165354 40.25196850393701 14.740157480314961 1646.

212.88188976377953 204.3779527559055 30.04724409448819 14.456692913385826 L.
227.90551181102362 204.3779527559055 30.04724409448819 14.456692913385826 a.
242.9291338582677 204.3779527559055 30.04724409448819 14.456692913385826 s.
257.9527559055118 204.3779527559055 30.04724409448819 14.456692913385826 au
272.9763779527559 204.3779527559055 39.968503937007874 14.456692913385826 pape
298.20472440944883 204.3779527559055 54.99212598425197 14.456692913385826 (Urbain
338.1732283464567 204.3779527559055 50.173228346456696 14.456692913385826 VIII);
373.3228346456693 204.3779527559055 50.173228346456696 14.456692913385826 Paris,
408.18897637795277 204.3779527559055 24.944881889763778 14.456692913385826 9
418.3937007874016 204.3779527559055 60.09448818897638 14.456692913385826 novembre
463.46456692913387 204.3779527559055 45.07086614173228 14.456692913385826 1645,
493.51181102362204 204.3779527559055 24.944881889763778 14.456692913385826 1
498.3307086614173 204.3779527559055 20.125984251968504 14.456692913385826 p,

202.96062992125985 216.8503937007874 60.94488188976378 10.204724409448819 in-folio,
250.01574803149606 216.8503937007874 51.59055118110236 10.204724409448819 adresse
287.43307086614175 216.8503937007874 28.062992125984252 10.204724409448819 et
296.78740157480314 216.8503937007874 42.23622047244095 10.204724409448819 cachet.

208.3464566929134 231.8740157480315 47.338582677165356 11.622047244094489 SUPERBE
242.64566929133858 231.8740157480315 43.08661417322835 11.622047244094489 LETTRE
272.9763779527559 231.8740157480315 25.79527559055118 11.622047244094489 où
286.01574803149606 231.8740157480315 25.79527559055118 11.622047244094489 il
298.7716535433071 231.8740157480315 25.79527559055118 11.622047244094489 le
311.81102362204723 231.8740157480315 47.338582677165356 11.622047244094489 supplie
346.3937007874016 231.8740157480315 25.79527559055118 11.622047244094489 de
359.1496062992126 231.8740157480315 60.37795275590551 11.622047244094489 considérer
406.7716535433071 231.8740157480315 30.04724409448819 11.622047244094489 les
423.7795275590551 231.8740157480315 51.874015748031496 11.622047244094489 intérêts
462.61417322834643 231.8740157480315 25.79527559055118 11.622047244094489 de
475.65354330708664 231.8740157480315 25.79527559055118 11.622047244094489 la
484.15748031496065 231.8740157480315 34.58267716535433 11.622047244094489 France

197.85826771653544 242.36220472440945 36.28346456692913 10.771653543307087 avec
220.53543307086613 242.36220472440945 45.354330708661415 10.771653543307087 autant
252.28346456692913 242.36220472440945 68.03149606299213 10.771653543307087 d’affection
306.70866141732284 242.36220472440945 31.748031496062993 10.771653543307087 que
324.8503937007874 242.36220472440945 40.818897637795274 10.771653543307087 l'ont
352.34645669291336 242.36220472440945 36.28346456692913 10.771653543307087 fait
375.0236220472441 242.36220472440945 31.748031496062993 10.771653543307087 ses
388.62992125984255 242.36220472440945 72.56692913385827 10.771653543307087 prédécesseurs.

173.76377952755905 261.3543307086614 42.51968503937008 16.15748031496063 30.
197.85826771653544 261.3543307086614 60.661417322834644 16.15748031496063 DANTON
240.3779527559055 261.3543307086614 84.75590551181102 16.15748031496063 (Georges),
306.99212598425197 261.3543307086614 36.28346456692913 16.15748031496063 le
325.13385826771656 261.3543307086614 66.61417322834646 16.15748031496063 célèbre
373.3228346456693 261.3543307086614 108.85039370078741 16.15748031496063 conventionnel,
464.31496062992125 261.3543307086614 36.28346456692913 16.15748031496063 n.
476.503937007874 261.3543307086614 42.51968503937008 16.15748031496063 1759,

201.54330708661416 275.5275590551181 68.03149606299213 14.740157480314961 décapité
252.56692913385828 275.5275590551181 34.01574803149607 14.740157480314961 en
269.5748031496063 275.5275590551181 51.023622047244096 14.740157480314961 1794.

214.29921259842519 294.5196850393701 25.511811023622048 11.622047244094489 P.
227.0551181102362 294.5196850393701 29.763779527559056 11.622047244094489 s.;
244.06299212598427 294.5196850393701 42.51968503937008 11.622047244094489 Paris,
273.54330708661416 294.5196850393701 25.511811023622048 11.622047244094489 22
286.2992125984252 294.5196850393701 34.01574803149607 11.622047244094489 août
307.5590551181102 294.5196850393701 38.267716535433074 11.622047244094489 1792,
333.07086614173227 294.5196850393701 21.25984251968504 11.622047244094489 3
341.5748031496063 294.5196850393701 25.511811023622048 11.622047244094489 p.
354.3307086614173 294.5196850393701 29.763779527559056 11.622047244094489 1/4
371.0551181102362 294.5196850393701 54.99212598425197 11.622047244094489 in-folio,
413.5748031496063 294.5196850393701 46.77165354330709 11.622047244094489 cachet.
443.33858267716533 294.5196850393701 59.24409448818898 11.622047244094489 Rare.

209.1968503937008 310.3937007874016 59.811023622047244 11.622047244094489 Signature
255.11811023622047 310.3937007874016 50.74015748031496 11.622047244094489 apposée
291.9685039370079 310.3937007874016 32.31496062992126 11.622047244094489 sur
310.3937007874016 310.3937007874016 32.31496062992126 11.622047244094489 une
328.81889763779526 310.3937007874016 41.38582677165354 11.622047244094489 copie
356.31496062992125 310.3937007874016 55.275590551181104 11.622047244094489 conforme
397.7007874015748 310.3937007874016 27.496062992125985 11.622047244094489 de
411.59055118110234 310.3937007874016 27.496062992125985 11.622047244094489 la
425.1968503937008 310.3937007874016 32.31496062992126 11.622047244094489 loi
443.62204724409446 310.3937007874016 27.496062992125985 11.622047244094489 du
457.51181102362204 310.3937007874016 27.496062992125985 11.622047244094489 20
471.40157480314963 310.3937007874016 36.8503937007874 11.622047244094489 août
489.8267716535433 310.3937007874016 27.496062992125985 11.622047244094489 1792

199.2755905511811 319.18110236220474 74.26771653543307 13.039370078740157 réglementant
259.37007874015745 319.18110236220474 27.77952755905512 13.039370078740157 le
273.25984251968504 319.18110236220474 51.023622047244096 13.039370078740157 service
310.3937007874016 319.18110236220474 32.31496062992126 13.039370078740157 des
329.1023622047244 319.18110236220474 51.023622047244096 13.039370078740157 troupes
365.9527559055118 319.18110236220474 51.023622047244096 13.039370078740157 suisses
403.0866141732283 319.18110236220474 27.77952755905512 13.039370078740157 au
416.9763779527559 319.18110236220474 51.023622047244096 13.039370078740157 service
454.1102362204724 319.18110236220474 27.77952755905512 13.039370078740157 de
468.0 319.18110236220474 27.77952755905512 13.039370078740157 la
477.3543307086614 319.18110236220474 41.669291338582674 13.039370078740157 France.

173.76377952755905 339.0236220472441 43.93700787401575 15.307086614173228 31.
198.70866141732284 339.0236220472441 75.11811023622047 15.307086614173228 DASCHKOW
255.11811023622047 339.0236220472441 87.59055118110236 15.307086614173228 (Catherine
324.0 339.0236220472441 87.59055118110236 15.307086614173228 Romanofna,
392.88188976377955 339.0236220472441 93.8267716535433 15.307086614173228 princesse),
461.76377952755905 339.0236220472441 62.645669291338585 15.307086614173228 favorite

202.39370078740157 353.4803149606299 33.44881889763779 14.740157480314961 de
219.11811023622047 353.4803149606299 94.39370078740157 14.740157480314961 l’impératrice
296.78740157480314 353.4803149606299 72.28346456692914 14.740157480314961 Catherine
352.34645669291336 353.4803149606299 38.83464566929134 14.740157480314961 II,
374.74015748031496 353.4803149606299 38.83464566929134 14.740157480314961 qui
396.8503937007874 353.4803149606299 38.83464566929134 14.740157480314961 lui
418.96062992125985 353.4803149606299 38.83464566929134 14.740157480314961 dut
441.3543307086614 353.4803149606299 38.83464566929134 14.740157480314961 son
458.0787401574803 353.4803149606299 60.94488188976378 14.740157480314961 avènement

201.82677165354332 369.07086614173227 35.1496062992126 12.188976377952756 au
219.4015748031496 369.07086614173227 58.67716535433071 12.188976377952756 trône,
260.503937007874 369.07086614173227 35.1496062992126 12.188976377952756 n.
278.0787401574803 369.07086614173227 52.724409448818896 12.188976377952756 1744,
313.2283464566929 369.07086614173227 35.1496062992126 12.188976377952756 m.
324.8503937007874 369.07086614173227 41.10236220472441 12.188976377952756 1810.

213.4488188976378 386.3622047244094 32.59842519685039 13.32283464566929 L.
229.60629921259843 386.3622047244094 32.59842519685039 13.32283464566929 a.
246.04724409448818 386.3622047244094 38.267716535433074 13.32283464566929 s.,
267.87401574803147 386.3622047244094 32.59842519685039 13.32283464566929 en
284.31496062992125 386.3622047244094 70.86614173228347 13.32283464566929 français,
338.74015748031496 386.3622047244094 32.59842519685039 13.32283464566929 au
355.18110236220474 386.3622047244094 32.59842519685039 13.32283464566929 R.
371.62204724409446 386.3622047244094 32.59842519685039 13.32283464566929 P.
387.7795275590551 386.3622047244094 81.92125984251969 13.32283464566929 Hermengilde
453.25984251968504 386.3622047244094 49.039370078740156 13.32283464566929 Pini;
480.4724409448819 386.3622047244094 38.267716535433074 13.32283464566929 Pise,

204.3779527559055 397.7007874015748 21.826771653543307 12.472440944881889 10
215.43307086614172 397.7007874015748 43.37007874015748 12.472440944881889 juillet,
248.03149606299212 397.7007874015748 18.141732283464567 12.472440944881889 1
255.11811023622047 397.7007874015748 21.826771653543307 12.472440944881889 p.
266.1732283464567 397.7007874015748 32.59842519685039 12.472440944881889 in-4.
287.7165354330709 397.7007874015748 39.968503937007874 12.472440944881889 Très
316.9133858267717 397.7007874015748 47.05511811023622 12.472440944881889 rare.
352.9133858267717 397.7007874015748 47.05511811023622 12.472440944881889 (Coll.
389.1968503937008 397.7007874015748 21.826771653543307 12.472440944881889 A.
396.56692913385825 397.7007874015748 47.05511811023622 12.472440944881889 Bovet.)

209.1968503937008 414.1417322834646 42.23622047244095 10.771653543307087 Belle
237.54330708661416 414.1417322834646 47.05511811023622 10.771653543307087 lettre
270.4251968503937 414.1417322834646 28.062992125984252 10.771653543307087 de
284.31496062992125 414.1417322834646 79.65354330708661 10.771653543307087 remerciements
350.0787401574803 414.1417322834646 28.062992125984252 10.771653543307087 du
364.251968503937 414.1417322834646 47.05511811023622 10.771653543307087 cadeau
397.13385826771656 414.1417322834646 42.23622047244095 10.771653543307087 qu’il
425.1968503937008 414.1417322834646 32.881889763779526 10.771653543307087 lui
443.90551181102364 414.1417322834646 23.52755905511811 10.771653543307087 a
453.25984251968504 414.1417322834646 51.59055118110236 10.771653543307087 envoyé.
486.1417322834646 414.1417322834646 32.881889763779526 10.771653543307087 «Vous

199.2755905511811 424.34645669291336 76.25196850393701 11.05511811023622 m’obligeriez
261.3543307086614 424.34645669291336 66.89763779527559 11.05511811023622 infiniment
313.79527559055117 424.34645669291336 28.62992125984252 11.05511811023622 si
328.251968503937 424.34645669291336 38.267716535433074 11.05511811023622 vous
352.06299212598424 424.34645669291336 28.62992125984252 11.05511811023622 me
366.23622047244095 424.34645669291336 52.44094488188976 11.05511811023622 donniez
404.503937007874 424.34645669291336 57.25984251968504 11.05511811023622 quelques
442.7716535433071 424.34645669291336 76.25196850393701 11.05511811023622 renseignements

199.55905511811022 434.5511811023622 31.181102362204726 10.488188976377952 sur
217.41732283464566 434.5511811023622 31.181102362204726 10.488188976377952 les
235.2755905511811 434.5511811023622 53.29133858267716 10.488188976377952 endroits
274.96062992125985 434.5511811023622 26.64566929133858 10.488188976377952 de
288.2834645669291 434.5511811023622 53.29133858267716 10.488188976377952 l’Italie
328.251968503937 434.5511811023622 31.181102362204726 10.488188976377952 qui
346.1102362204724 434.5511811023622 26.64566929133858 10.488188976377952 me
359.43307086614175 434.5511811023622 48.75590551181102 10.488188976377952 restent
394.86614173228344 434.5511811023622 22.11023622047244 10.488188976377952 à
403.65354330708664 434.5511811023622 35.43307086614173 10.488188976377952 voir
425.76377952755905 434.5511811023622 26.64566929133858 10.488188976377952 où
439.0866141732283 434.5511811023622 26.64566929133858 10.488188976377952 je
452.40944881889766 434.5511811023622 44.22047244094488 10.488188976377952 puisse
479.0551181102362 434.5511811023622 39.968503937007874 10.488188976377952 trouver

200.1259842519685 444.4724409448819 32.31496062992126 11.338582677165354 des
218.5511811023622 444.4724409448819 46.20472440944882 11.338582677165354 choses
250.86614173228347 444.4724409448819 32.31496062992126 11.338582677165354 qui
269.29133858267716 444.4724409448819 60.09448818897638 11.338582677165354 regardent
315.496062992126 444.4724409448819 64.62992125984252 11.338582677165354 l’histoire
366.23622047244095 444.4724409448819 69.16535433070867 11.338582677165354 naturelle.»
421.79527559055117 444.4724409448819 36.8503937007874 11.338582677165354 Très
444.755905511811 444.4724409448819 41.669291338582674 11.338582677165354 jolie
472.53543307086613 444.4724409448819 46.20472440944882 11.338582677165354 lettre
500.31496062992125 444.4724409448819 18.4251968503937 11.338582677165354 au

199.2755905511811 454.6771653543307 39.968503937007874 11.622047244094489 point
225.92125984251967 454.6771653543307 26.64566929133858 11.622047244094489 de
239.24409448818898 454.6771653543307 31.181102362204726 11.622047244094489 vue
257.1023622047244 454.6771653543307 31.181102362204726 11.622047244094489 des
274.6771653543307 454.6771653543307 57.54330708661417 11.622047244094489 relations
319.18110236220474 454.6771653543307 66.61417322834646 11.622047244094489 littéraires
372.4724409448819 454.6771653543307 31.181102362204726 11.622047244094489 qui
390.0472440944882 454.6771653543307 62.07874015748032 11.622047244094489 unissaient
438.8031496062992 454.6771653543307 31.181102362204726 11.622047244094489 les
456.66141732283467 454.6771653543307 39.968503937007874 11.622047244094489 beaux
478.7716535433071 454.6771653543307 39.968503937007874 11.622047244094489 esprits

199.55905511811022 466.01574803149606 23.811023622047244 9.921259842519685 à
209.1968503937008 466.01574803149606 42.803149606299215 9.921259842519685 cette
233.00787401574803 466.01574803149606 42.803149606299215 9.921259842519685 époque.

174.89763779527559 484.15748031496065 45.354330708661415 14.740157480314961 32.
200.9763779527559 484.15748031496065 71.43307086614173 14.740157480314961 DICKENS
252.8503937007874 484.15748031496065 90.70866141732283 14.740157480314961 (Charles),
324.0 484.15748031496065 38.83464566929134 14.740157480314961 le
343.5590551181102 484.15748031496065 71.43307086614173 14.740157480314961 célèbre
395.43307086614175 484.15748031496065 84.18897637795276 14.740157480314961 romancier
453.54330708661416 484.15748031496065 64.91338582677166 14.740157480314961 anglais,

202.39370078740157 499.46456692913387 35.71653543307087 11.622047244094489 n.
220.251968503937 499.46456692913387 53.85826771653543 11.622047244094489 1812,
255.96850393700788 499.46456692913387 35.71653543307087 11.622047244094489 m.
268.15748031496065 499.46456692913387 41.669291338582674 11.622047244094489 1870.

214.01574803149606 516.7559055118111 32.031496062992126 12.472440944881889 L.
230.17322834645668 516.7559055118111 32.031496062992126 12.472440944881889 a.
246.04724409448818 516.7559055118111 32.031496062992126 12.472440944881889 s.
262.20472440944883 516.7559055118111 26.64566929133858 12.472440944881889 D
272.9763779527559 516.7559055118111 32.031496062992126 12.472440944881889 (à
288.8503937007874 516.7559055118111 37.41732283464567 12.472440944881889 son
310.3937007874016 516.7559055118111 48.188976377952756 12.472440944881889 frère
342.4251968503937 516.7559055118111 53.574803149606296 12.472440944881889 Fred);
379.84251968503935 516.7559055118111 64.06299212598425 12.472440944881889 Londres,
427.748031496063 516.7559055118111 32.031496062992126 12.472440944881889 28
443.90551181102364 516.7559055118111 58.67716535433071 12.472440944881889 février
481.3228346456693 516.7559055118111 37.41732283464567 12.472440944881889 1848,

203.81102362204723 528.9448818897638 22.11023622047244 11.05511811023622 1
212.88188976377953 528.9448818897638 26.362204724409448 11.05511811023622 p.
225.92125984251967 528.9448818897638 30.89763779527559 11.05511811023622 1/2
243.7795275590551 528.9448818897638 39.68503937007874 11.05511811023622 in-8.
270.1417322834646 528.9448818897638 39.68503937007874 11.05511811023622 Jolie
292.251968503937 528.9448818897638 39.68503937007874 11.05511811023622 lettre.

174.89763779527559 549.6377952755905 43.653543307086615 15.023622047244094 33.
199.84251968503938 549.6377952755905 93.8267716535433 15.023622047244094 DOSTOIEWSKI
274.96062992125985 549.6377952755905 87.59055118110236 15.023622047244094 (Théodor),
343.5590551181102 549.6377952755905 37.41732283464567 15.023622047244094 le
362.26771653543307 549.6377952755905 68.5984251968504 15.023622047244094 célèbre
412.15748031496065 549.6377952755905 81.07086614173228 15.023622047244094 romancier
468.56692913385825 549.6377952755905 49.889763779527556 15.023622047244094 russe,

202.39370078740157 560.9763779527559 36.56692913385827 16.15748031496063 n.
220.53543307086613 560.9763779527559 54.99212598425197 16.15748031496063 1821,
257.1023622047244 560.9763779527559 36.56692913385827 16.15748031496063 m.
275.5275590551181 560.9763779527559 54.99212598425197 16.15748031496063 1881.

215.71653543307087 582.5196850393701 23.811023622047244 11.905511811023622 L.
227.6220472440945 582.5196850393701 23.811023622047244 11.905511811023622 a.
239.5275590551181 582.5196850393701 27.77952755905512 11.905511811023622 s.;
255.68503937007873 582.5196850393701 19.84251968503937 11.905511811023622 3
263.62204724409446 582.5196850393701 43.93700787401575 11.905511811023622 juillet
295.37007874015745 582.5196850393701 36.0 11.905511811023622 1848,
319.46456692913387 582.5196850393701 19.84251968503937 11.905511811023622 1
327.40157480314963 582.5196850393701 23.811023622047244 11.905511811023622 p.
339.3070866141732 582.5196850393701 36.0 11.905511811023622 in-4.
359.1496062992126 582.5196850393701 55.84251968503937 11.905511811023622 Rare.

174.61417322834646 602.3622047244095 47.05511811023622 15.023622047244094 34.
201.54330708661416 602.3622047244095 87.59055118110236 15.023622047244094 DONIZETTI
269.00787401574803 602.3622047244095 94.39370078740157 15.023622047244094 (Gaëtano),
342.99212598425197 602.3622047244095 40.53543307086614 15.023622047244094 le
363.40157480314963 602.3622047244095 73.98425196850394 15.023622047244094 célèbre
417.25984251968504 602.3622047244095 100.91338582677166 15.023622047244094 compositeur
491.244094488189 602.3622047244095 26.929133858267715 15.023622047244094 de

203.24409448818898 616.8188976377953 65.19685039370079 14.173228346456693 musique
250.58267716535434 616.8188976377953 71.14960629921259 14.173228346456693 italien,
304.15748031496065 616.8188976377953 35.43307086614173 14.173228346456693 n.
321.73228346456693 616.8188976377953 53.29133858267716 14.173228346456693 1798,
357.4488188976378 616.8188976377953 35.43307086614173 14.173228346456693 m.
369.3543307086614 616.8188976377953 41.38582677165354 14.173228346456693 1848.

214.29921259842519 635.8110236220473 32.031496062992126 11.338582677165354 L.
230.45669291338584 635.8110236220473 32.031496062992126 11.338582677165354 a.
246.33070866141733 635.8110236220473 32.031496062992126 11.338582677165354 s.
262.20472440944883 635.8110236220473 32.031496062992126 11.338582677165354 au
278.0787401574803 635.8110236220473 47.90551181102362 11.338582677165354 comte
310.1102362204724 635.8110236220473 53.29133858267716 11.338582677165354 Giulio
347.244094488189 635.8110236220473 53.29133858267716 11.338582677165354 Pullé;
384.37795275590554 635.8110236220473 58.39370078740158 11.338582677165354 Venise,
426.8976377952756 635.8110236220473 32.031496062992126 11.338582677165354 20
443.0551181102362 635.8110236220473 58.39370078740158 11.338582677165354 février
480.18897637795277 635.8110236220473 37.13385826771653 11.338582677165354 1837,

202.6771653543307 647.4330708661417 26.362204724409448 11.622047244094489 2
213.4488188976378 647.4330708661417 31.748031496062993 11.622047244094489 p.
229.03937007874015 647.4330708661417 36.8503937007874 11.622047244094489 1/2
250.29921259842519 647.4330708661417 47.62204724409449 11.622047244094489 in-8.
282.0472440944882 647.4330708661417 52.724409448818896 11.622047244094489 Légers
313.51181102362204 647.4330708661417 84.4724409448819 11.622047244094489 raccommodages.

209.48031496062993 663.3070866141733 34.58267716535433 11.05511811023622 Très
231.0236220472441 663.3070866141733 69.44881889763779 11.05511811023622 intéressante
287.43307086614175 663.3070866141733 47.62204724409449 11.05511811023622 lettre,
322.2992125984252 663.3070866141733 39.118110236220474 11.05511811023622 toute
348.09448818897636 663.3070866141733 56.40944881889764 11.05511811023622 musicale.
391.46456692913387 663.3070866141733 26.078740157480315 11.05511811023622 La
404.503937007874 663.3070866141733 47.62204724409449 11.05511811023622 musique
439.37007874015745 663.3070866141733 56.40944881889764 11.05511811023622 sérieuse,
478.20472440944883 663.3070866141733 39.118110236220474 11.05511811023622 dit

199.2755905511811 673.7952755905512 24.094488188976378 8.220472440944881 a
208.91338582677164 673.7952755905512 47.90551181102362 8.220472440944881 besoin
242.36220472440945 673.7952755905512 47.90551181102362 8.220472440944881 d’être
271.2755905511811 673.7952755905512 43.08661417322835 8.220472440944881 mâchée.
