2179 3146
812 444 116 26 —
858 444 139 26 13
905 444 70 26 —

374 513 153 42 fils,
476 513 153 42 c’est
578 513 187 42 qu’elle
714 513 204 42 professe
867 513 136 42 pour
952 513 119 42 lui
1019 513 102 42 la
1070 513 136 42 plus
1155 513 136 42 vive
1240 513 255 42 admiration.
1427 513 102 42 Elle

377 549 195 41 renonce
519 549 142 41 donc
608 549 89 41 à
644 549 124 41 son
715 549 195 41 projet.
857 549 142 41 «Ah!
945 549 142 41 vous
1034 549 107 41 le
1087 549 178 41 savés,
1212 549 107 41 ma
1247 549 284 41 reconnaissance

378 585 155 40 n'est
481 585 121 40 pas
550 585 155 40 celle
654 585 121 40 des
723 585 138 40 âmes
810 585 259 40 ordinaires,
1017 585 138 40 mais
1103 585 138 40 dans
1190 585 104 40 ce
1241 585 173 40 cas-ci
1362 585 104 40 je
1397 585 138 40 serais

377 621 182 40 effraié
510 621 99 40 de
559 621 99 40 sa
609 621 215 40 grandeur,
774 621 116 40 non
840 621 116 40 que
906 621 99 40 je
956 621 198 40 voulusse
1104 621 99 40 la
1154 621 182 40 sentir,
1286 621 132 40 mais
1369 621 99 40 de
1418 621 99 40 ce
1451 621 83 40 que

376 655 101 43 je
427 655 101 43 ne
477 655 185 43 pourrai
612 655 168 43 jamais
729 655 269 43 l’acquitter.
948 655 101 43 Je
998 655 101 43 ne
1049 655 134 43 puis
1133 655 168 43 écrire
1250 655 235 43 davantage;
1418 655 118 43 dites

380 691 132 41 tout
463 691 99 41 ce
513 691 149 41 qu’il
612 691 182 41 manque,
744 691 165 41 faites
859 691 132 41 tout
942 691 99 41 ce
991 691 116 41 que
1057 691 99 41 je
1107 691 165 41 désire
1222 691 99 41 et
1272 691 99 41 du
1321 691 149 41 moins
1404 691 132 41 dites-

378 727 145 40 vous
468 727 127 40 que
541 727 108 40 ma
595 727 289 40 proposition,
830 727 199 40 quelque
975 727 217 40 terrible
1137 727 199 40 qu’elle
1282 727 108 40 me
1336 727 217 40 paraisse
1481 727 54 40 à

380 762 187 41 présent,
521 762 172 41 n’était
646 762 109 41 pas
708 762 140 41 dicté
802 762 109 41 par
864 762 218 41 l’égoïsme,
1036 762 125 41 mais
1114 762 109 41 par
1176 762 94 41 la
1223 762 250 41 sensibilité,
1426 762 94 41 et
1457 762 78 41 que

382 798 97 41 la
430 798 178 41 manière
560 798 130 41 dont
641 798 130 41 vous
722 798 97 41 la
771 798 178 41 reçutes
901 798 130 41 doit
982 798 195 41 enrichir
1128 798 146 41 votre
1225 798 114 41 âme
1290 798 130 41 d'un
1371 798 130 41 bien
1436 798 97 41 beau

381 834 220 40 souvenir.
551 834 102 40 Je
601 834 136 40 suis
686 834 187 40 accablé
822 834 102 40 de
873 834 136 40 maux
958 834 102 40 de
1008 834 170 40 nerfs.
1127 834 119 40 Ah!
1195 834 136 40 vous
1280 834 153 40 savés
1381 834 119 40 que
1432 834 102 40 j’ai

379 869 124 40 une
450 869 124 40 âme
521 869 124 40 qui
592 869 124 40 tue
663 869 124 40 mon
735 869 178 40 corps.
859 869 107 40 Je
912 869 142 40 vous
1001 869 231 40 embrasse,
1179 869 142 40 cher
1268 869 107 40 et
1303 869 231 40 respectable

380 909 135 36 ami;
465 909 101 36 je
515 909 135 36 vous
600 909 186 36 aimerai
718 909 237 36 toujours...»

295 967 164 56 68.
388 967 140 56 LA
458 967 257 56 FAYETTE
645 967 281 56 (Gilbert
856 967 257 56 Motier,
1043 967 257 56 marquis
1230 967 187 56 de),
1324 967 210 56 célèbre

390 1019 232 51 général
559 1019 127 51 et
622 1019 190 51 homme
749 1019 296 51 politique,
982 1019 127 51 n.
1045 1019 190 51 1757,
1172 1019 127 51 m.
1214 1019 148 51 1834.

430 1078 103 44 L.
481 1078 103 44 a.
533 1078 103 44 s.
584 1078 86 44 à
619 1078 103 44 M.
670 1078 103 44 V.
721 1078 172 44 Thoré;
841 1078 172 44 Paris,
962 1078 103 44 25
1013 1078 154 44 avril
1116 1078 154 44 1824,
1219 1078 86 44 1
1253 1078 103 44 p.
1305 1078 120 44 1/3
1356 1078 120 44 in

415 1131 190 42 Superbe
553 1131 173 42 lettre
674 1131 104 42 où
726 1131 104 42 il
778 1131 121 42 lui
847 1131 242 42 recommande
1037 1131 121 42 une
1106 1131 173 42 pauvre
1227 1131 156 42 femme
1331 1131 121 42 qui
1400 1131 86 42 a
1417 1131 121 42 perdu

383 1167 105 41 sa
435 1167 210 41 position
592 1167 157 41 parce
697 1167 192 41 qu'elle
837 1167 122 41 est
907 1167 105 41 la
960 1167 140 41 sœur
1047 1167 105 41 de
1100 1167 210 41 Pommier,
1257 1167 140 41 l'un
1345 1167 122 41 des
1397 1167 140 41 quatre

381 1207 192 37 sergents
525 1207 96 37 de
573 1207 96 37 la
604 1207 176 37 Rochelle.

294 1265 160 55 69.
386 1265 298 55 LAMARTINE
615 1265 298 55 (Alphonse
844 1265 183 55 de),
959 1265 138 55 le
1028 1265 206 55 grand
1165 1265 229 55 poète,
1326 1265 138 55 n.
1372 1265 160 55 1790,

389 1321 130 36 m.
433 1321 151 36 1869.

432 1378 104 41 L.
484 1378 104 41 a.
536 1378 121 41 s.;
605 1378 277 41 Saint-Point,
830 1378 104 41 10
882 1378 190 41 octobre
1020 1378 156 41 1858,
1124 1378 87 41 3
1158 1378 104 41 p.
1193 1378 121 41 in

415 1428 179 43 SUPERBE
545 1428 179 43 LETTRE.
675 1428 98 43 Il
724 1428 98 43 se
773 1428 163 43 plaint
886 1428 114 43 que
951 1428 98 43 la
1000 1428 260 43 souscription
1212 1428 114 43 que
1277 1428 130 43 l’on
1358 1428 130 43 fait
1439 1428 98 43 en
1472 1428 65 43 sa

383 1464 163 43 faveur
497 1464 146 43 n’ait
594 1464 114 43 pas
659 1464 130 43 plus
740 1464 163 43 d’écho
854 1464 98 43 au
903 1464 130 43 nord
984 1464 146 43 qu’au
1082 1464 130 43 midi
1163 1464 98 43 de
1212 1464 98 43 la
1261 1464 179 43 France.
1391 1464 146 43 «J'ai
1472 1464 65 43 la

383 1500 242 41 conscience
573 1500 121 41 que
642 1500 138 41 l'on
728 1500 104 41 me
780 1500 173 41 devait
900 1500 155 41 mieux
1004 1500 121 41 que
1073 1500 121 41 des
1142 1500 207 41 outrages
1297 1500 104 41 et
1349 1500 121 41 des
1401 1500 138 41 ostra-

382 1535 185 40 cismes.
516 1535 134 40 Sans
600 1535 117 40 mon
667 1535 252 40 dévouement,
869 1535 134 40 bien
953 1535 101 40 ou
1003 1535 117 40 mal
1070 1535 218 40 réfléchi,
1238 1535 134 40 pour
1322 1535 134 40 elle
1406 1535 101 40 au
1439 1535 101 40 jour

381 1570 104 43 de
433 1570 121 43 ses
502 1570 242 43 angoisses,
692 1570 104 43 je
744 1570 104 43 ne
796 1570 173 43 serais
918 1570 121 43 pas
987 1570 191 43 expulsé
1125 1570 104 43 de
1177 1570 121 43 mon
1247 1570 139 43 toit
1333 1570 208 43 paternel
1472 1570 69 43 et

381 1606 188 39 bientôt
517 1606 137 39 meme
603 1606 102 39 de
654 1606 119 39 ses
722 1606 256 39 frontières.
927 1606 119 39 Que
995 1606 137 39 Dieu
1081 1606 102 39 ne
1132 1606 119 39 les
1200 1606 119 39 lui
1268 1606 154 39 rende
1354 1606 119 39 pas!»

297 1668 158 57 70.
388 1668 136 57 LA
456 1668 384 57 ROCHEFOUCAULD
772 1668 294 57 (François
998 1668 158 57 VI,
1088 1668 158 57 duc
1179 1668 181 57 de),
1269 1668 271 57 l'illustre

396 1721 237 50 écrivain,
578 1721 182 50 auteur
706 1721 128 50 des
779 1721 347 50 <i>Maximes,</i>
1071 1721 109 50 n,
1125 1721 164 50 1613.
1235 1721 109 50 m.
1271 1721 128 50 1680.

439 1780 102 47 P.
490 1780 119 47 s.,
558 1780 169 47 signée
676 1780 152 47 aussi
778 1780 119 47 par
846 1780 169 47 Andrée
964 1780 102 47 de
1015 1780 203 47 Vivonne,
1167 1780 119 47 son
1235 1780 186 47 épouse;
1371 1780 85 47 3
1388 1780 152 47 juillet

400 1826 120 41 1658,
480 1826 67 41 2
506 1826 80 41 p.
546 1826 173 41 in-folio.
679 1826 146 41 <i>Très
773 1826 146 41 rare</i>.

415 1875 255 40 Procuration
619 1875 170 40 donnée
739 1875 85 40 à
773 1875 136 40 Paul
858 1875 204 40 Bernard,
1011 1875 136 40 leur
1096 1875 238 40 intendant,
1284 1875 136 40 pour
1352 1875 187 40 emprunter

381 1916 118 29 une
449 1916 152 29 somme
550 1916 101 29 de
601 1916 152 29 9.000
685 1916 152 29 livres.

300 1973 152 57 71.
387 1973 217 57 LAYNEZ
539 1973 261 57 (Jaime),
735 1973 130 57 un
800 1973 152 57 des
887 1973 261 57 premiers
1083 1973 130 57 et
1148 1973 152 57 des
1235 1973 174 57 plus
1322 1973 217 57 célèbres

392 2023 282 54 disciples
609 2023 260 54 d’Ignace
804 2023 130 54 de
869 2023 217 54 Loyola
1020 2023 130 54 et
1085 2023 152 54 son
1172 2023 303 54 successeur
1388 2023 152 54 comme

394 2072 220 53 général
554 2072 120 53 de
614 2072 220 53 l’ordre
775 2072 140 53 des
855 2072 261 53 jésuites,
1055 2072 120 53 n.
1115 2072 180 53 1512,
1236 2072 120 53 m.
1276 2072 140 53 1565.

435 2131 91 47 P.
480 2131 106 47 s.,
541 2131 91 47 en
586 2131 182 47 italien,
722 2131 151 47 signée
828 2131 136 47 aussi
919 2131 106 47 par
979 2131 303 47 <i>Bobadilla</i>
1237 2131 91 47 et
1267 2131 272 47 <i>Salmeron</i>,

393 2173 249 46 disciples
584 2173 230 46 d’Ignace
756 2173 115 46 de
814 2173 191 46 Loyola
948 2173 115 46 et
1005 2173 115 46 le
1063 2173 210 46 docteur
1216 2173 210 46 Madrid;
1369 2173 172 46 Rome,
1464 2173 77 46 29

400 2213 94 47 mai
453 2213 121 47 1555,
534 2213 67 47 1
561 2213 81 47 p.
602 2213 94 47 1/2
656 2213 175 47 in-folio.
791 2213 148 47 <i>Très
898 2213 175 47 rare</i>,
1033 2213 175 47 (<i>Coll.
1168 2213 81 47 B.
1195 2213 189 47 Fillon</i>.)

420 2269 217 45 Consultés
587 2269 117 45 par
654 2269 117 45 Don
721 2269 134 45 Juan
804 2269 100 45 de
854 2269 134 45 Luna
938 2269 117 45 sur
1005 2269 117 45 les
1071 2269 250 45 hésitations
1272 2269 150 45 qu’il
1372 2269 184 45 éprouve
1489 2269 50 45 à

384 2305 172 43 rester
504 2305 138 43 dans
591 2305 207 43 l’ordre,
746 2305 121 43 ces
815 2305 172 43 quatre
936 2305 155 43 pères
1039 2305 190 43 opinent
1177 2305 138 43 pour
1263 2305 155 43 qu’il
1349 2305 190 43 persévère

386 2340 130 45 dans
467 2340 97 45 sa
515 2340 194 45 première
661 2340 243 45 résolution.
856 2340 194 45 L’exposé
1001 2340 97 45 de
1050 2340 130 45 Luna
1131 2340 113 45 est
1196 2340 97 45 en
1244 2340 130 45 tête
1325 2340 97 45 de
1374 2340 97 45 la
1406 2340 130 45 pièce.
