534.8976377952756 851.5275590551181
281.1968503937008 129.54330708661416 33.44881889763779 7.3700787401574805 —
294.5196850393701 129.54330708661416 39.968503937007874 7.3700787401574805 20
307.84251968503935 129.54330708661416 20.125984251968504 7.3700787401574805 —

122.74015748031496 149.95275590551182 53.29133858267716 15.874015748031496 105.
155.90551181102362 149.95275590551182 79.65354330708661 15.874015748031496 ROUSSEAU
215.71653543307087 149.95275590551182 132.9448818897638 15.874015748031496 (Jean-Baptiste),
328.81889763779526 149.95275590551182 73.13385826771653 15.874015748031496 célèbre
381.8267716535433 149.95275590551182 59.811023622047244 15.874015748031496 poète
414.99212598425197 149.95275590551182 66.61417322834646 15.874015748031496 lyrique,

157.03937007874015 163.84251968503938 67.74803149606299 15.307086614173228 membre
204.3779527559055 163.84251968503938 40.53543307086614 15.307086614173228 de
224.78740157480314 163.84251968503938 94.67716535433071 15.307086614173228 l’Académie
299.0551181102362 163.84251968503938 47.338582677165356 15.307086614173228 des
326.26771653543307 163.84251968503938 115.08661417322834 15.307086614173228 Inscriptions,
420.9448818897638 163.84251968503938 40.53543307086614 15.307086614173228 n.
434.5511811023622 163.84251968503938 47.338582677165356 15.307086614173228 1671,

159.0236220472441 178.58267716535434 37.13385826771653 9.637795275590552 m.
171.49606299212599 178.58267716535434 43.37007874015748 9.637795275590552 1741.

169.22834645669292 196.7244094488189 30.330708661417322 12.755905511811024 L.
184.53543307086613 196.7244094488189 30.330708661417322 12.755905511811024 a.
199.55905511811022 196.7244094488189 30.330708661417322 12.755905511811024 s.
214.86614173228347 196.7244094488189 25.228346456692915 12.755905511811024 à
224.78740157480314 196.7244094488189 35.43307086614173 12.755905511811024 une
245.1968503937008 196.7244094488189 45.63779527559055 12.755905511811024 dame;
275.5275590551181 196.7244094488189 60.661417322834644 12.755905511811024 Soleure,
321.1653543307087 196.7244094488189 30.330708661417322 12.755905511811024 29
336.18897637795277 196.7244094488189 60.661417322834644 12.755905511811024 décembre
381.8267716535433 196.7244094488189 45.63779527559055 12.755905511811024 1713,
412.15748031496065 196.7244094488189 25.228346456692915 12.755905511811024 2
422.0787401574803 196.7244094488189 30.330708661417322 12.755905511811024 p.
432.2834645669291 196.7244094488189 35.43307086614173 12.755905511811024 in

163.84251968503938 213.16535433070865 37.7007874015748 11.338582677165354 Très
187.6535433070866 213.16535433070865 42.51968503937008 11.338582677165354 jolie
216.0 213.16535433070865 47.338582677165356 11.338582677165354 lettre
248.88188976377953 213.16535433070865 28.346456692913385 11.338582677165354 de
263.0551181102362 213.16535433070865 70.86614173228347 11.338582677165354 compliments
319.748031496063 213.16535433070865 23.52755905511811 11.338582677165354 à
329.38582677165357 213.16535433070865 66.04724409448819 11.338582677165354 l’occasion
381.25984251968504 213.16535433070865 28.346456692913385 11.338582677165354 du
395.43307086614175 213.16535433070865 85.03937007874016 11.338582677165354 renouvellement
461.4803149606299 213.16535433070865 18.992125984251967 11.338582677165354 de

151.08661417322836 223.37007874015748 44.22047244094488 7.937007874015748 l’année.

123.59055118110236 241.51181102362204 48.75590551181102 15.023622047244094 106.
153.92125984251967 241.51181102362204 85.32283464566929 15.023622047244094 RUBINSTEIN
220.8188976377953 241.51181102362204 85.32283464566929 15.023622047244094 (Antoine),
287.7165354330709 241.51181102362204 66.89763779527559 15.023622047244094 célèbre
336.4724409448819 241.51181102362204 73.13385826771653 15.023622047244094 pianiste
391.18110236220474 241.51181102362204 36.56692913385827 15.023622047244094 et
403.37007874015745 241.51181102362204 79.08661417322834 15.023622047244094 compositeur

158.45669291338584 255.68503937007873 36.56692913385827 13.88976377952756 de
176.88188976377953 255.68503937007873 67.18110236220473 13.88976377952756 musique
225.63779527559055 255.68503937007873 60.94488188976378 13.88976377952756 russe,
268.4409448818898 255.68503937007873 36.56692913385827 13.88976377952756 n.
286.5826771653543 255.68503937007873 54.99212598425197 13.88976377952756 1829,
323.1496062992126 255.68503937007873 36.56692913385827 13.88976377952756 m.
335.33858267716533 255.68503937007873 42.803149606299215 13.88976377952756 1894.

168.09448818897638 274.3937007874016 56.69291338582677 12.472440944881889 Morceau
209.1968503937008 274.3937007874016 30.89763779527559 12.472440944881889 de
224.78740157480314 274.3937007874016 56.69291338582677 12.472440944881889 musique
265.8897637795276 274.3937007874016 41.10236220472441 12.472440944881889 aut.
291.68503937007875 274.3937007874016 41.10236220472441 12.472440944881889 avec
317.4803149606299 274.3937007874016 61.79527559055118 12.472440944881889 dédicace
363.9685039370079 274.3937007874016 41.10236220472441 12.472440944881889 aut.
389.76377952755905 274.3937007874016 41.10236220472441 12.472440944881889 sig.
415.5590551181102 274.3937007874016 25.79527559055118 12.472440944881889 à
425.76377952755905 274.3937007874016 41.10236220472441 12.472440944881889 miss
446.45669291338584 274.3937007874016 36.0 12.472440944881889 Octa-

157.60629921259843 285.73228346456693 34.2992125984252 11.905511811023622 via
177.16535433070865 285.73228346456693 54.14173228346457 11.905511811023622 Caroli;
216.56692913385828 285.73228346456693 49.039370078740156 11.905511811023622 Paris,
250.86614173228347 285.73228346456693 24.661417322834644 11.905511811023622 5
260.78740157480314 285.73228346456693 34.2992125984252 11.905511811023622 mai
280.34645669291336 285.73228346456693 44.22047244094488 11.905511811023622 1875,
309.8267716535433 285.73228346456693 24.661417322834644 11.905511811023622 1
319.748031496063 285.73228346456693 29.480314960629922 11.905511811023622 p.
329.6692913385827 285.73228346456693 34.2992125984252 11.905511811023622 in

122.1732283464567 305.00787401574803 50.45669291338583 15.023622047244094 107.
153.63779527559055 305.00787401574803 69.44881889763779 15.023622047244094 RUGIERI
204.3779527559055 305.00787401574803 75.96850393700787 15.023622047244094 (Rugiero
261.07086614173227 305.00787401574803 50.45669291338583 15.023622047244094 di),
292.81889763779526 305.00787401574803 69.44881889763779 15.023622047244094 peintre
343.2755905511811 305.00787401574803 94.96062992125984 15.023622047244094 d’ornements
419.244094488189 305.00787401574803 37.98425196850393 15.023622047244094 et
432.0 305.00787401574803 50.45669291338583 15.023622047244094 d’ara-

156.75590551181102 318.8976377952756 70.2992125984252 14.740157480314961 besques
207.7795275590551 318.8976377952756 38.267716535433074 14.740157480314961 de
226.77165354330708 318.8976377952756 83.05511811023622 14.740157480314961 Catherine
290.5511811023622 318.8976377952756 38.267716535433074 14.740157480314961 de
309.8267716535433 318.8976377952756 76.53543307086615 14.740157480314961 Médicis,
367.0866141732283 318.8976377952756 44.78740157480315 14.740157480314961 qui
392.59842519685037 318.8976377952756 38.267716535433074 14.740157480314961 le
411.87401574803147 318.8976377952756 44.78740157480315 14.740157480314961 fit
430.86614173228344 318.8976377952756 51.023622047244096 14.740157480314961 nommer

157.03937007874015 332.78740157480314 54.425196850393704 14.456692913385826 garde
193.03937007874015 332.78740157480314 42.23622047244095 14.456692913385826 des
217.41732283464566 332.78740157480314 78.51968503937007 14.456692913385826 peintures
277.79527559055117 332.78740157480314 36.28346456692913 14.456692913385826 de
289.7007874015748 332.78740157480314 96.66141732283465 14.456692913385826 Fontainebleau.

169.22834645669292 351.7795275590551 23.52755905511811 14.173228346456693 P.
181.13385826771653 351.7795275590551 27.496062992125985 14.173228346456693 s.;
196.7244094488189 351.7795275590551 23.52755905511811 14.173228346456693 27
208.3464566929134 351.7795275590551 31.181102362204726 14.173228346456693 juin
227.90551181102362 351.7795275590551 35.1496062992126 14.173228346456693 1587,
251.43307086614172 351.7795275590551 19.559055118110237 14.173228346456693 1
259.37007874015745 351.7795275590551 23.52755905511811 14.173228346456693 p.
270.99212598425197 351.7795275590551 50.74015748031496 14.173228346456693 in-folio.
310.1102362204724 351.7795275590551 43.08661417322835 14.173228346456693 Très
341.29133858267716 351.7795275590551 50.74015748031496 14.173228346456693 rare.
380.40944881889766 351.7795275590551 50.74015748031496 14.173228346456693 (Coll.
419.5275590551181 351.7795275590551 23.52755905511811 14.173228346456693 B.
427.46456692913387 351.7795275590551 54.70866141732284 14.173228346456693 Fillon.)

163.55905511811022 368.2204724409449 36.8503937007874 9.070866141732283 Acte
186.51968503937007 368.2204724409449 27.77952755905512 9.070866141732283 où
200.40944881889763 368.2204724409449 27.77952755905512 9.070866141732283 il
214.29921259842519 368.2204724409449 64.62992125984252 9.070866141732283 intervient
265.03937007874015 368.2204724409449 41.669291338582674 9.070866141732283 comme
292.81889763779526 368.2204724409449 46.20472440944882 9.070866141732283 tuteur
325.13385826771656 368.2204724409449 27.77952755905512 9.070866141732283 de
338.74015748031496 368.2204724409449 27.77952755905512 9.070866141732283 sa
352.62992125984255 368.2204724409449 41.669291338582674 9.070866141732283 fille
375.87401574803147 368.2204724409449 36.8503937007874 9.070866141732283 Marie.

123.8740157480315 387.496062992126 50.45669291338583 15.307086614173228 108.
155.33858267716536 387.496062992126 106.86614173228347 15.307086614173228 SAINTE-PALAYE
243.49606299212599 387.496062992126 113.38582677165354 15.307086614173228 (Jean-Baptiste
337.6062992125984 387.496062992126 37.7007874015748 15.307086614173228 de
356.59842519685037 387.496062992126 69.16535433070867 15.307086614173228 Lacurne
407.0551181102362 387.496062992126 50.45669291338583 15.307086614173228 de),
432.0 387.496062992126 50.45669291338583 15.307086614173228 savant

156.75590551181102 401.38582677165357 68.88188976377953 15.023622047244094 érudit,
206.9291338582677 401.38582677165357 62.645669291338585 15.023622047244094 membre
250.58267716535434 401.38582677165357 37.41732283464567 15.023622047244094 de
269.29133858267716 401.38582677165357 87.59055118110236 15.023622047244094 l’Académie
338.1732283464567 401.38582677165357 43.93700787401575 15.023622047244094 des
363.40157480314963 401.38582677165357 100.06299212598425 15.023622047244094 Inscriptions
444.755905511811 401.38582677165357 37.41732283464567 15.023622047244094 et
457.2283464566929 401.38582677165357 24.944881889763778 15.023622047244094 de

157.3228346456693 415.2755905511811 83.62204724409449 13.606299212598426 l’Académie
223.08661417322836 415.2755905511811 83.62204724409449 13.606299212598426 française,
288.8503937007874 415.2755905511811 36.0 13.606299212598426 n.
306.70866141732284 415.2755905511811 53.85826771653543 13.606299212598426 1697,
342.70866141732284 415.2755905511811 36.0 13.606299212598426 m.
354.61417322834643 415.2755905511811 41.95275590551181 13.606299212598426 1781.

168.66141732283464 434.26771653543307 29.763779527559056 13.039370078740157 L.
183.68503937007873 434.26771653543307 29.763779527559056 13.039370078740157 a.
198.70866141732284 434.26771653543307 29.763779527559056 13.039370078740157 s.
213.4488188976378 434.26771653543307 34.86614173228347 13.039370078740157 (au
233.29133858267716 434.26771653543307 59.52755905511811 13.039370078740157 cardinal
278.0787401574803 434.26771653543307 74.55118110236221 13.039370078740157 Passionei);
337.6062992125984 434.26771653543307 49.60629921259842 13.039370078740157 Paris,
372.4724409448819 434.26771653543307 29.763779527559056 13.039370078740157 17
387.21259842519686 434.26771653543307 54.70866141732284 13.039370078740157 janvier
426.8976377952756 434.26771653543307 44.78740157480315 13.039370078740157 1746,
456.66141732283467 434.26771653543307 24.944881889763778 13.039370078740157 2
461.76377952755905 434.26771653543307 19.84251968503937 13.039370078740157 p.

159.0236220472441 445.6062992125984 26.362204724409448 9.070866141732283 in-4.
173.48031496062993 445.6062992125984 41.10236220472441 9.070866141732283 Rare.

162.99212598425197 462.0472440944882 38.83464566929134 11.905511811023622 Jolie
188.78740157480314 462.0472440944882 43.08661417322835 11.905511811023622 lettre
218.83464566929135 462.0472440944882 51.59055118110236 11.905511811023622 relative
257.6692913385827 462.0472440944882 21.543307086614174 11.905511811023622 à
266.45669291338584 462.0472440944882 30.04724409448819 11.905511811023622 des
283.748031496063 462.0472440944882 43.08661417322835 11.905511811023622 achats
313.79527559055117 462.0472440944882 25.79527559055118 11.905511811023622 de
326.8346456692913 462.0472440944882 43.08661417322835 11.905511811023622 livres
356.88188976377955 462.0472440944882 38.83464566929134 11.905511811023622 qu'il
382.6771653543307 462.0472440944882 47.338582677165356 11.905511811023622 faisait
417.25984251968504 462.0472440944882 34.58267716535433 11.905511811023622 pour
438.8031496062992 462.0472440944882 25.79527559055118 11.905511811023622 le
447.3070866141732 462.0472440944882 34.58267716535433 11.905511811023622 compte

152.78740157480314 472.251968503937 28.346456692913385 8.220472440944881 du
166.96062992125985 472.251968503937 56.69291338582677 8.220472440944881 cardinal
204.9448818897638 472.251968503937 56.69291338582677 8.220472440944881 Passionei.

121.60629921259843 491.5275590551181 51.59055118110236 15.023622047244094 109.
153.92125984251967 491.5275590551181 109.41732283464567 15.023622047244094 SAINT-LAMBERT
243.7795275590551 491.5275590551181 122.1732283464567 15.023622047244094 (Jean-François,
346.6771653543307 491.5275590551181 70.86614173228347 15.023622047244094 marquis
398.26771653543307 491.5275590551181 51.59055118110236 15.023622047244094 de),
424.06299212598424 491.5275590551181 57.826771653543304 15.023622047244094 célèbre

158.17322834645668 505.4173228346457 53.85826771653543 14.456692913385826 poète,
195.8740157480315 505.4173228346457 53.85826771653543 14.456692913385826 auteur
233.5748031496063 505.4173228346457 37.7007874015748 14.456692913385826 des
254.83464566929135 505.4173228346457 102.04724409448819 14.456692913385826 Saisons,
341.00787401574803 505.4173228346457 37.7007874015748 14.456692913385826 ami
362.5511811023622 505.4173228346457 32.31496062992126 14.456692913385826 de
378.70866141732284 505.4173228346457 53.85826771653543 14.456692913385826 Madame
410.74015748031496 505.4173228346457 70.01574803149606 14.456692913385826 d’Houdetot,

156.75590551181102 519.3070866141733 62.36220472440945 13.88976377952756 membre
200.40944881889763 519.3070866141733 37.41732283464567 13.88976377952756 de
219.11811023622047 519.3070866141733 87.02362204724409 13.88976377952756 l’Académie
287.43307086614175 519.3070866141733 87.02362204724409 13.88976377952756 française,
356.0314960629921 519.3070866141733 37.41732283464567 13.88976377952756 n.
374.74015748031496 519.3070866141733 56.125984251968504 13.88976377952756 1713,
411.87401574803147 519.3070866141733 37.41732283464567 13.88976377952756 m.
424.34645669291336 519.3070866141733 43.653543307086615 13.88976377952756 1803.

168.66141732283464 538.0157480314961 65.48031496062993 12.755905511811024 Première
220.8188976377953 538.0157480314961 43.653543307086615 12.755905511811024 élégie
251.43307086614172 538.0157480314961 26.078740157480315 12.755905511811024 de
264.4724409448819 538.0157480314961 69.73228346456693 12.755905511811024 Tibulle,
321.1653543307087 538.0157480314961 21.826771653543307 12.755905511811024 6
329.9527559055118 538.0157480314961 26.078740157480315 12.755905511811024 p.
342.99212598425197 538.0157480314961 30.614173228346456 12.755905511811024 1/2
360.2834645669291 538.0157480314961 39.118110236220474 12.755905511811024 in-4.
386.3622047244094 538.0157480314961 47.90551181102362 12.755905511811024 Superbe
416.9763779527559 538.0157480314961 34.86614173228347 12.755905511811024 pièce.

122.45669291338582 558.7086614173228 52.15748031496063 15.023622047244094 110.
155.0551181102362 558.7086614173228 104.03149606299213 15.023622047244094 SAINT-PIERRE
239.5275590551181 558.7086614173228 90.99212598425197 15.023622047244094 (Bernardin
311.244094488189 558.7086614173228 52.15748031496063 15.023622047244094 de),
343.84251968503935 558.7086614173228 39.118110236220474 15.023622047244094 le
363.40157480314963 558.7086614173228 71.71653543307086 15.023622047244094 célèbre
408.755905511811 558.7086614173228 71.71653543307086 15.023622047244094 écrivain,

155.33858267716536 572.5984251968504 60.94488188976378 13.606299212598426 membre
198.14173228346456 572.5984251968504 36.56692913385827 13.606299212598426 de
216.56692913385828 572.5984251968504 85.32283464566929 13.606299212598426 l’Académie
283.748031496063 572.5984251968504 85.32283464566929 13.606299212598426 française,
350.6456692913386 572.5984251968504 36.56692913385827 13.606299212598426 n.
369.07086614173227 572.5984251968504 54.99212598425197 13.606299212598426 1737,
405.6377952755906 572.5984251968504 36.56692913385827 13.606299212598426 m.
417.8267716535433 572.5984251968504 42.803149606299215 13.606299212598426 1814.

166.6771653543307 591.5905511811023 34.2992125984252 12.188976377952756 L.
183.68503937007873 591.5905511811023 34.2992125984252 12.188976377952756 a.
200.9763779527559 591.5905511811023 34.2992125984252 12.188976377952756 s.
217.98425196850394 591.5905511811023 28.62992125984252 12.188976377952756 à
229.3228346456693 591.5905511811023 56.976377952755904 12.188976377952756 LUCIEN
269.29133858267716 591.5905511811023 79.93700787401575 12.188976377952756 BONAPARTE;
331.93700787401576 591.5905511811023 56.976377952755904 12.188976377952756 Paris,
371.90551181102364 591.5905511811023 28.62992125984252 12.188976377952756 6
383.244094488189 591.5905511811023 62.645669291338585 12.188976377952756 ventôse
428.88188976377955 591.5905511811023 34.2992125984252 12.188976377952756 an
440.2204724409449 591.5905511811023 39.968503937007874 12.188976377952756 VIII,

156.75590551181102 602.9291338582677 32.31496062992126 11.622047244094489 (25
175.1811023622047 602.9291338582677 50.74015748031496 11.622047244094489 février
212.03149606299212 602.9291338582677 46.20472440944882 11.622047244094489 1800),
244.3464566929134 602.9291338582677 22.96062992125984 11.622047244094489 2
253.41732283464566 602.9291338582677 27.77952755905512 11.622047244094489 p.
262.7716535433071 602.9291338582677 50.74015748031496 11.622047244094489 in

161.5748031496063 619.0866141732283 58.67716535433071 11.05511811023622 Superbe
204.3779527559055 619.0866141732283 53.29133858267716 11.05511811023622 lettre
241.51181102362204 619.0866141732283 37.41732283464567 11.05511811023622 où,
262.7716535433071 619.0866141732283 42.51968503937008 11.05511811023622 sous
289.4173228346457 619.0866141732283 32.031496062992126 11.05511811023622 le
305.5748031496063 619.0866141732283 64.06299212598425 11.05511811023622 prétexte
353.4803149606299 619.0866141732283 32.031496062992126 11.05511811023622 de
369.3543307086614 619.0866141732283 79.93700787401575 11.05511811023622 recommander
433.4173228346457 619.0866141732283 32.031496062992126 11.05511811023622 un
443.90551181102364 619.0866141732283 37.41732283464567 11.05511811023622 nommé

152.78740157480314 629.2913385826772 66.61417322834646 11.05511811023622 Grandjean,
205.22834645669292 629.2913385826772 28.62992125984252 11.05511811023622 il
219.4015748031496 629.2913385826772 33.16535433070866 11.05511811023622 lui
238.39370078740157 629.2913385826772 42.803149606299215 11.05511811023622 trace
267.0236220472441 629.2913385826772 37.98425196850393 11.05511811023622 tout
290.8346456692913 629.2913385826772 28.62992125984252 11.05511811023622 un
305.00787401574803 629.2913385826772 37.98425196850393 11.05511811023622 plan
328.81889763779526 629.2913385826772 28.62992125984252 11.05511811023622 de
342.99212598425197 629.2913385826772 61.79527559055118 11.05511811023622 conduite.
390.61417322834643 629.2913385826772 42.803149606299215 11.05511811023622 «Vous
419.244094488189 629.2913385826772 52.44094488188976 11.05511811023622 marchés
452.40944881889766 629.2913385826772 28.62992125984252 11.05511811023622 vers

153.0708661417323 639.496062992126 28.062992125984252 11.338582677165354 la
167.24409448818898 639.496062992126 46.77165354330709 11.338582677165354 gloire
200.1259842519685 639.496062992126 28.062992125984252 11.338582677165354 et
214.01574803149606 639.496062992126 37.41732283464567 11.338582677165354 vous
237.54330708661416 639.496062992126 37.41732283464567 11.338582677165354 avés
260.78740157480314 639.496062992126 46.77165354330709 11.338582677165354 autant
293.6692913385827 639.496062992126 28.062992125984252 11.338582677165354 de
307.84251968503935 639.496062992126 46.77165354330709 11.338582677165354 moyens
340.4409448818898 639.496062992126 32.881889763779526 11.338582677165354 que
359.1496062992126 639.496062992126 42.23622047244095 11.338582677165354 votre
387.496062992126 639.496062992126 56.125984251968504 11.338582677165354 illustre
429.4488188976378 639.496062992126 42.23622047244095 11.338582677165354 frère
452.9763779527559 639.496062992126 28.062992125984252 11.338582677165354 pour

153.0708661417323 649.4173228346457 23.52755905511811 11.05511811023622 y
162.70866141732284 649.4173228346457 56.125984251968504 11.05511811023622 arriver.
204.66141732283464 649.4173228346457 37.41732283464567 11.05511811023622 Mais
228.18897637795277 649.4173228346457 37.41732283464567 11.05511811023622 vous
251.43307086614172 649.4173228346457 51.59055118110236 11.05511811023622 marchés
289.13385826771656 649.4173228346457 32.881889763779526 11.05511811023622 par
307.84251968503935 649.4173228346457 37.41732283464567 11.05511811023622 deux
331.0866141732283 649.4173228346457 51.59055118110236 11.05511811023622 chemins
368.503937007874 649.4173228346457 70.2992125984252 11.05511811023622 différents.
424.9133858267717 649.4173228346457 28.062992125984252 11.05511811023622 La
434.26771653543307 649.4173228346457 46.77165354330709 11.05511811023622 victoire

154.20472440944883 659.6220472440945 32.31496062992126 11.338582677165354 l’y
172.62992125984252 659.6220472440945 22.96062992125984 11.338582677165354 a
181.70078740157481 659.6220472440945 50.45669291338583 11.338582677165354 conduit
218.5511811023622 659.6220472440945 22.96062992125984 11.338582677165354 à
227.6220472440945 659.6220472440945 50.45669291338583 11.338582677165354 travers
264.4724409448819 659.6220472440945 32.31496062992126 11.338582677165354 les
282.8976377952756 659.6220472440945 55.275590551181104 11.338582677165354 combats,
324.2834645669291 659.6220472440945 41.38582677165354 11.338582677165354 c’est
351.7795275590551 659.6220472440945 22.96062992125984 11.338582677165354 à
360.8503937007874 659.6220472440945 27.496062992125985 11.338582677165354 la
374.74015748031496 659.6220472440945 50.45669291338583 11.338582677165354 justice
411.59055118110234 659.6220472440945 22.96062992125984 11.338582677165354 à
420.66141732283467 659.6220472440945 36.8503937007874 11.338582677165354 vous
443.62204724409446 659.6220472440945 22.96062992125984 11.338582677165354 y
448.4409448818898 659.6220472440945 32.31496062992126 11.338582677165354 faire

149.10236220472441 669.8267716535433 61.79527559055118 10.204724409448819 parvenir.»
