1829 3021
967 427 120 23 —
1015 427 144 23 12
1063 427 72 23 —

440 500 152 50 63.
527 500 282 50 JOUKOVSKY
744 500 282 50 (Basile),
961 500 130 50 le
1026 500 238 50 célèbre
1199 500 195 50 poète
1329 500 217 50 russe,
1481 500 130 50 n.
1524 500 152 50 1783,

539 553 131 33 m.
583 553 152 33 1852.

583 616 92 40 L.
629 616 92 40 a.
674 616 107 40 s.,
736 616 168 40 Munich,
858 616 76 40 6
888 616 168 40 octobre
1011 616 138 40 1838,
1102 616 76 40 1
1133 616 92 40 p.
1179 616 138 40 in-4.
1255 616 214 40 <i>Rare</i>.

563 675 157 35 Belle
667 675 175 35 lettre
790 675 210 35 relative
947 675 122 35 aux
1017 675 227 35 paiements
1192 675 105 35 de
1245 675 192 35 travaux
1385 675 210 35 exécutés
1542 675 122 35 par
1595 675 87 35 des

530 711 196 36 peintres
676 711 98 36 de
709 711 212 36 Düsseldorf.

439 773 161 50 64.
531 773 276 50 KAMENSKY
738 773 276 50 (Michel,
944 773 253 50 comte),
1128 773 253 50 célèbre
1312 773 276 50 maréchal
1495 773 184 50 russe,

540 823 147 49 qui
624 823 126 49 se
687 823 274 49 distingua
898 823 168 49 dans
1003 823 126 49 la
1066 823 211 49 guerre
1214 823 126 49 de
1277 823 168 49 Sept
1382 823 168 49 Ans,
1487 823 126 49 n.
1530 823 147 49 1738,

540 874 264 35 assassiné
743 874 122 35 en
783 874 142 35 1809.

580 939 101 40 L.
631 939 101 40 a.
682 939 118 40 s.,
749 939 101 40 en
800 939 203 40 français
952 939 101 40 (à
1003 939 186 40 Euler);
1138 939 186 40 Moscou,
1273 939 85 40 8
1307 939 135 40 juin
1392 939 152 40 1794,
1493 939 85 40 3
1527 939 101 40 p.
1561 939 118 40 in

566 997 189 35 Curieuse
708 997 157 35 lettre
818 997 189 35 relative
959 997 79 35 à
991 997 236 35 l’éducation
1180 997 94 35 de
1227 997 110 35 son
1290 997 142 35 fils.
1384 997 94 35 Il
1431 997 94 35 se
1479 997 157 35 plaint
1589 997 94 35 de
1620 997 63 35 sa

528 1033 220 38 mauvaise
693 1033 220 38 écriture
858 1033 110 38 et
913 1033 165 38 donne
1023 1033 92 38 à
1059 1033 128 38 son
1133 1033 257 38 précepteur
1335 1033 183 38 divers
1463 1033 183 38 moyens
1573 1033 110 38 pour

529 1069 217 37 l’engager
696 1069 83 37 à
730 1069 150 37 mieux
830 1069 167 37 former
947 1069 117 37 ses
1013 1069 200 37 lettres.
1164 1069 117 37 Ces
1230 1069 167 37 moyens
1347 1069 150 37 sont:
1447 1069 100 37 le
1497 1069 184 37 dessin,
1614 1069 67 37 la

528 1105 206 36 privation
687 1105 111 36 des
750 1105 206 36 exercices
909 1105 79 36 à
941 1105 175 36 cheval,
1052 1105 95 36 etc.

442 1172 147 50 65.
526 1172 210 50 KELLER
673 1172 336 50 (Balthazar),
946 1172 231 50 célèbre
1115 1172 231 50 fondeur
1283 1172 126 50 et
1346 1172 273 50 ciseleur,
1556 1172 147 50 qui
1619 1172 63 50 a

541 1222 200 50 dirigé
681 1222 120 50 la
741 1222 180 50 fonte
861 1222 120 50 de
921 1222 120 50 la
981 1222 220 50 plupart
1141 1222 140 50 des
1221 1222 220 50 statues
1381 1222 260 50 exécutées
1561 1222 120 50 pour

539 1270 408 39 l’embellissement
885 1270 122 39 de
946 1270 183 39 Paris
1069 1270 122 39 et
1130 1270 122 39 de
1191 1270 285 39 Versailles
1415 1270 163 39 dans
1517 1270 122 39 le
1558 1270 122 39 der-

541 1320 155 43 nier
638 1320 174 43 tiers
754 1320 116 43 du
812 1320 174 43 XVIIe
928 1320 213 43 siècle,
1083 1320 116 43 n.
1141 1320 174 43 1638,
1258 1320 116 43 m.
1296 1320 136 43 1702.

582 1387 108 40 L.
636 1387 108 40 a.
690 1387 108 40 s.
744 1387 90 40 à
780 1387 342 40 Monseigneur...;
1068 1387 180 40 Paris,
1193 1387 90 40 3
1229 1387 126 40 mai
1301 1387 162 40 1693,
1409 1387 90 40 2
1445 1387 108 40 p.
1481 1387 198 40 in

551 1428 110 30 <i>Très
621 1428 110 30 rare</i>.

566 1485 180 36 Superbe
697 1485 164 36 lettre
811 1485 98 36 où
861 1485 98 36 il
910 1485 180 36 demande
1041 1485 115 36 une
1106 1485 279 36 gratification
1336 1485 98 36 du
1385 1485 115 36 roi
1451 1485 131 36 pour
1533 1485 98 36 la
1565 1485 115 36 fonte

529 1522 151 35 d’une
630 1522 168 35 grande
748 1522 168 35 figure
848 1522 185 35 équestre.

445 1588 149 50 66.
530 1588 255 50 KOURAKIN
721 1588 234 50 (Boris,
891 1588 255 50 prince),
1083 1588 234 50 général
1253 1588 128 50 et
1317 1588 276 50 diplomate
1508 1588 170 50 russe,

543 1638 140 51 qui
623 1638 160 51 prit
723 1638 160 51 part
823 1638 100 51 à
862 1638 120 51 la
922 1638 240 51 bataille
1102 1638 120 51 de
1162 1638 220 51 Pultava
1322 1638 120 51 et
1382 1638 140 51 qui
1441 1638 240 51 accompagna

544 1687 214 44 Pierre
693 1687 128 44 le
758 1687 193 44 Grand
886 1687 128 44 en
950 1687 236 44 France,
1122 1687 128 44 n.
1186 1687 193 44 1677,
1314 1687 128 44 m.
1357 1687 150 44 1727.

581 1753 116 39 L.
639 1753 135 39 s.,
716 1753 116 39 en
774 1753 231 39 français
947 1753 96 39 à
986 1753 116 39 M.
1044 1753 116 39 de
1101 1753 270 39 Blumenhof;
1314 1753 193 39 Paris,
1449 1753 116 39 15
1487 1753 193 39 décembre

544 1795 172 39 1724,1
664 1795 103 39 p.
715 1795 120 39 1/2
767 1795 120 39 in

564 1852 255 33 Intéressante
771 1852 159 33 lettre
882 1852 191 33 relative
1026 1852 80 33 à
1057 1852 191 33 l'entrée
1201 1852 95 33 au
1248 1852 175 33 service
1376 1852 95 33 de
1423 1852 159 33 Pierre
1535 1852 95 33 le
1567 1852 111 33 Grand

529 1889 98 37 du
578 1889 213 37 géographe
742 1889 148 37 J.-N.
840 1889 98 37 de
873 1889 131 37 Lisle.

442 1952 154 50 67.
530 1952 243 50 KRUDNER
707 1952 221 50 (Julie
861 1952 132 50 de
927 1952 353 50 VIETINGHOFF,
1214 1952 243 50 baronne
1390 1952 176 50 de),
1479 1952 198 50 célèbre

540 2002 253 48 romancière
739 2002 108 48 et
793 2002 217 48 mystique
956 2002 181 48 russe,
1082 2002 181 48 auteur
1209 2002 108 48 de
1263 2002 344 48 <i>Valérie</i>,
1534 2002 145 48 l’Egé-

540 2049 150 49 rie
625 2049 129 49 de
690 2049 300 49 l’empereur
925 2049 129 49 de
989 2049 214 49 Russie
1139 2049 279 49 Alexandre
1354 2049 129 49 I,
1418 2049 129 49 n.
1482 2049 193 49 1764,
1589 2049 86 49 m.

527 2103 139 33 1824.

581 2165 104 42 L.
633 2165 104 42 a.
685 2165 122 42 s.,
754 2165 104 42 en
807 2165 209 42 français
963 2165 104 42 (à
1015 2165 174 42 l’abbé
1137 2165 191 42 Famin);
1276 2165 209 42 Leipzig,
1433 2165 87 42 4
1467 2165 156 42 avril
1554 2165 122 42 1793,

544 2206 67 40 4
570 2206 80 40 p.
611 2206 121 40 in-4.
691 2206 174 40 (<i>Coll.
825 2206 80 40 A.
852 2206 174 40 Bovet</i>.)

562 2265 180 36 Epître
688 2265 126 36 des
760 2265 144 36 plus
850 2265 234 36 curieuses
1030 2265 144 36 dans
1120 2265 216 36 laquelle
1281 2265 108 36 la
1335 2265 198 36 baronne
1479 2265 108 36 de
1515 2265 162 36 Krudner

527 2300 186 36 déclare
662 2300 186 36 qu’elle
797 2300 118 36 n'a
865 2300 118 36 pas
933 2300 152 36 songé
1034 2300 84 36 à
1068 2300 186 36 enlever
1203 2300 169 36 l’abbé
1321 2300 84 36 à
1355 2300 101 36 la
1406 2300 169 36 France
1524 2300 101 36 et
1575 2300 84 36 à
1592 2300 84 36 ses

526 2328 266 43 occupations.
743 2328 100 43 Si
792 2328 133 43 elle
876 2328 116 43 lui
942 2328 83 43 a
975 2328 183 43 demandé
1109 2328 100 43 de
1158 2328 150 43 venir
1258 2328 150 43 faire
1358 2328 249 43 l’éducation
1558 2328 100 43 de
1591 2328 83 43 son
