534.8976377952756 851.5275590551181
284.59842519685037 125.85826771653544 33.16535433070866 7.3700787401574805 —
297.6377952755906 125.85826771653544 39.68503937007874 7.3700787401574805 18
310.96062992125985 125.85826771653544 19.84251968503937 7.3700787401574805 —

135.21259842519686 147.11811023622047 42.23622047244095 13.88976377952756 95.
159.30708661417322 147.11811023622047 66.33070866141732 13.88976377952756 PELLICO
207.49606299212599 147.11811023622047 78.51968503937007 13.88976377952756 (Silvio),
267.87401574803147 147.11811023622047 66.33070866141732 13.88976377952756 célèbre
316.34645669291336 147.11811023622047 72.56692913385827 13.88976377952756 écrivain
370.48818897637796 147.11811023622047 72.56692913385827 13.88976377952756 italien,
424.9133858267717 147.11811023622047 60.37795275590551 13.88976377952756 auteur
461.1968503937008 147.11811023622047 24.094488188976378 13.88976377952756 de

164.1259842519685 161.29133858267716 44.503937007874015 13.606299212598426 Le
193.60629921259843 161.29133858267716 34.58267716535433 13.606299212598426 Mie
213.4488188976378 161.29133858267716 83.90551181102362 13.606299212598426 Prigioni,
282.3307086614173 161.29133858267716 29.480314960629922 13.606299212598426 n.
297.07086614173227 161.29133858267716 44.503937007874015 13.606299212598426 1789,
326.5511811023622 161.29133858267716 29.480314960629922 13.606299212598426 m.
336.4724409448819 161.29133858267716 34.58267716535433 13.606299212598426 1854.

174.61417322834646 182.83464566929135 28.346456692913385 11.05511811023622 L.
188.78740157480314 182.83464566929135 28.346456692913385 11.05511811023622 a.
203.24409448818898 182.83464566929135 33.16535433070866 11.05511811023622 s.;
221.95275590551182 182.83464566929135 47.338582677165356 11.05511811023622 Turin,
255.11811023622047 182.83464566929135 28.346456692913385 11.05511811023622 18
269.29133858267716 182.83464566929135 33.16535433070866 11.05511811023622 mai
288.2834645669291 182.83464566929135 42.51968503937008 11.05511811023622 1841,
316.62992125984255 182.83464566929135 23.811023622047244 11.05511811023622 3
326.26771653543307 182.83464566929135 28.346456692913385 11.05511811023622 p.
335.62204724409446 182.83464566929135 33.16535433070866 11.05511811023622 in

169.22834645669292 202.96062992125985 56.40944881889764 11.05511811023622 Curieuse
211.748031496063 202.96062992125985 47.05511811023622 11.05511811023622 épître
244.62992125984252 202.96062992125985 28.346456692913385 11.05511811023622 où
258.8031496062992 202.96062992125985 28.346456692913385 11.05511811023622 il
272.9763779527559 202.96062992125985 56.40944881889764 11.05511811023622 demande,
315.21259842519686 202.96062992125985 28.346456692913385 11.05511811023622 de
329.38582677165357 202.96062992125985 28.346456692913385 11.05511811023622 la
343.5590551181102 202.96062992125985 37.7007874015748 11.05511811023622 part
367.0866141732283 202.96062992125985 28.346456692913385 11.05511811023622 de
381.25984251968504 202.96062992125985 28.346456692913385 11.05511811023622 la
395.1496062992126 202.96062992125985 56.40944881889764 11.05511811023622 marquise
437.6692913385827 202.96062992125985 28.346456692913385 11.05511811023622 de
447.0236220472441 202.96062992125985 37.7007874015748 11.05511811023622 Barol,

159.0236220472441 212.88188976377953 36.56692913385827 10.771653543307087 s’il
181.98425196850394 212.88188976377953 45.92125984251968 10.771653543307087 existe
214.01574803149606 212.88188976377953 32.031496062992126 10.771653543307087 une
232.44094488188978 212.88188976377953 54.99212598425197 10.771653543307087 relation
273.54330708661416 212.88188976377953 54.99212598425197 10.771653543307087 imprimée
314.92913385826773 212.88188976377953 36.56692913385827 10.771653543307087 d'un
337.8897637795276 212.88188976377953 50.45669291338583 10.771653543307087 miracle
374.74015748031496 212.88188976377953 27.496062992125985 10.771653543307087 et
388.34645669291336 212.88188976377953 36.56692913385827 10.771653543307087 fait
411.3070866141732 212.88188976377953 50.45669291338583 10.771653543307087 l'éloge
448.15748031496065 212.88188976377953 27.496062992125985 10.771653543307087 de
457.2283464566929 212.88188976377953 27.496062992125985 10.771653543307087 mon-

159.8740157480315 223.37007874015748 54.99212598425197 9.921259842519685 seigneur
196.44094488188978 223.37007874015748 41.38582677165354 9.921259842519685 Artico.

135.21259842519686 248.5984251968504 39.40157480314961 13.606299212598426 96.
157.88976377952756 248.5984251968504 67.74803149606299 13.606299212598426 PERRAULT
208.62992125984252 248.5984251968504 79.08661417322834 13.606299212598426 (Charles),
270.70866141732284 248.5984251968504 90.14173228346456 13.606299212598426 l’inimitable
343.84251968503935 248.5984251968504 56.40944881889764 13.606299212598426 auteur
383.5275590551181 248.5984251968504 39.40157480314961 13.606299212598426 des
400.251968503937 248.5984251968504 84.75590551181102 13.606299212598426 Contes

162.70866141732284 262.7716535433071 55.275590551181104 13.606299212598426 des
201.54330708661416 262.7716535433071 72.0 13.606299212598426 Fées,
257.1023622047244 262.7716535433071 55.275590551181104 13.606299212598426 membre
295.93700787401576 262.7716535433071 33.16535433070866 13.606299212598426 de
312.37795275590554 262.7716535433071 77.66929133858268 13.606299212598426 l’Académie
373.3228346456693 262.7716535433071 77.66929133858268 13.606299212598426 française,
434.26771653543307 262.7716535433071 33.16535433070866 13.606299212598426 n.
445.3228346456693 262.7716535433071 38.83464566929134 13.606299212598426 1628,

162.4251968503937 277.2283464566929 38.267716535433074 9.637795275590552 m.
175.1811023622047 277.2283464566929 44.78740157480315 9.637795275590552 1703.

174.61417322834646 298.20472440944883 28.346456692913385 11.05511811023622 P.
188.78740157480314 298.20472440944883 28.346456692913385 11.05511811023622 a.
202.96062992125985 298.20472440944883 32.881889763779526 11.05511811023622 s.;
221.95275590551182 298.20472440944883 28.346456692913385 11.05511811023622 17
236.1259842519685 298.20472440944883 51.874015748031496 11.05511811023622 octobre
273.8267716535433 298.20472440944883 42.51968503937008 11.05511811023622 1672,
302.1732283464567 298.20472440944883 32.881889763779526 11.05511811023622 1/2
320.88188976377955 298.20472440944883 28.346456692913385 11.05511811023622 p.
330.5196850393701 298.20472440944883 32.881889763779526 11.05511811023622 in

168.66141732283464 316.9133858267717 28.913385826771652 11.05511811023622 Il
183.11811023622047 316.9133858267717 43.08661417322835 11.05511811023622 donne
212.03149606299212 316.9133858267717 52.724409448818896 11.05511811023622 l’ordre
250.29921259842519 316.9133858267717 28.913385826771652 11.05511811023622 de
264.755905511811 316.9133858267717 43.08661417322835 11.05511811023622 payer
293.38582677165357 316.9133858267717 28.913385826771652 11.05511811023622 la
307.84251968503935 316.9133858267717 43.08661417322835 11.05511811023622 somme
336.755905511811 316.9133858267717 28.913385826771652 11.05511811023622 de
351.21259842519686 316.9133858267717 33.732283464566926 11.05511811023622 470
370.20472440944883 316.9133858267717 47.90551181102362 11.05511811023622 livres
403.93700787401576 316.9133858267717 33.732283464566926 11.05511811023622 aux
423.21259842519686 316.9133858267717 57.54330708661417 11.05511811023622 ouvriers
461.4803149606299 316.9133858267717 24.094488188976378 11.05511811023622 qui

158.74015748031496 327.11811023622045 33.16535433070866 9.921259842519685 ont
177.73228346456693 327.11811023622045 61.511811023622045 9.921259842519685 travaillé
225.0708661417323 327.11811023622045 23.811023622047244 9.921259842519685 à
234.70866141732284 327.11811023622045 52.15748031496063 9.921259842519685 régaler
272.40944881889766 327.11811023622045 33.16535433070866 9.921259842519685 les
291.40157480314963 327.11811023622045 61.511811023622045 9.921259842519685 terrasses
338.74015748031496 327.11811023622045 28.346456692913385 9.921259842519685 et
352.9133858267717 327.11811023622045 80.50393700787401 9.921259842519685 contre-allées
419.244094488189 327.11811023622045 28.346456692913385 9.921259842519685 du
433.4173228346457 327.11811023622045 52.15748031496063 9.921259842519685 château
466.5826771653543 327.11811023622045 18.992125984251967 9.921259842519685 de

155.0551181102362 337.3228346456693 56.40944881889764 8.220472440944881 Versailles.

134.07874015748033 362.5511811023622 44.503937007874015 14.173228346456693 97.
159.30708661417322 362.5511811023622 89.00787401574803 14.173228346456693 PESTALOZZI
229.3228346456693 362.5511811023622 108.28346456692914 14.173228346456693 (Jean-Henri),
318.3307086614173 362.5511811023622 70.01574803149606 14.173228346456693 célèbre
369.3543307086614 362.5511811023622 82.77165354330708 14.173228346456693 pédagogue
426.61417322834643 362.5511811023622 57.25984251968504 14.173228346456693 suisse,

161.85826771653544 376.4409448818898 44.22047244094488 13.88976377952756 qui
187.08661417322836 376.4409448818898 69.44881889763779 13.88976377952756 réforma
237.54330708661416 376.4409448818898 113.66929133858268 13.88976377952756 l’enseignement
332.2204724409449 376.4409448818898 50.45669291338583 13.88976377952756 dans
363.68503937007875 376.4409448818898 44.22047244094488 13.88976377952756 son
388.9133858267717 376.4409448818898 56.69291338582677 13.88976377952756 pays,
426.8976377952756 376.4409448818898 37.98425196850393 13.88976377952756 n.
439.37007874015745 376.4409448818898 44.22047244094488 13.88976377952756 1746,

161.5748031496063 391.46456692913387 38.55118110236221 9.354330708661417 m.
174.61417322834646 391.46456692913387 44.78740157480315 9.354330708661417 1827.

173.48031496062993 412.15748031496065 31.748031496062993 11.622047244094489 L.
189.35433070866142 412.15748031496065 31.748031496062993 11.622047244094489 a.
205.22834645669292 412.15748031496065 31.748031496062993 11.622047244094489 s.
221.10236220472441 412.15748031496065 26.362204724409448 11.622047244094489 à
231.59055118110237 412.15748031496065 42.23622047244095 11.622047244094489 J.-J
257.9527559055118 412.15748031496065 68.5984251968504 11.622047244094489 Paschoud;
310.6771653543307 412.15748031496065 63.21259842519685 11.622047244094489 Yverdun,
358.2992125984252 412.15748031496065 31.748031496062993 11.622047244094489 19
373.8897637795276 412.15748031496065 58.110236220472444 11.622047244094489 janvier
416.12598425196853 412.15748031496065 47.338582677165356 11.622047244094489 1812,
447.87401574803147 412.15748031496065 36.8503937007874 11.622047244094489 3/4
463.748031496063 412.15748031496065 20.976377952755904 11.622047244094489 de

163.55905511811022 423.21259842519686 21.826771653543307 11.338582677165354 p.
174.61417322834646 423.21259842519686 32.59842519685039 11.338582677165354 in-4.
196.44094488188978 423.21259842519686 47.338582677165356 11.338582677165354 (Coll.
232.7244094488189 423.21259842519686 21.826771653543307 11.338582677165354 B.
239.81102362204723 423.21259842519686 51.023622047244096 11.338582677165354 Fillon.)

168.66141732283464 442.48818897637796 27.77952755905512 11.05511811023622 Il
182.5511811023622 442.48818897637796 32.59842519685039 11.05511811023622 lui
200.9763779527559 442.48818897637796 46.488188976377955 11.05511811023622 accuse
233.5748031496063 442.48818897637796 60.37795275590551 11.05511811023622 réception
280.06299212598424 442.48818897637796 37.13385826771653 11.05511811023622 d’un
303.3070866141732 442.48818897637796 41.95275590551181 11.05511811023622 envoi
331.37007874015745 442.48818897637796 41.95275590551181 11.05511811023622 qu’il
359.1496062992126 442.48818897637796 32.59842519685039 11.05511811023622 n’a
377.8582677165354 442.48818897637796 32.59842519685039 11.05511811023622 pas
396.2834645669291 442.48818897637796 46.488188976377955 11.05511811023622 encore
428.88188976377955 442.48818897637796 27.77952755905512 11.05511811023622 eu
442.7716535433071 442.48818897637796 27.77952755905512 11.05511811023622 le
452.12598425196853 442.48818897637796 32.59842519685039 11.05511811023622 temps

153.35433070866142 452.6929133858268 64.06299212598425 7.653543307086614 d’examiner.

133.79527559055117 477.9212598425197 41.669291338582674 14.173228346456693 98.
157.60629921259843 477.9212598425197 53.29133858267716 14.173228346456693 PIRON
193.03937007874015 477.9212598425197 77.10236220472441 14.173228346456693 (Alexis),
252.56692913385828 477.9212598425197 65.19685039370079 14.173228346456693 célèbre
299.90551181102364 477.9212598425197 53.29133858267716 14.173228346456693 poète
335.62204724409446 477.9212598425197 83.05511811023622 14.173228346456693 dramatique
400.81889763779526 477.9212598425197 35.71653543307087 14.173228346456693 et
412.7244094488189 477.9212598425197 71.14960629921259 14.173228346456693 satirique,

162.4251968503937 491.81102362204723 51.023622047244096 12.755905511811024 auteur
198.14173228346456 491.81102362204723 30.614173228346456 12.755905511811024 de
213.4488188976378 491.81102362204723 30.614173228346456 12.755905511811024 la
228.75590551181102 491.81102362204723 112.25196850393701 12.755905511811024 Métromanie,
325.98425196850394 491.81102362204723 30.614173228346456 12.755905511811024 n.
341.29133858267716 491.81102362204723 45.92125984251968 12.755905511811024 1689,
371.90551181102364 491.81102362204723 30.614173228346456 12.755905511811024 m.
382.1102362204724 491.81102362204723 35.71653543307087 12.755905511811024 1773.

173.1968503937008 513.3543307086615 28.346456692913385 11.338582677165354 L.
187.37007874015748 513.3543307086615 28.346456692913385 11.338582677165354 a.
201.54330708661416 513.3543307086615 32.881889763779526 11.338582677165354 s.;
220.251968503937 513.3543307086615 32.881889763779526 11.338582677165354 1er
239.24409448818898 513.3543307086615 37.7007874015748 11.338582677165354 mars
262.7716535433071 513.3543307086615 42.23622047244095 11.338582677165354 1760,
290.8346456692913 513.3543307086615 23.52755905511811 11.338582677165354 1
300.18897637795277 513.3543307086615 28.346456692913385 11.338582677165354 p.
314.3622047244094 513.3543307086615 32.881889763779526 11.338582677165354 1/2
328.53543307086613 513.3543307086615 32.881889763779526 11.338582677165354 in

168.3779527559055 533.7637795275591 41.669291338582674 10.488188976377952 Jolie
196.15748031496062 533.7637795275591 46.488188976377955 10.488188976377952 lettre
228.4724409448819 533.7637795275591 27.77952755905512 10.488188976377952 où
242.64566929133858 533.7637795275591 27.77952755905512 10.488188976377952 il
256.53543307086613 533.7637795275591 55.55905511811024 10.488188976377952 félicite
298.20472440944883 533.7637795275591 32.59842519685039 10.488188976377952 son
316.9133858267717 533.7637795275591 78.80314960629921 10.488188976377952 correspondant
381.8267716535433 533.7637795275591 41.669291338582674 10.488188976377952 d’une
409.6062992125984 533.7637795275591 51.023622047244096 10.488188976377952 églogue
446.74015748031496 533.7637795275591 41.669291338582674 10.488188976377952 qu’il
469.98425196850394 533.7637795275591 13.88976377952756 10.488188976377952 a

158.17322834645668 543.9685039370079 62.36220472440945 9.921259842519685 composée.
206.07874015748033 543.9685039370079 43.08661417322835 9.921259842519685 «J’ai
234.70866141732284 543.9685039370079 38.267716535433074 9.921259842519685 fait
258.8031496062992 543.9685039370079 33.44881889763779 9.921259842519685 mes
277.79527559055117 543.9685039370079 62.36220472440945 9.921259842519685 premières
325.7007874015748 543.9685039370079 43.08661417322835 9.921259842519685 armes
354.61417322834643 543.9685039370079 33.44881889763779 9.921259842519685 sur
373.6062992125984 543.9685039370079 33.44881889763779 9.921259842519685 les
392.88188976377955 543.9685039370079 43.08661417322835 9.921259842519685 bords
421.51181102362204 543.9685039370079 62.36220472440945 9.921259842519685 délicieux
464.59842519685037 543.9685039370079 19.275590551181104 9.921259842519685 du

159.30708661417322 553.8897637795276 51.023622047244096 10.488188976377952 Lignon.
196.44094488188978 553.8897637795276 37.13385826771653 10.488188976377952 J’en
219.68503937007873 553.8897637795276 37.13385826771653 10.488188976377952 aime
242.64566929133858 553.8897637795276 46.488188976377955 10.488188976377952 encore
275.244094488189 553.8897637795276 27.77952755905512 10.488188976377952 le
289.13385826771656 553.8897637795276 60.37795275590551 10.488188976377952 souvenir.
335.62204724409446 553.8897637795276 41.669291338582674 10.488188976377952 Jugez
363.40157480314963 553.8897637795276 27.77952755905512 10.488188976377952 si
377.29133858267716 553.8897637795276 37.13385826771653 10.488188976377952 j’ai
400.53543307086613 553.8897637795276 27.77952755905512 10.488188976377952 pu
414.4251968503937 553.8897637795276 37.13385826771653 10.488188976377952 vous
437.6692913385827 553.8897637795276 37.13385826771653 10.488188976377952 lire
456.37795275590554 553.8897637795276 27.77952755905512 10.488188976377952 sans

157.60629921259843 564.0944881889764 36.8503937007874 10.204724409448819 une
178.86614173228347 564.0944881889764 47.338582677165356 10.204724409448819 douce
210.33070866141733 564.0944881889764 57.826771653543304 10.204724409448819 émotion
252.28346456692913 564.0944881889764 31.46456692913386 10.204724409448819 et
268.15748031496065 564.0944881889764 41.95275590551181 10.204724409448819 sans
294.5196850393701 564.0944881889764 63.21259842519685 10.204724409448819 aplaudir
341.8582677165354 564.0944881889764 31.46456692913386 10.204724409448819 au
357.73228346456693 564.0944881889764 41.95275590551181 10.204724409448819 beau
383.81102362204723 564.0944881889764 36.8503937007874 10.204724409448819 feu
405.07086614173227 564.0944881889764 36.8503937007874 10.204724409448819 que
426.0472440944882 564.0944881889764 47.338582677165356 10.204724409448819 votre
452.40944881889766 564.0944881889764 31.46456692913386 10.204724409448819 muse

157.88976377952756 574.2992125984252 45.92125984251968 9.921259842519685 allume
189.92125984251967 574.2992125984252 32.031496062992126 9.921259842519685 sur
208.3464566929134 574.2992125984252 27.496062992125985 9.921259842519685 un
222.23622047244095 574.2992125984252 45.92125984251968 9.921259842519685 autel,
254.26771653543307 574.2992125984252 45.92125984251968 9.921259842519685 depuis
286.2992125984252 574.2992125984252 59.811023622047244 9.921259842519685 longtemps
332.2204724409449 574.2992125984252 27.496062992125985 9.921259842519685 si
346.1102362204724 574.2992125984252 41.38582677165354 9.921259842519685 froid
373.6062992125984 574.2992125984252 27.496062992125985 9.921259842519685 et
387.496062992126 574.2992125984252 27.496062992125985 9.921259842519685 si
401.1023622047244 574.2992125984252 59.811023622047244 9.921259842519685 déserté.»
447.0236220472441 574.2992125984252 27.496062992125985 9.921259842519685 Il
456.37795275590554 574.2992125984252 27.496062992125985 9.921259842519685 ter-

158.17322834645668 584.2204724409448 38.267716535433074 10.771653543307087 mine
182.26771653543307 584.2204724409448 28.62992125984252 10.771653543307087 en
196.44094488188978 584.2204724409448 62.36220472440945 10.771653543307087 formulant
244.3464566929134 584.2204724409448 28.62992125984252 10.771653543307087 le
258.8031496062992 584.2204724409448 52.724409448818896 10.771653543307087 conseil
297.07086614173227 584.2204724409448 28.62992125984252 10.771653543307087 de
311.5275590551181 584.2204724409448 28.62992125984252 10.771653543307087 ne
325.98425196850394 584.2204724409448 33.44881889763779 10.771653543307087 pas
345.25984251968504 584.2204724409448 28.62992125984252 10.771653543307087 se
359.43307086614175 584.2204724409448 62.36220472440945 10.771653543307087 cantonner
407.33858267716533 584.2204724409448 38.267716535433074 10.771653543307087 dans
426.61417322834643 584.2204724409448 57.54330708661417 10.771653543307087 l’églogue,

158.17322834645668 594.4251968503937 32.31496062992126 10.488188976377952 car
176.5984251968504 594.4251968503937 41.38582677165354 10.488188976377952 cette
204.09448818897638 594.4251968503937 45.92125984251968 10.488188976377952 poésie
236.1259842519685 594.4251968503937 36.8503937007874 10.488188976377952 mène
259.37007874015745 594.4251968503937 22.96062992125984 10.488188976377952 à
268.4409448818898 594.4251968503937 27.496062992125985 10.488188976377952 la
282.3307086614173 594.4251968503937 64.34645669291339 10.488188976377952 mélancolie
332.78740157480314 594.4251968503937 27.496062992125985 10.488188976377952 et
346.6771653543307 594.4251968503937 41.38582677165354 10.488188976377952 donne
374.1732283464567 594.4251968503937 22.96062992125984 10.488188976377952 à
383.244094488189 594.4251968503937 55.275590551181104 10.488188976377952 l'esprit
424.62992125984255 594.4251968503937 32.31496062992126 10.488188976377952 une
443.0551181102362 594.4251968503937 41.38582677165354 10.488188976377952 sorte
466.01574803149606 594.4251968503937 18.4251968503937 10.488188976377952 de

158.17322834645668 604.3464566929134 53.85826771653543 10.488188976377952 mollesse
198.4251968503937 604.3464566929134 31.46456692913386 10.488188976377952 qui
216.56692913385828 604.3464566929134 58.110236220472444 10.488188976377952 l'éloigne
261.3543307086614 604.3464566929134 26.929133858267715 10.488188976377952 de
274.6771653543307 604.3464566929134 26.929133858267715 10.488188976377952 la
283.748031496063 604.3464566929134 40.25196850393701 10.488188976377952 gaieté.

133.51181102362204 629.8582677165355 42.51968503937008 13.88976377952756 99.
157.60629921259843 629.8582677165355 54.70866141732284 13.88976377952756 PIRON
188.2204724409449 629.8582677165355 66.89763779527559 13.88976377952756 (Alexis).

173.48031496062993 651.4015748031496 47.90551181102362 11.622047244094489 Pour
208.06299212598427 651.4015748031496 26.078740157480315 11.622047244094489 un
221.10236220472441 651.4015748031496 43.37007874015748 11.622047244094489 enfant
251.71653543307087 651.4015748031496 21.826771653543307 11.622047244094489 à
260.2204724409449 651.4015748031496 30.330708661417322 11.622047244094489 son
277.79527559055117 651.4015748031496 39.118110236220474 11.622047244094489 père,
303.87401574803147 651.4015748031496 26.078740157480315 11.622047244094489 le
316.9133858267717 651.4015748031496 34.86614173228347 11.622047244094489 jour
338.45669291338584 651.4015748031496 26.078740157480315 11.622047244094489 de
351.496062992126 651.4015748031496 56.40944881889764 11.622047244094489 l'an,
394.86614173228344 651.4015748031496 39.118110236220474 11.622047244094489 pièce
420.9448818897638 651.4015748031496 26.078740157480315 11.622047244094489 de
433.98425196850394 651.4015748031496 34.86614173228347 11.622047244094489 vers
451.5590551181102 651.4015748031496 30.330708661417322 11.622047244094489 aut.,

161.85826771653544 663.0236220472441 24.094488188976378 11.338582677165354 6
171.49606299212599 663.0236220472441 28.913385826771652 11.338582677165354 p.
185.95275590551182 663.0236220472441 43.37007874015748 11.338582677165354 in-4.
214.86614173228347 663.0236220472441 53.00787401574803 11.338582677165354 Superbe
248.31496062992127 663.0236220472441 38.55118110236221 11.338582677165354 pièce.
