2179 3146
757 438 119 27 —
805 438 143 27 23
853 438 72 27 —

221 514 193 54 122.
342 514 338 54 TOURGUENEF
583 514 218 54 (Ivan).

369 586 113 47 1°
426 586 113 47 L.
482 586 113 47 a.
538 586 113 47 s.
595 586 113 47 de
651 586 132 47 son
726 586 150 47 père
820 586 169 47 Serge
933 586 282 47 Tourguenef.
1159 586 94 47 —
1196 586 113 47 2°
1252 586 113 47 L.
1309 586 113 47 a.
1365 586 113 47 s.
1403 586 75 47 de

329 626 130 48 Mme
404 626 204 48 Pauline
552 626 222 48 Viardot,
718 626 148 48 amie
811 626 111 48 de
866 626 278 48 Tourguenef.
1088 626 93 48 —
1125 626 111 48 3°
1181 626 167 48 Carte
1273 626 204 48 imprimée,

330 667 145 48 pour
420 667 127 48 les
493 667 217 48 obsèques
655 667 108 48 de
709 667 271 48 Tourguenef.
926 667 289 48 Intéressante
1143 667 181 48 réunion.

223 750 152 59 123.
318 750 228 59 TRIVULCE
489 750 362 59 (Jean-Jacques),
794 750 133 59 dit
870 750 114 59 le
927 750 228 59 <i>Grand
1098 750 324 59 Trivulce</i>,
1346 750 133 59 maré-

334 802 165 55 chal
438 802 124 55 de
500 802 227 55 France,
665 802 145 55 qui
748 802 227 55 conquit
913 802 124 55 le
955 802 227 55 Milanais.

375 876 91 47 L.
420 876 91 47 s.
466 876 151 47 <i>Jo.
572 876 182 47 Jac</i>.
708 876 121 47 avec
784 876 91 47 la
829 876 242 47 souscription
1026 876 121 47 aut.
1102 876 76 47 à
1132 876 182 47 FRANÇOIS
1268 876 106 47 Ier
1329 876 76 47 ;
1344 876 136 47 Embrun,

338 919 70 47 5
366 919 153 47 juillet
477 919 167 47 (1515?),
603 919 70 47 1
631 919 84 47 p.
673 919 98 47 1/2
728 919 153 47 in-fol.
840 919 153 47 <i>Très
938 919 153 47 rare</i>.

357 983 180 44 SUPERBE
487 983 163 44 LETTRE
602 983 98 44 où
651 983 98 44 il
699 983 114 44 lui
765 983 163 44 promet
879 983 98 44 de
928 983 147 44 faire
1026 983 147 44 bonne
1124 983 147 44 garde
1222 983 98 44 et
1271 983 98 44 de
1303 983 180 44 s’assurer

320 1018 95 44 la
368 1018 270 44 bienveillance
590 1018 95 44 de
638 1018 111 44 ses
701 1018 127 44 amis
781 1018 207 44 d’Italie.
940 1018 95 44 Il
987 1018 111 44 lui
1051 1018 175 44 annonce
1178 1018 95 44 le
1226 1018 175 44 passage
1353 1018 111 44 des
1401 1018 79 44 am-

322 1054 243 45 bassadeurs
512 1054 104 45 du
564 1054 139 45 pape
651 1054 104 45 et
703 1054 104 45 du
755 1054 121 45 roi
824 1054 104 45 de
876 1054 225 45 Portugal,
1050 1054 191 45 Antoine
1188 1054 156 45 Pucci
1292 1054 156 45 (plus
1379 1054 104 45 tard

325 1089 209 47 cardinal)
486 1089 97 47 et
534 1089 145 47 Diégo
631 1089 193 47 Pacheco,
775 1089 113 47 qui
840 1089 97 47 se
888 1089 177 47 rendent
1017 1089 129 47 vers
1097 1089 97 47 le
1145 1089 113 47 roi
1210 1089 97 47 de
1258 1089 209 47 Portugal.
1403 1089 80 47 «Le

325 1125 114 44 dit
390 1125 245 44 ambassadeur
586 1125 98 44 de
635 1125 147 44 notre
733 1125 228 44 Saint-Père
912 1125 114 44 est
977 1125 131 44 bien
1059 1125 147 44 saige
1157 1125 98 44 et
1206 1125 179 44 gentil.
1320 1125 163 44 L’ambas-

324 1160 170 47 sadeur
443 1160 102 47 de
494 1160 204 47 Portugal
648 1160 119 47 est
716 1160 204 47 personne
869 1160 102 47 de
920 1160 119 47 bon
988 1160 170 47 aspect
1107 1160 102 47 et
1158 1160 136 47 bien
1244 1160 153 47 saige
1329 1160 153 47 aussi.»

324 1196 95 46 Il
372 1196 111 46 lui
435 1196 174 46 annonce
561 1196 111 46 que
625 1196 111 46 les
688 1196 174 46 Suisses
815 1196 190 46 abattent
957 1196 206 46 plusieurs
1115 1196 237 46 forteresses
1305 1196 95 46 et
1352 1196 111 46 que
1400 1196 79 46 les

323 1233 246 41 aventuriers
519 1233 98 41 de
569 1233 148 41 cette
667 1233 164 41 nation
782 1233 230 41 descendent
962 1233 131 41 dans
1044 1233 98 41 le
1093 1233 213 41 Milanais,
1241 1233 98 41 etc.

224 1321 186 61 124.
340 1321 233 61 VAUBAN
503 1321 326 61 (Sébastien
760 1321 326 61 LEPRESTE),
1016 1321 280 61 illustre
1202 1321 280 61 ingénieur,

337 1376 262 50 maréchal
533 1376 131 50 de
599 1376 240 50 France,
773 1376 131 50 n.
839 1376 196 50 1633,
970 1376 131 50 m.
1013 1376 153 50 1707.

386 1445 97 46 L.
434 1445 97 46 s.
483 1445 145 46 <i>le
580 1445 194 46 maréchal
725 1445 97 46 de
773 1445 226 46 Vauban</i>
951 1445 81 46 à
983 1445 97 46 M.
1032 1445 178 46 Tardif;
1161 1445 161 46 Paris,
1274 1445 97 46 12
1323 1445 113 46 mai
1371 1445 113 46 1706,

339 1493 86 45 2
373 1493 103 45 p.
425 1493 121 45 1/2
494 1493 155 45 in-4,
597 1493 172 45 cachet
718 1493 138 45 bien
787 1493 189 45 conservé.

362 1552 99 48 Il
412 1552 116 48 lui
478 1552 231 48 recommande
660 1552 99 48 de
709 1552 99 48 ne
759 1552 116 48 pas
825 1552 215 48 s’écarter
990 1552 116 48 des
1056 1552 149 48 plans
1155 1552 149 48 qu’il
1254 1552 116 48 lui
1320 1552 83 48 a
1336 1552 149 48 tracés.

228 1644 168 62 125.
333 1644 293 62 VIEUXTEMPS
563 1644 251 62 (Henri),
752 1644 230 62 célèbre
919 1644 293 62 violoniste
1150 1644 209 62 belge,
1296 1644 126 62 n.
1338 1644 147 62 1820,

340 1707 128 34 m.
382 1707 150 34 1881.

384 1773 100 46 L.
434 1773 100 46 a.
484 1773 116 46 s.;
551 1773 233 46 Francfort,
733 1773 83 46 2
767 1773 133 46 juin
850 1773 150 46 1865,
949 1773 83 46 4
982 1773 100 46 p.
1016 1773 116 46 in

368 1834 228 48 Importante
547 1834 163 48 lettre
661 1834 196 48 relative
808 1834 81 48 à
840 1834 114 48 ses
905 1834 261 48 compositions
1117 1834 228 48 musicales.
1296 1834 98 48 La
1329 1834 163 48 première

334 1870 127 49 page
413 1870 190 49 contient
556 1870 158 49 quatre
667 1870 158 49 lignes
778 1870 95 49 de
825 1870 190 49 musique.
968 1870 95 49 Il
1016 1870 174 49 raconte
1142 1870 143 49 qu’il
1237 1870 79 49 a
1269 1870 127 49 fait
1333 1870 158 49 entendre

333 1905 105 49 un
386 1905 193 49 quatuor
527 1905 105 49 de
579 1905 105 49 sa
632 1905 263 49 composition
843 1905 140 49 avec
930 1905 105 49 un
983 1905 158 49 grand
1088 1905 193 49 succès.
1229 1905 140 49 «Les
1299 1905 193 49 Allemands

334 1941 121 48 ont
403 1941 138 48 paru
489 1941 259 48 abasourdis.
696 1941 121 48 Ils
766 1941 190 48 avaient
904 1941 155 48 l'air
1007 1941 104 48 de
1059 1941 155 48 dire:
1163 1941 121 48 Pas
1232 1941 207 48 possible
1370 1941 121 48 qu’un

334 1982 153 44 homme
436 1982 119 44 ait
504 1982 136 44 fait
589 1982 153 44 cela,
691 1982 187 44 n’étant
828 1982 119 44 pas
879 1982 204 44 Allemand.»

232 2066 177 62 126.
343 2066 244 62 VINCENT
520 2066 133 62 DE
586 2066 177 62 PAUL
697 2066 266 62 (Saint),
897 2066 310 62 l’illustre
1140 2066 288 62 fondateur
1362 2066 133 62 de
1406 2066 89 62 la

347 2119 335 57 Congrégation
619 2119 126 57 de
682 2119 126 57 la
745 2119 251 57 Mission,
934 2119 126 57 n.
997 2119 189 57 1576,
1122 2119 126 57 m.
1164 2119 147 57 1660.

386 2191 117 52 L.
444 2191 117 52 s.
502 2191 156 52 avec
600 2191 136 52 une
678 2191 175 52 ligne
794 2191 156 52 aut.
892 2191 117 52 au
950 2191 156 52 Père
1047 2191 234 52 Boulard;
1203 2191 292 52 Saint

349 2237 105 47 26
401 2237 122 47 mai
471 2237 157 47 1654,
575 2237 87 47 1
610 2237 105 47 p.
662 2237 157 47 in-4,
767 2237 174 47 cachet
889 2237 139 47 bien
958 2237 192 47 conservé.

374 2297 190 50 Superbe
512 2297 155 50 pièce
615 2297 104 50 où
667 2297 104 50 il
719 2297 104 50 le
771 2297 138 50 prie
857 2297 104 50 de
909 2297 173 50 prêter
1030 2297 104 50 sa
1082 2297 173 50 crosse
1202 2297 104 50 et
1254 2297 104 50 sa
1306 2297 155 50 mitre
1410 2297 86 50 à
1427 2297 69 50 un

341 2341 162 41 évêque
454 2341 113 41 qui
519 2341 113 41 n'a
583 2341 113 41 pas
648 2341 113 41 les
696 2341 162 41 siennes.
