2017 3004
1143 430 118 27 —
1190 430 141 27 24
1237 430 71 27 —

592 498 182 68 127.
706 498 227 68 WAGNER
865 498 318 68 (Richard),
1115 498 136 68 le
1184 498 205 68 grand
1320 498 341 68 compositeur
1593 498 136 68 de
1638 498 205 68 musique

712 549 279 50 allemand,
926 549 129 50 n.
990 549 193 50 1813,
1119 549 129 50 m.
1162 549 150 50 1885.

752 615 101 52 L.
803 615 101 52 a.
853 615 118 52 s.,
921 615 101 52 en
971 615 219 52 français,
1140 615 84 52 à
1174 615 118 52 une
1241 615 152 52 dame;
1342 615 152 52 jeudi
1443 615 152 52 soir,
1545 615 84 52 1
1578 615 101 52 p.
1612 615 118 52 in

736 672 139 37 Belle
828 672 155 37 lettre
937 672 93 37 où
983 672 93 37 il
1030 672 170 37 décline
1153 672 108 37 une
1200 672 201 37 invitation.

588 735 179 63 128.
700 735 202 63 WEBER
834 735 403 63 (Charles-Marie
1170 735 202 63 von),
1304 735 134 63 le
1372 735 202 63 grand
1506 735 336 63 compositeur
1752 735 90 63 de

709 786 224 61 musique
871 786 264 61 allemand,
1075 786 203 61 auteur
1217 786 122 61 de
1278 786 447 61 <i>Freyschutz</i>,
1664 786 122 61 n.
1705 786 122 61 1786

707 837 133 35 m.
751 837 155 35 1826.

751 907 90 47 L.
796 907 90 47 a.
841 907 105 47 s.;
901 907 75 47 6
931 907 180 47 novembre
1067 907 135 47 1822,
1157 907 75 47 2
1187 907 90 47 p.
1232 907 135 47 in-4.
1307 907 211 47 <i>Rare</i>.

730 964 207 49 PRÉCIEUSE
889 964 143 49 PIÈCE
985 964 95 49 où
1032 964 95 49 il
1080 964 175 49 discute
1207 964 111 49 les
1271 964 223 49 conditions
1446 964 127 49 dans
1526 964 223 49 lesquelles
1701 964 95 49 il
1733 964 111 49 devra

695 999 205 50 composer
849 999 103 50 un
900 999 205 50 ouvrage.
1054 999 103 50 Il
1105 999 188 50 déclare
1242 999 120 50 que
1311 999 171 50 malgré
1430 999 103 50 sa
1482 999 154 50 bonne
1584 999 188 50 volonté
1721 999 103 50 il
1755 999 86 50 lui

694 1035 116 53 est
761 1035 232 53 impossible
943 1035 100 53 de
993 1035 232 53 satisfaire
1176 1035 100 53 au
1226 1035 149 53 désir
1325 1035 100 53 de
1375 1035 116 53 son
1442 1035 299 53 correspondant.
1691 1035 100 53 Il
1724 1035 116 53 parle

697 1071 158 42 ensuite
812 1071 86 42 de
855 1071 101 42 son
912 1071 129 42 opéra
984 1071 302 42 <i>Abou

582 1132 190 64 129.
701 1132 332 64 WELLINGTON
962 1132 261 64 (Arthur
1152 1132 332 64 WELLESLEY,
1413 1132 166 64 duc
1508 1132 190 64 de),
1626 1132 142 64 le
1674 1132 166 64 vain-

703 1183 194 56 queur
832 1183 129 56 de
896 1183 280 56 Waterloo,
1111 1183 129 56 n.
1176 1183 194 56 1769,
1305 1183 129 56 m.
1348 1183 151 56 1852.

745 1251 108 56 L.
799 1251 108 56 a.
853 1251 125 56 s.,
924 1251 108 56 en
978 1251 233 56 français,
1157 1251 90 56 à
1193 1251 108 56 la
1247 1251 233 56 princesse
1426 1251 108 56 de
1480 1251 251 56 Vaudemont;
1659 1251 179 56 Cambrai,

706 1291 98 46 11
755 1291 179 46 octobre
885 1291 147 46 1817,
983 1291 82 46 1
1016 1291 98 46 p.
1065 1291 147 46 in-4.
1163 1291 147 46 Jolie
1244 1291 147 46 lettre.

581 1356 180 68 130.
693 1356 337 68 WINCKELMANN
963 1356 427 68 (Jean-Jacques),
1322 1356 315 68 l’illustre
1547 1356 292 68 archéologue

701 1407 271 51 allemand,
909 1407 271 51 assassiné
1118 1407 125 51 en
1159 1407 146 51 1768.

740 1474 100 54 L.
790 1474 100 54 a.
840 1474 116 54 s.,
907 1474 100 54 en
956 1474 199 54 italien,
1106 1474 100 54 (à
1156 1474 233 54 l’Académie
1339 1474 100 54 de
1388 1474 216 54 Corlone);
1555 1474 150 54 Rome,
1654 1474 100 54 14
1687 1474 150 54 février

701 1514 152 42 1761,
802 1514 84 42 2
836 1514 101 42 p.
870 1514 118 42 in

720 1571 195 51 SUPERBE
862 1571 177 51 LETTRE
986 1571 106 51 de
1039 1571 301 51 remerciements
1287 1571 142 51 pour
1375 1571 124 51 son
1446 1571 230 51 admission
1623 1571 142 51 dans
1693 1571 142 51 l’Aca-

682 1608 160 30 démie
789 1608 107 30 de
825 1608 178 30 Cortone.

574 1674 176 64 131.
684 1674 176 64 ZENO
794 1674 331 64 (Apostolo),
1059 1674 198 64 poète
1191 1674 309 64 dramatique
1433 1674 264 64 italien,
1632 1674 132 64 n.
1676 1674 154 64 1668,

691 1728 133 36 m.
735 1728 155 36 1750.

738 1793 104 54 L.
790 1793 104 54 a.
842 1793 104 54 s.
894 1793 87 54 à
928 1793 208 54 François
1084 1793 208 54 Séguier;
1240 1793 191 54 Venise,
1379 1793 104 54 23
1431 1793 156 54 avril
1535 1793 156 54 1746,
1638 1793 87 54 1
1673 1793 104 54 p.
1708 1793 121 54 in

721 1849 140 52 Belle
815 1849 156 52 lettre
924 1849 93 52 où
970 1849 93 52 il
1017 1849 140 52 parle
1110 1849 93 52 de
1157 1849 93 52 sa
1204 1849 140 52 santé
1297 1849 93 52 et
1344 1849 93 52 de
1390 1849 140 52 celle
1484 1849 93 52 de
1530 1849 109 52 son
1577 1849 249 52 correspondant.

575 1920 171 60 132.
682 1920 171 60 ZOLA
788 1920 257 60 (Émile),
981 1920 128 60 le
1045 1920 235 60 célèbre
1195 1920 257 60 romancier.

734 2000 101 47 L.
785 2000 101 47 a.
836 2000 118 47 s.;
903 2000 169 47 Médan,
1021 2000 101 47 15
1072 2000 135 47 juin
1157 2000 152 47 1890,
1258 2000 85 47 1
1292 2000 101 47 p.
1326 2000 118 47 in

713 2056 97 48 Il
761 2056 178 48 exprime
891 2056 97 48 le
939 2056 178 48 plaisir
1068 2056 145 48 qu'il
1165 2056 81 48 a
1198 2056 194 48 ressenti
1343 2056 81 48 à
1375 2056 129 48 voir
1456 2056 113 48 une
1521 2056 97 48 de
1569 2056 113 48 ses
1634 2056 162 48 œuvres
1731 2056 97 48 tra-

677 2092 146 30 duite
774 2092 97 30 en
806 2092 130 30 russe.

566 2163 180 64 133.
678 2163 180 64 Sous
790 2163 135 64 ce
858 2163 247 64 numéro,
1037 2163 135 64 il
1105 2163 180 64 sera
1217 2163 202 64 vendu
1352 2163 135 64 de
1419 2163 270 64 nombreux
1599 2163 225 64 autogra-

686 2213 168 52 phes
791 2213 147 52 non
854 2213 273 52 catalogués.

792 2344 144 36 Paris.
892 2344 72 36 —
921 2344 201 36 Imprimerie
1079 2344 86 36 L.
1122 2344 187 36 MARETHEUX
1266 2344 86 36 1,
1310 2344 101 36 rue
1367 2344 187 36 Cassette.
1511 2344 72 36 —
1525 2344 101 36 7776.
