617.6692913385826 891.7795275590552
219.4015748031496 130.39370078740157 37.41732283464567 9.354330708661417 —
234.14173228346456 130.39370078740157 44.78740157480315 9.354330708661417 11
249.16535433070865 130.39370078740157 22.393700787401574 9.354330708661417 —

73.13385826771653 152.50393700787401 41.95275590551181 13.32283464566929 58.
97.22834645669292 152.50393700787401 54.14173228346457 13.32283464566929 HENRI
133.22834645669292 152.50393700787401 48.188976377952756 13.32283464566929 III,
163.2755905511811 152.50393700787401 41.95275590551181 13.32283464566929 roi
187.08661417322836 152.50393700787401 36.0 13.32283464566929 de
205.22834645669292 152.50393700787401 66.04724409448819 13.32283464566929 France,
253.41732283464566 152.50393700787401 36.0 13.32283464566929 n.
271.2755905511811 152.50393700787401 54.14173228346457 13.32283464566929 1551,
307.2755905511811 152.50393700787401 36.0 13.32283464566929 m.
319.46456692913387 152.50393700787401 41.95275590551181 13.32283464566929 1589.

111.68503937007874 173.1968503937008 26.078740157480315 13.039370078740157 L.
124.7244094488189 173.1968503937008 26.078740157480315 13.039370078740157 a.
137.48031496062993 173.1968503937008 26.078740157480315 13.039370078740157 s.
150.51968503937007 173.1968503937008 90.99212598425197 13.039370078740157 Alexandre,
228.75590551181102 173.1968503937008 21.543307086614174 13.039370078740157 à
237.25984251968504 173.1968503937008 26.078740157480315 13.039370078740157 la
250.29921259842519 173.1968503937008 39.118110236220474 13.039370078740157 reine
276.37795275590554 173.1968503937008 60.661417322834644 13.039370078740157 d’Espagne,
324.0 173.1968503937008 26.078740157480315 13.039370078740157 sa
337.03937007874015 173.1968503937008 39.118110236220474 13.039370078740157 sœur;
363.11811023622045 173.1968503937008 26.078740157480315 13.039370078740157 (9
376.15748031496065 173.1968503937008 30.330708661417322 13.039370078740157 mai
389.1968503937008 173.1968503937008 34.58267716535433 13.039370078740157 1562),

99.77952755905511 184.8188976377953 22.96062992125984 12.188976377952756 1
108.85039370078741 184.8188976377953 27.496062992125985 12.188976377952756 p.
122.45669291338582 184.8188976377953 59.24409448818898 12.188976377952756 in-folio,
168.3779527559055 184.8188976377953 50.173228346456696 12.188976377952756 légères
204.9448818897638 184.8188976377953 45.63779527559055 12.188976377952756 taches
236.69291338582678 184.8188976377953 27.496062992125985 12.188976377952756 de
250.58267716535434 184.8188976377953 59.24409448818898 12.188976377952756 rousseur.
296.2204724409449 184.8188976377953 50.173228346456696 12.188976377952756 Très
332.78740157480314 184.8188976377953 36.56692913385827 12.188976377952756 rare
355.46456692913387 184.8188976377953 36.56692913385827 12.188976377952756 avec
373.8897637795276 184.8188976377953 50.173228346456696 12.188976377952756 cette

98.64566929133858 197.29133858267716 53.29133858267716 11.338582677165354 signature.

106.01574803149606 212.5984251968504 59.52755905511811 11.622047244094489 CURIEUSE
150.8031496062992 212.5984251968504 49.60629921259842 11.622047244094489 LETTRE
185.66929133858267 212.5984251968504 49.60629921259842 11.622047244094489 signée
220.53543307086613 212.5984251968504 29.763779527559056 11.622047244094489 de
235.2755905511811 212.5984251968504 34.86614173228347 11.622047244094489 son
255.4015748031496 212.5984251968504 34.86614173228347 11.622047244094489 nom
275.244094488189 212.5984251968504 29.763779527559056 11.622047244094489 de
289.98425196850394 212.5984251968504 59.52755905511811 11.622047244094489 baptême,
334.7716535433071 212.5984251968504 44.78740157480315 11.622047244094489 qu'il
364.81889763779526 212.5984251968504 59.52755905511811 11.622047244094489 échangea
404.503937007874 212.5984251968504 19.84251968503937 11.622047244094489 en

96.94488188976378 222.8031496062992 37.41732283464567 11.05511811023622 1565
120.18897637795276 222.8031496062992 37.41732283464567 11.05511811023622 pour
143.43307086614172 222.8031496062992 41.95275590551181 11.05511811023622 celui
171.49606299212599 222.8031496062992 28.062992125984252 11.05511811023622 de
185.66929133858267 222.8031496062992 46.77165354330709 11.05511811023622 Henri.
218.26771653543307 222.8031496062992 28.062992125984252 11.05511811023622 Il
232.15748031496062 222.8031496062992 37.41732283464567 11.05511811023622 prie
255.68503937007873 222.8031496062992 28.062992125984252 11.05511811023622 sa
269.5748031496063 222.8031496062992 37.41732283464567 11.05511811023622 sœur
293.1023622047244 222.8031496062992 28.062992125984252 11.05511811023622 de
306.99212598425197 222.8031496062992 28.062992125984252 11.05511811023622 le
320.88188976377955 222.8031496062992 41.95275590551181 11.05511811023622 tenir
348.9448818897638 222.8031496062992 37.41732283464567 11.05511811023622 dans
372.4724409448819 222.8031496062992 32.59842519685039 11.05511811023622 les
386.3622047244094 222.8031496062992 37.41732283464567 11.05511811023622 bonnes

96.66141732283465 233.29133858267716 45.07086614173228 10.771653543307087 grâces
128.1259842519685 233.29133858267716 26.929133858267715 10.771653543307087 du
141.73228346456693 233.29133858267716 36.0 10.771653543307087 roi,
164.40944881889763 233.29133858267716 31.46456692913386 10.771653543307087 son
182.26771653543307 233.29133858267716 36.0 10.771653543307087 mari
204.9448818897638 233.29133858267716 58.67716535433071 10.771653543307087 (Philippe
245.48031496062993 233.29133858267716 26.929133858267715 10.771653543307087 II).

73.41732283464567 253.98425196850394 43.93700787401575 15.023622047244094 59.
98.36220472440945 253.98425196850394 62.645669291338585 15.023622047244094 HEROLD
142.29921259842519 253.98425196850394 100.06299212598425 15.023622047244094 (Ferdinand),
223.6535433070866 253.98425196850394 68.88188976377953 15.023622047244094 célèbre
273.8267716535433 253.98425196850394 93.8267716535433 15.023622047244094 compositeur
348.9448818897638 253.98425196850394 37.7007874015748 15.023622047244094 de
361.4173228346457 253.98425196850394 62.645669291338585 15.023622047244094 musique,

101.48031496062993 268.15748031496065 46.20472440944882 14.173228346456693 auteur
133.79527559055117 268.15748031496065 27.77952755905512 14.173228346456693 de
147.4015748031496 268.15748031496065 73.7007874015748 14.173228346456693 Zampa
207.49606299212599 268.15748031496065 27.77952755905512 14.173228346456693 et
221.38582677165354 268.15748031496065 27.77952755905512 14.173228346456693 du
234.99212598425197 268.15748031496065 46.20472440944882 14.173228346456693 Pré
267.3070866141732 268.15748031496065 32.31496062992126 14.173228346456693 aux
285.73228346456693 268.15748031496065 69.16535433070867 14.173228346456693 Clercs,
341.00787401574803 268.15748031496065 27.77952755905512 14.173228346456693 n.
354.8976377952756 268.15748031496065 41.38582677165354 14.173228346456693 1791,
382.6771653543307 268.15748031496065 27.77952755905512 14.173228346456693 m.
391.748031496063 268.15748031496065 32.31496062992126 14.173228346456693 1833.

111.68503937007874 289.98425196850394 29.19685039370079 11.622047244094489 P.
126.14173228346456 289.98425196850394 29.19685039370079 11.622047244094489 a.
140.88188976377953 289.98425196850394 34.01574803149607 11.622047244094489 s.;
160.15748031496062 289.98425196850394 48.47244094488189 11.622047244094489 Paris,
194.17322834645668 289.98425196850394 24.37795275590551 11.622047244094489 7
203.81102362204723 289.98425196850394 58.39370078740158 11.622047244094489 décembre
247.748031496063 289.98425196850394 43.653543307086615 11.622047244094489 1831,
276.9448818897638 289.98425196850394 24.37795275590551 11.622047244094489 1
286.5826771653543 289.98425196850394 29.19685039370079 11.622047244094489 p.
296.2204724409449 289.98425196850394 34.01574803149607 11.622047244094489 in

105.73228346456693 308.12598425196853 30.04724409448819 11.622047244094489 Il
120.75590551181102 308.12598425196853 54.70866141732284 11.622047244094489 déclare
160.7244094488189 308.12598425196853 44.78740157480315 11.622047244094489 qu’il
190.48818897637796 308.12598425196853 30.04724409448819 11.622047244094489 ne
205.51181102362204 308.12598425196853 44.78740157480315 11.622047244094489 croit
235.55905511811022 308.12598425196853 34.86614173228347 11.622047244094489 pas
255.4015748031496 308.12598425196853 34.86614173228347 11.622047244094489 que
275.244094488189 308.12598425196853 49.889763779527556 11.622047244094489 Madame
310.1102362204724 308.12598425196853 89.85826771653544 11.622047244094489 Glossop-Demeri
384.9448818897638 308.12598425196853 34.86614173228347 11.622047244094489 ait
399.9685039370079 308.12598425196853 24.944881889763778 11.622047244094489 une

96.09448818897638 318.61417322834643 40.25196850393701 11.05511811023622 voix
121.32283464566929 318.61417322834643 70.58267716535433 11.05511811023622 convenable
176.88188976377953 318.61417322834643 40.25196850393701 11.05511811023622 pour
202.11023622047244 318.61417322834643 60.37795275590551 11.05511811023622 succéder
247.46456692913387 318.61417322834643 25.228346456692915 11.05511811023622 à
257.38582677165357 318.61417322834643 50.45669291338583 11.05511811023622 Madame
287.7165354330709 318.61417322834643 85.60629921259843 11.05511811023622 Damoreau

73.7007874015748 339.0236220472441 41.95275590551181 15.023622047244094 60.
97.79527559055119 339.0236220472441 48.188976377952756 15.023622047244094 HUGO
127.84251968503936 339.0236220472441 78.23622047244095 15.023622047244094 (Victor),
187.6535433070866 339.0236220472441 36.0 15.023622047244094 le
205.79527559055117 339.0236220472441 54.14173228346457 15.023622047244094 grand
241.79527559055117 339.0236220472441 60.09448818897638 15.023622047244094 poète,
284.0314960629921 339.0236220472441 36.0 15.023622047244094 n.
301.8897637795276 339.0236220472441 54.14173228346457 15.023622047244094 1802,
337.8897637795276 339.0236220472441 36.0 15.023622047244094 m.
350.0787401574803 339.0236220472441 41.95275590551181 15.023622047244094 1885.

111.96850393700787 359.7165354330709 28.346456692913385 11.905511811023622 L.
126.14173228346456 359.7165354330709 28.346456692913385 11.905511811023622 a.
140.5984251968504 359.7165354330709 28.346456692913385 11.905511811023622 s.
154.77165354330708 359.7165354330709 28.346456692913385 11.905511811023622 au
168.9448818897638 359.7165354330709 61.511811023622045 11.905511811023622 directeur
216.28346456692913 359.7165354330709 28.346456692913385 11.905511811023622 de
230.45669291338584 359.7165354330709 94.67716535433071 11.905511811023622 l'Illustrated
311.244094488189 359.7165354330709 47.338582677165356 11.905511811023622 London
344.40944881889766 359.7165354330709 61.511811023622045 11.905511811023622 News;
386.92913385826773 359.7165354330709 37.98425196850393 11.905511811023622 Marine

100.91338582677166 371.90551181102364 58.110236220472444 11.905511811023622 Terrace,
144.56692913385828 371.90551181102364 28.913385826771652 11.905511811023622 12
159.0236220472441 371.90551181102364 43.653543307086615 11.905511811023622 avril
187.93700787401573 371.90551181102364 43.653543307086615 11.905511811023622 1854,
217.13385826771653 371.90551181102364 24.094488188976378 11.905511811023622 1
226.77165354330708 371.90551181102364 28.913385826771652 11.905511811023622 p.
241.22834645669292 371.90551181102364 34.01574803149607 11.905511811023622 1/2
255.68503937007873 371.90551181102364 34.01574803149607 11.905511811023622 in

106.86614173228347 390.3307086614173 53.00787401574803 11.05511811023622 SUPERBE
145.41732283464566 390.3307086614173 48.188976377952756 11.05511811023622 LETTRE
179.1496062992126 390.3307086614173 28.913385826771652 11.05511811023622 où
193.60629921259843 390.3307086614173 28.913385826771652 11.05511811023622 il
208.06299212598427 390.3307086614173 28.913385826771652 11.05511811023622 le
222.51968503937007 390.3307086614173 57.826771653543304 11.05511811023622 remercie
265.8897637795276 390.3307086614173 28.913385826771652 11.05511811023622 de
280.62992125984255 390.3307086614173 28.913385826771652 11.05511811023622 sa
295.0866141732283 390.3307086614173 57.826771653543304 11.05511811023622 critique
338.45669291338584 390.3307086614173 81.92125984251969 11.05511811023622 bienveillante
401.1023622047244 390.3307086614173 24.094488188976378 11.05511811023622 des

97.79527559055119 400.251968503937 87.8740157480315 11.338582677165354 Châtiments.
173.76377952755905 400.251968503937 24.094488188976378 11.338582677165354 Il
185.66929133858267 400.251968503937 28.062992125984252 11.338582677165354 dit
201.54330708661416 400.251968503937 47.90551181102362 11.338582677165354 qu'après
237.54330708661416 400.251968503937 36.0 11.338582677165354 avoir
261.3543307086614 400.251968503937 36.0 11.338582677165354 servi
285.4488188976378 400.251968503937 24.094488188976378 11.338582677165354 le
297.3543307086614 400.251968503937 43.93700787401575 11.338582677165354 Progrès
329.38582677165357 400.251968503937 32.031496062992126 11.338582677165354 dans
349.2283464566929 400.251968503937 24.094488188976378 11.338582677165354 le
361.4173228346457 400.251968503937 51.874015748031496 11.338582677165354 triomphe,
401.1023622047244 400.251968503937 24.094488188976378 11.338582677165354 il
409.3228346456693 400.251968503937 15.874015748031496 11.338582677165354 le

97.22834645669292 410.45669291338584 48.188976377952756 11.05511811023622 défend
130.96062992125985 410.45669291338584 38.55118110236221 11.05511811023622 dans
155.0551181102362 410.45669291338584 28.913385826771652 11.05511811023622 la
169.51181102362204 410.45669291338584 57.826771653543304 11.05511811023622 défaite.
213.16535433070865 410.45669291338584 38.55118110236221 11.05511811023622 «Car
237.25984251968504 410.45669291338584 38.55118110236221 11.05511811023622 tout
261.3543307086614 410.45669291338584 28.913385826771652 11.05511811023622 ce
275.81102362204723 410.45669291338584 33.732283464566926 11.05511811023622 que
295.0866141732283 410.45669291338584 38.55118110236221 11.05511811023622 nous
319.18110236220474 410.45669291338584 48.188976377952756 11.05511811023622 voyons
353.1968503937008 410.45669291338584 72.28346456692914 11.05511811023622 aujourd'hui
406.20472440944883 410.45669291338584 19.275590551181104 11.05511811023622 en

96.66141732283465 420.37795275590554 48.47244094488189 11.338582677165354 France
130.39370078740157 420.37795275590554 28.913385826771652 11.338582677165354 et
145.13385826771653 420.37795275590554 28.913385826771652 11.338582677165354 en
159.59055118110237 420.37795275590554 48.47244094488189 11.338582677165354 Europe
193.3228346456693 420.37795275590554 43.653543307086615 11.338582677165354 n’est
222.23622047244095 420.37795275590554 33.732283464566926 11.338582677165354 pas
241.79527559055117 420.37795275590554 43.653543307086615 11.338582677165354 autre
270.70866141732284 420.37795275590554 43.653543307086615 11.338582677165354 chose
299.62204724409446 420.37795275590554 33.732283464566926 11.338582677165354 que
319.18110236220474 420.37795275590554 28.913385826771652 11.338582677165354 le
333.6377952755906 420.37795275590554 53.29133858267716 11.338582677165354 Progrès
372.18897637795277 420.37795275590554 48.47244094488189 11.338582677165354 vaincu
401.38582677165357 420.37795275590554 24.094488188976378 11.338582677165354 par

97.51181102362204 430.2992125984252 26.362204724409448 11.338582677165354 le
110.55118110236221 430.2992125984252 43.653543307086615 11.338582677165354 Passé,
141.16535433070865 430.2992125984252 26.362204724409448 11.338582677165354 le
154.20472440944883 430.2992125984252 39.40157480314961 11.338582677165354 droit
180.56692913385828 430.2992125984252 52.44094488188976 11.338582677165354 terrassé
219.68503937007873 430.2992125984252 30.614173228346456 11.338582677165354 par
237.25984251968504 430.2992125984252 26.362204724409448 11.338582677165354 la
250.29921259842519 430.2992125984252 43.653543307086615 11.338582677165354 force,
280.9133858267717 430.2992125984252 26.362204724409448 11.338582677165354 la
293.9527559055118 430.2992125984252 48.188976377952756 11.338582677165354 liberté
329.1023622047244 430.2992125984252 56.69291338582677 11.338582677165354 garrottée
372.755905511811 430.2992125984252 30.614173228346456 11.338582677165354 par
385.79527559055117 430.2992125984252 39.40157480314961 11.338582677165354 l'usur-

96.37795275590551 440.503937007874 56.69291338582677 12.188976377952756 pation.
137.48031496062993 440.503937007874 36.0 12.188976377952756 Les
158.17322834645668 440.503937007874 51.59055118110236 12.188976377952756 hommes
194.17322834645668 440.503937007874 41.10236220472441 12.188976377952756 qui,
219.96850393700788 440.503937007874 46.20472440944882 12.188976377952756 comme
250.86614173228347 440.503937007874 41.10236220472441 12.188976377952756 moi,
276.37795275590554 440.503937007874 51.59055118110236 12.188976377952756 voient
312.66141732283467 440.503937007874 41.10236220472441 12.188976377952756 leur
338.1732283464567 440.503937007874 51.59055118110236 12.188976377952756 patrie
369.07086614173227 440.503937007874 56.69291338582677 12.188976377952756 enchaînée

96.66141732283465 450.4251968503937 41.10236220472441 11.622047244094489 dans
122.45669291338582 450.4251968503937 30.89763779527559 11.622047244094489 un
137.76377952755905 450.4251968503937 66.89763779527559 11.622047244094489 bourbier,
189.0708661417323 450.4251968503937 46.20472440944882 11.622047244094489 n'ont
219.96850393700788 450.4251968503937 41.10236220472441 11.622047244094489 plus
245.76377952755905 450.4251968503937 51.30708661417323 11.622047244094489 qu'une
281.76377952755905 450.4251968503937 56.69291338582677 11.622047244094489 pensée,
322.86614173228344 450.4251968503937 30.89763779527559 11.622047244094489 le
338.45669291338584 450.4251968503937 56.69291338582677 11.622047244094489 devoir,
379.5590551181102 450.4251968503937 30.89763779527559 11.622047244094489 et
389.76377952755905 450.4251968503937 36.0 11.622047244094489 qu'un

96.66141732283465 462.3307086614173 56.69291338582677 9.637795275590552 bonheur,
134.64566929133858 462.3307086614173 47.05511811023622 9.637795275590552 l’exil.»

73.41732283464567 482.45669291338584 43.37007874015748 14.173228346456693 61.
98.36220472440945 482.45669291338584 49.60629921259842 14.173228346456693 HUGO
123.02362204724409 482.45669291338584 68.03149606299213 14.173228346456693 (Victor).

111.4015748031496 502.86614173228344 43.08661417322835 11.905511811023622 Pièce
140.31496062992127 502.86614173228344 28.913385826771652 11.905511811023622 de
154.48818897637796 502.86614173228344 38.267716535433074 11.905511811023622 vers
178.58267716535434 502.86614173228344 38.267716535433074 11.905511811023622 aut.
202.6771653543307 502.86614173228344 43.08661417322835 11.905511811023622 sig.,
231.30708661417322 502.86614173228344 24.094488188976378 11.905511811023622 1
240.9448818897638 502.86614173228344 28.913385826771652 11.905511811023622 p.
255.4015748031496 502.86614173228344 38.267716535433074 11.905511811023622 in-8
274.6771653543307 502.86614173228344 43.08661417322835 11.905511811023622 oblong.

107.71653543307086 522.7086614173228 42.51968503937008 10.488188976377952 Belle
136.06299212598427 522.7086614173228 42.51968503937008 10.488188976377952 pièce
164.40944881889763 522.7086614173228 42.51968503937008 10.488188976377952 ainsi
188.2204724409449 522.7086614173228 42.51968503937008 10.488188976377952 conçue:

122.45669291338582 534.0472440944882 51.59055118110236 11.338582677165354 Heureux
160.15748031496062 534.0472440944882 32.881889763779526 11.338582677165354 qui
178.86614173228347 534.0472440944882 37.41732283464567 11.338582677165354 peut
202.39370078740157 534.0472440944882 46.77165354330709 11.338582677165354 aimer,
235.2755905511811 534.0472440944882 28.062992125984252 11.338582677165354 et
249.16535433070865 534.0472440944882 37.41732283464567 11.338582677165354 qui,
272.6929133858268 534.0472440944882 37.41732283464567 11.338582677165354 dans
296.2204724409449 534.0472440944882 28.062992125984252 11.338582677165354 la
310.1102362204724 534.0472440944882 37.41732283464567 11.338582677165354 nuit
329.1023622047244 534.0472440944882 37.41732283464567 11.338582677165354 noire,

121.32283464566929 544.2519685039371 37.98425196850393 11.05511811023622 Tout
145.13385826771653 544.2519685039371 28.346456692913385 11.05511811023622 en
159.30708661417322 544.2519685039371 61.511811023622045 11.05511811023622 cherchant
206.64566929133858 544.2519685039371 28.346456692913385 11.05511811023622 la
220.8188976377953 544.2519685039371 37.98425196850393 11.05511811023622 foi,
244.3464566929134 544.2519685039371 37.98425196850393 11.05511811023622 peut
268.15748031496065 544.2519685039371 66.33070866141732 11.05511811023622 rencontrer
315.496062992126 544.2519685039371 47.338582677165356 11.05511811023622 l’amour!

121.88976377952756 554.4566929133858 28.062992125984252 11.05511811023622 Il
135.7795275590551 554.4566929133858 23.52755905511811 11.05511811023622 a
145.13385826771653 554.4566929133858 28.062992125984252 11.05511811023622 du
159.30708661417322 554.4566929133858 42.23622047244095 11.05511811023622 moins
187.37007874015748 554.4566929133858 28.062992125984252 11.05511811023622 la
201.25984251968504 554.4566929133858 42.23622047244095 11.05511811023622 lampe
229.3228346456693 554.4566929133858 28.062992125984252 11.05511811023622 en
243.49606299212599 554.4566929133858 60.94488188976378 11.05511811023622 attendant
290.26771653543307 554.4566929133858 28.062992125984252 11.05511811023622 le
299.62204724409446 554.4566929133858 32.881889763779526 11.05511811023622 jour.

121.88976377952756 564.0944881889764 51.59055118110236 11.05511811023622 Heureux
159.59055118110237 564.0944881889764 28.062992125984252 11.05511811023622 ce
173.76377952755905 564.0944881889764 42.23622047244095 11.05511811023622 cœur!
201.82677165354332 564.0944881889764 47.05511811023622 11.05511811023622 Aimer,
234.70866141732284 564.0944881889764 42.23622047244095 11.05511811023622 c’est
262.7716535433071 564.0944881889764 28.062992125984252 11.05511811023622 la
276.9448818897638 564.0944881889764 47.05511811023622 11.05511811023622 moitié
309.8267716535433 564.0944881889764 28.062992125984252 11.05511811023622 de
319.18110236220474 564.0944881889764 42.23622047244095 11.05511811023622 croire.

73.98425196850394 584.503937007874 42.23622047244095 14.456692913385826 62.
98.07874015748031 584.503937007874 48.47244094488189 14.456692913385826 JEAN
128.40944881889763 584.503937007874 78.80314960629921 14.456692913385826 SOBIESKI,
188.78740157480314 584.503937007874 42.23622047244095 14.456692913385826 roi
213.16535433070865 584.503937007874 36.28346456692913 14.456692913385826 de
231.30708661417322 584.503937007874 72.56692913385827 14.456692913385826 Pologne,
285.73228346456693 584.503937007874 72.56692913385827 14.456692913385826 illustre
340.15748031496065 584.503937007874 78.80314960629921 14.456692913385826 guerrier,
394.5826771653543 584.503937007874 30.330708661417322 14.456692913385826 qui

100.34645669291339 598.3937007874016 62.645669291338585 15.307086614173228 délivra
145.98425196850394 598.3937007874016 56.976377952755904 15.307086614173228 Vienne
185.66929133858267 598.3937007874016 68.31496062992126 15.307086614173228 assiégée
236.9763779527559 598.3937007874016 39.968503937007874 15.307086614173228 par
259.65354330708664 598.3937007874016 39.968503937007874 15.307086614173228 les
282.3307086614173 598.3937007874016 56.976377952755904 15.307086614173228 Turcs,
322.2992125984252 598.3937007874016 34.01574803149607 15.307086614173228 n.
339.3070866141732 598.3937007874016 51.30708661417323 15.307086614173228 1624,
373.3228346456693 598.3937007874016 34.01574803149607 15.307086614173228 m.
384.9448818897638 598.3937007874016 39.968503937007874 15.307086614173228 1696.

111.96850393700787 618.2362204724409 28.62992125984252 12.472440944881889 L.
126.4251968503937 618.2362204724409 33.16535433070866 12.472440944881889 s.,
145.41732283464566 618.2362204724409 28.62992125984252 12.472440944881889 en
159.59055118110237 618.2362204724409 47.62204724409449 12.472440944881889 latin,
192.75590551181102 618.2362204724409 37.98425196850393 12.472440944881889 avec
216.56692913385828 618.2362204724409 28.62992125984252 12.472440944881889 la
230.74015748031496 618.2362204724409 75.96850393700787 12.472440944881889 souscription
292.53543307086613 618.2362204724409 42.803149606299215 12.472440944881889 aut.,
321.1653543307087 618.2362204724409 23.811023622047244 12.472440944881889 à
330.8031496062992 618.2362204724409 66.61417322834646 12.472440944881889 l'empereur
378.1417322834646 618.2362204724409 47.62204724409449 12.472440944881889 Léopold;

100.91338582677166 629.8582677165355 69.73228346456693 13.32283464566929 Strigonia,
155.90551181102362 629.8582677165355 29.763779527559056 13.32283464566929 13
170.9291338582677 629.8582677165355 54.70866141732284 13.32283464566929 octobre
210.61417322834646 629.8582677165355 44.78740157480315 13.32283464566929 1683,
240.66141732283464 629.8582677165355 24.944881889763778 13.32283464566929 1
250.58267716535434 629.8582677165355 29.763779527559056 13.32283464566929 p.
265.6062992125984 629.8582677165355 64.91338582677166 13.32283464566929 in-folio,
315.21259842519686 629.8582677165355 49.889763779527556 13.32283464566929 cachet
350.0787401574803 629.8582677165355 39.968503937007874 13.32283464566929 bien
370.20472440944883 629.8582677165355 54.70866141732284 13.32283464566929 conservé.

102.89763779527559 643.4645669291339 29.763779527559056 8.220472440944881 Rare.

107.71653543307086 657.0708661417323 51.59055118110236 12.755905511811024 Superbe
145.41732283464566 657.0708661417323 42.23622047244095 12.755905511811024 pièce
173.48031496062993 657.0708661417323 46.77165354330709 12.755905511811024 écrite
206.07874015748033 657.0708661417323 28.062992125984252 12.755905511811024 un
220.251968503937 657.0708661417323 37.41732283464567 12.755905511811024 mois
243.7795275590551 657.0708661417323 42.23622047244095 12.755905511811024 après
271.84251968503935 657.0708661417323 28.062992125984252 12.755905511811024 la
285.73228346456693 657.0708661417323 65.48031496062993 12.755905511811024 délivrance
337.3228346456693 657.0708661417323 28.062992125984252 12.755905511811024 de
351.496062992126 657.0708661417323 51.59055118110236 12.755905511811024 Vienne,
388.9133858267717 657.0708661417323 28.062992125984252 12.755905511811024 et
398.26771653543307 657.0708661417323 28.062992125984252 12.755905511811024 dans

98.07874015748031 667.5590551181102 56.40944881889764 11.905511811023622 laquelle
140.5984251968504 667.5590551181102 28.346456692913385 11.905511811023622 il
154.77165354330708 667.5590551181102 32.881889763779526 11.905511811023622 lui
173.48031496062993 667.5590551181102 65.76377952755905 11.905511811023622 recommande
225.35433070866142 667.5590551181102 28.346456692913385 11.905511811023622 le
239.5275590551181 667.5590551181102 42.23622047244095 11.905511811023622 comte
267.59055118110234 667.5590551181102 56.40944881889764 11.905511811023622 Ladislas
305.29133858267716 667.5590551181102 47.05511811023622 11.905511811023622 Chyalis.
