3552.755905511811 5102.36220472441
1474.015748031496 330.70866141732284 299.21259842519686 103.93700787401575 —
1593.7007874015749 330.70866141732284 359.0551181102362 103.93700787401575 20
1713.3858267716535 330.70866141732284 179.5275590551181 103.93700787401575 —

807.8740157480315 444.09448818897636 606.2992125984252 228.3464566929134 267
1283.4645669291338 444.09448818897636 648.8188976377953 228.3464566929134 Ramasseuses
1803.1496062992126 444.09448818897636 259.84251968503935 228.3464566929134 de
1932.283464566929 444.09448818897636 346.45669291338584 228.3464566929134 bois
2149.6062992125985 444.09448818897636 433.07086614173227 228.3464566929134 (Étude
2409.448818897638 444.09448818897636 475.59055118110234 228.3464566929134 d’hiver).

1144.8818897637796 614.1732283464567 544.8818897637796 125.98425196850394 Aquarelle.

800.0 710.2362204724409 546.4566929133858 165.35433070866142 268
1229.9212598425197 710.2362204724409 390.5511811023622 165.35433070866142 Retour
1502.3622047244094 710.2362204724409 234.64566929133858 165.35433070866142 de
1618.8976377952756 710.2362204724409 467.7165354330709 165.35433070866142 l’herbe.
1930.708661417323 710.2362204724409 311.81102362204723 165.35433070866142 Étude.

804.7244094488188 825.1968503937007 533.8582677165355 170.07874015748033 269
1223.6220472440946 825.1968503937007 458.26771653543307 170.07874015748033 Azalées.
1529.1338582677165 825.1968503937007 458.26771653543307 170.07874015748033 Aquarelle.

502.3622047244094 1086.6141732283465 773.2283464566929 222.04724409448818 CHÉRÉMÉTEW,
1121.259842519685 1086.6141732283465 566.9291338582677 222.04724409448818 Basile,
1533.8582677165355 1086.6141732283465 310.23622047244095 222.04724409448818 né
1689.763779527559 1086.6141732283465 258.26771653543307 222.04724409448818 à
1792.1259842519685 1086.6141732283465 566.9291338582677 222.04724409448818 Moscou.
2204.7244094488187 1086.6141732283465 258.26771653543307 222.04724409448818 —
2308.6614173228345 1086.6141732283465 360.62992125984255 222.04724409448818 71,
2514.9606299212596 1086.6141732283465 360.62992125984255 222.04724409448818 rue
2669.2913385826773 1086.6141732283465 206.29921259842519 222.04724409448818 de

609.4488188976378 1294.4881889763778 259.84251968503935 152.75590551181102 la
694.488188976378 1294.4881889763778 606.2992125984252 152.75590551181102 Faisanderie.

801.5748031496063 1403.1496062992126 537.007874015748 192.1259842519685 270
1222.0472440944882 1403.1496062992126 382.6771653543307 192.1259842519685 Soirée
1491.3385826771653 1403.1496062992126 422.0472440944882 192.1259842519685 d’hiver
1796.8503937007874 1403.1496062992126 229.92125984251967 192.1259842519685 en
1874.015748031496 1403.1496062992126 344.88188976377955 192.1259842519685 Russie.

510.23622047244095 1686.6141732283465 642.5196850393701 154.33070866141733 CHEVALIER,
1014.1732283464567 1686.6141732283465 733.8582677165355 154.33070866141733 Ernest-Jean,
1611.023622047244 1686.6141732283465 275.59055118110234 154.33070866141733 né
1748.0314960629921 1686.6141732283465 229.92125984251967 154.33070866141733 à
1839.3700787401574 1686.6141732283465 275.59055118110234 154.33070866141733 La
1977.9527559055118 1686.6141732283465 596.8503937007874 154.33070866141733 Rochelle.
2436.220472440945 1686.6141732283465 229.92125984251967 154.33070866141733 —
2527.5590551181103 1686.6141732283465 321.25984251968504 154.33070866141733 55,
2664.566929133858 1686.6141732283465 229.92125984251967 154.33070866141733 rue

603.1496062992126 1820.4724409448818 644.0944881889764 163.7795275590551 Rennequin,
1062.992125984252 1820.4724409448818 368.503937007874 163.7795275590551 Paris.

773.2283464566929 1952.755905511811 584.2519685039371 146.45669291338584 *271
1240.9448818897638 1952.755905511811 233.0708661417323 146.45669291338584 Le
1357.4803149606298 1952.755905511811 388.9763779527559 146.45669291338584 Calme.
1590.5511811023623 1952.755905511811 351.18110236220474 146.45669291338584 Marine.

815.7480314960629 2081.8897637795276 588.9763779527559 154.33070866141733 *272
1286.6141732283465 2081.8897637795276 236.2204724409449 154.33070866141733 Le
1404.724409448819 2081.8897637795276 313.38582677165357 154.33070866141733 port
1601.5748031496064 2081.8897637795276 236.2204724409449 154.33070866141733 de
1719.6850393700788 2081.8897637795276 236.2204724409449 154.33070866141733 la
1836.2204724409448 2081.8897637795276 470.86614173228344 154.33070866141733 Chambre,
2151.181102362205 2081.8897637795276 510.23622047244095 154.33070866141733 Ile

771.6535433070866 2190.551181102362 596.8503937007874 138.58267716535434 *273
1248.8188976377953 2190.551181102362 237.79527559055117 138.58267716535434 La
1366.9291338582677 2190.551181102362 318.1102362204724 138.58267716535434 Baie
1566.9291338582677 2190.551181102362 237.79527559055117 138.58267716535434 de
1685.0393700787401 2190.551181102362 437.79527559055117 138.58267716535434 Bréhat.
1963.7795275590552 2190.551181102362 357.4803149606299 138.58267716535434 Marine.

812.5984251968504 2275.5905511811025 582.6771653543307 170.07874015748033 *274
1280.3149606299212 2275.5905511811025 349.6062992125984 170.07874015748033 Etude
1513.3858267716535 2275.5905511811025 311.81102362204723 170.07874015748033 dans
1707.0866141732283 2275.5905511811025 233.0708661417323 170.07874015748033 le
1823.6220472440946 2275.5905511811025 311.81102362204723 170.07874015748033 port
2018.8976377952756 2275.5905511811025 233.0708661417323 170.07874015748033 de
2135.433070866142 2275.5905511811025 233.0708661417323 170.07874015748033 la
2212.5984251968503 2275.5905511811025 428.34645669291336 170.07874015748033 Rochelle.

779.5275590551181 2434.6456692913384 600.0 130.70866141732284 *275
1259.8425196850394 2434.6456692913384 240.9448818897638 130.70866141732284 Le
1379.5275590551182 2434.6456692913384 360.62992125984255 130.70866141732284 Phare
1618.8976377952756 2434.6456692913384 240.9448818897638 130.70866141732284 du
1740.1574803149606 2434.6456692913384 319.68503937007875 130.70866141732284 Paon
1899.2125984251968 2434.6456692913384 440.9448818897638 130.70866141732284 (Bréhat).

782.6771653543307 2549.6062992125985 593.7007874015748 140.15748031496062 *276
1256.6929133858268 2549.6062992125985 395.2755905511811 140.15748031496062 Quatre
1533.8582677165355 2549.6062992125985 395.2755905511811 140.15748031496062 études
1811.023622047244 2549.6062992125985 316.53543307086613 140.15748031496062 dans
1968.5039370078741 2549.6062992125985 316.53543307086613 140.15748031496062 Paris.

784.2519685039371 2645.6692913385828 554.3307086614174 133.85826771653544 *277
1226.7716535433071 2645.6692913385828 258.26771653543307 133.85826771653544 Les
1337.007874015748 2645.6692913385828 444.09448818897636 133.85826771653544 Patineurs.

779.5275590551181 2765.3543307086616 582.6771653543307 135.43307086614172 *278
1245.6692913385828 2765.3543307086616 272.4409448818898 135.43307086614172 Mer
1401.5748031496064 2765.3543307086616 349.6062992125984 135.43307086614172 basse
1634.6456692913387 2765.3543307086616 193.70078740157481 135.43307086614172 à
1674.015748031496 2765.3543307086616 349.6062992125984 135.43307086614172 Fouras.

779.5275590551181 2858.267716535433 552.7559055118111 135.43307086614172 *279
1220.4724409448818 2858.267716535433 220.4724409448819 135.43307086614172 Au
1330.708661417323 2858.267716535433 404.7244094488189 135.43307086614172 soleil.
1588.976377952756 2858.267716535433 294.48818897637796 135.43307086614172 Etude.

782.6771653543307 2990.551181102362 582.6771653543307 157.48031496062993 *280
1248.8188976377953 2990.551181102362 349.6062992125984 157.48031496062993 Etude
1481.8897637795276 2990.551181102362 193.70078740157481 157.48031496062993 à
1559.0551181102362 2990.551181102362 233.0708661417323 157.48031496062993 la
1637.7952755905512 2990.551181102362 543.3070866141733 157.48031496062993 Grande

516.5354330708661 3236.220472440945 732.2834645669292 192.1259842519685 CHEVALLIER,
1102.3622047244094 3236.220472440945 488.18897637795277 192.1259842519685 Henri,
1444.0944881889764 3236.220472440945 292.9133858267717 192.1259842519685 né
1590.5511811023623 3236.220472440945 244.09448818897638 192.1259842519685 à
1688.1889763779527 3236.220472440945 439.37007874015745 192.1259842519685 Lyon.
1979.5275590551182 3236.220472440945 244.09448818897638 192.1259842519685 —
2077.165354330709 3236.220472440945 341.73228346456693 192.1259842519685 35,
2272.4409448818897 3236.220472440945 341.73228346456693 192.1259842519685 rue
2467.716535433071 3236.220472440945 292.9133858267717 192.1259842519685 de
2565.3543307086616 3236.220472440945 341.73228346456693 192.1259842519685 l’En-

620.4724409448819 3381.1023622047246 422.0472440944882 148.03149606299212 fance,
874.0157480314961 3381.1023622047246 338.5826771653543 148.03149606299212 Paris.

815.7480314960629 3513.3858267716537 554.3307086614174 149.60629921259843 281
1250.3937007874015 3513.3858267716537 474.01574803149606 149.60629921259843 Bergerie
1606.2992125984251 3513.3858267716537 198.4251968503937 149.60629921259843 à
1685.0393700787401 3513.3858267716537 237.79527559055117 149.60629921259843 la
1804.724409448819 3513.3858267716537 829.9212598425197 149.60629921259843 Grande-Chartreuse
2477.165354330709 3513.3858267716537 395.2755905511811 149.60629921259843 (Isère).

820.4724409448819 3666.1417322834645 549.6062992125984 143.30708661417322 282
1251.9685039370079 3666.1417322834645 431.496062992126 143.30708661417322 Paysage
1565.3543307086613 3666.1417322834645 234.64566929133858 143.30708661417322 de
1683.4645669291338 3666.1417322834645 510.23622047244095 143.30708661417322 Rossillon
2036.2204724409448 3666.1417322834645 313.38582677165357 143.30708661417322 (Ain).

529.1338582677165 3894.488188976378 743.3070866141733 181.10236220472441 CHEVALLIER,
1122.8346456692914 3894.488188976378 792.1259842519685 181.10236220472441 Léon-Pierre,
1766.9291338582677 3894.488188976378 297.6377952755906 181.10236220472441 né
1916.5354330708662 3894.488188976378 247.24409448818898 181.10236220472441 à
2015.748031496063 3894.488188976378 445.6692913385827 181.10236220472441 Sablé
2311.8110236220473 3894.488188976378 644.0944881889764 181.10236220472441 (Sarthe).
2759.0551181102364 3894.488188976378 148.03149606299212 181.10236220472441 —

628.3464566929134 4072.4409448818897 343.3070866141732 157.48031496062993 143,
842.5196850393701 4072.4409448818897 429.9212598425197 157.48031496062993 avenue
1143.3070866141732 4072.4409448818897 258.26771653543307 157.48031496062993 de
1272.4409448818897 4072.4409448818897 514.9606299212599 157.48031496062993 Neuilly,
1615.748031496063 4072.4409448818897 859.8425196850394 157.48031496062993 Neuilly

825.1968503937007 4200.0 507.0866141732283 125.98425196850394 283
1223.6220472440946 4200.0 434.6456692913386 125.98425196850394 Portrait
1549.6062992125985 4200.0 217.3228346456693 125.98425196850394 de
1658.267716535433 4200.0 289.76377952755905 125.98425196850394 Mlle
1803.1496062992126 4200.0 181.10236220472441 125.98425196850394 X..
