3628.3464566929133 5083.464566929134
1530.708661417323 485.03937007874015 305.51181102362204 184.251968503937 —
1653.5433070866143 485.03937007874015 366.92913385826773 184.251968503937 24
1776.3779527559054 485.03937007874015 184.251968503937 184.251968503937 —

563.7795275590552 640.9448818897638 612.5984251968504 173.22834645669292 DEGUERNE,
1034.6456692913387 640.9448818897638 470.86614173228344 173.22834645669292 Louis,
1365.3543307086613 640.9448818897638 283.46456692913387 173.22834645669292 né
1507.0866141732283 640.9448818897638 236.2204724409449 173.22834645669292 à
1601.5748031496064 640.9448818897638 518.1102362204724 173.22834645669292 Fleuré,
1977.9527559055118 640.9448818897638 330.70866141732284 173.22834645669292 par
2166.9291338582675 640.9448818897638 518.1102362204724 173.22834645669292 Écouché
2497.6377952755906 640.9448818897638 423.62204724409446 173.22834645669292 (Orne).

774.8031496062993 795.2755905511812 223.6220472440945 129.13385826771653 —
862.992125984252 795.2755905511812 313.38582677165357 129.13385826771653 32,
1042.5196850393702 795.2755905511812 313.38582677165357 129.13385826771653 rue
1222.0472440944882 795.2755905511812 269.29133858267716 129.13385826771653 de
1357.4803149606298 795.2755905511812 269.29133858267716 129.13385826771653 la
1491.3385826771653 795.2755905511812 582.6771653543307 129.13385826771653 Fontaine,
1940.1574803149606 795.2755905511812 582.6771653543307 129.13385826771653 Cherbourg
2387.4015748031497 795.2755905511812 269.29133858267716 129.13385826771653 et
2522.834645669291 795.2755905511812 223.6220472440945 129.13385826771653 à
2566.9291338582675 795.2755905511812 359.0551181102362 129.13385826771653 Fleuré

655.1181102362204 897.6377952755905 319.68503937007875 163.7795275590551 par
837.7952755905512 897.6377952755905 500.78740157480314 163.7795275590551 Écouché
1155.9055118110236 897.6377952755905 411.0236220472441 163.7795275590551 (Orne).

823.6220472440945 1014.1732283464567 593.7007874015748 242.51968503937007 *338
1299.2125984251968 1014.1732283464567 237.79527559055117 242.51968503937007 Le
1417.3228346456692 1014.1732283464567 316.53543307086613 242.51968503937007 fort
1615.748031496063 1014.1732283464567 237.79527559055117 242.51968503937007 du
1733.8582677165355 1014.1732283464567 355.90551181102364 242.51968503937007 Roule
1971.6535433070867 1014.1732283464567 316.53543307086613 242.51968503937007 dans
2170.0787401574803 1014.1732283464567 237.79527559055117 242.51968503937007 la
2289.763779527559 1014.1732283464567 396.8503937007874 242.51968503937007 brume,
2566.9291338582675 1014.1732283464567 355.90551181102364 242.51968503937007 effet
2763.779527559055 1014.1732283464567 159.0551181102362 242.51968503937007 de

1239.3700787401574 1174.8031496062993 440.9448818897638 157.48031496062993 matin,
1548.0314960629921 1174.8031496062993 308.66141732283467 157.48031496062993 fin
1680.3149606299212 1174.8031496062993 529.1338582677165 157.48031496062993 d’automne.

563.7795275590552 1456.6929133858268 614.1732283464567 127.55905511811024 DELACOUR,
1036.2204724409448 1456.6929133858268 661.4173228346457 127.55905511811024 Hippolyte,
1555.9055118110236 1456.6929133858268 283.46456692913387 127.55905511811024 né
1697.6377952755906 1456.6929133858268 236.2204724409449 127.55905511811024 à
1792.1259842519685 1456.6929133858268 472.4409448818898 127.55905511811024 Paris.
2122.834645669291 1456.6929133858268 236.2204724409449 127.55905511811024 —
2170.0787401574803 1456.6929133858268 755.9055118110236 127.55905511811024 Villeneuve-

655.1181102362204 1587.4015748031495 494.48818897637796 151.1811023622047 Garenne
968.503937007874 1587.4015748031495 448.81889763779526 151.1811023622047 (Seine).

822.0472440944882 1714.9606299212599 601.5748031496063 168.50393700787401 *339
1302.3622047244094 1714.9606299212599 240.9448818897638 168.50393700787401 Le
1423.6220472440946 1714.9606299212599 642.5196850393701 168.50393700787401 Vaux-Fleuri,
1944.8818897637796 1714.9606299212599 200.0 168.50393700787401 à
2025.1968503937007 1714.9606299212599 521.2598425196851 168.50393700787401 Granville
2387.4015748031497 1714.9606299212599 440.9448818897638 168.50393700787401 (Manche).

812.5984251968504 1862.992125984252 674.0157480314961 159.0551181102362 *340
1352.755905511811 1862.992125984252 225.1968503937008 159.0551181102362 A
1442.5196850393702 1862.992125984252 404.7244094488189 159.0551181102362 Marée
1711.8110236220473 1862.992125984252 404.7244094488189 159.0551181102362 basse
1982.6771653543308 1862.992125984252 359.0551181102362 159.0551181102362 dans
2206.299212598425 1862.992125984252 719.6850393700787 159.0551181102362 l’avant-port
2746.4566929133857 1862.992125984252 179.5275590551181 159.0551181102362 de

1240.9448818897638 1971.6535433070867 577.9527559055118 157.48031496062993 Granville
1640.9448818897638 1971.6535433070867 489.76377952755905 157.48031496062993 (Manche).

818.8976377952756 2081.8897637795276 585.8267716535433 190.5511811023622 *341
1288.1889763779527 2081.8897637795276 234.64566929133858 190.5511811023622 Le
1406.2992125984251 2081.8897637795276 313.38582677165357 190.5511811023622 fort
1601.5748031496064 2081.8897637795276 234.64566929133858 190.5511811023622 de
1718.1102362204724 2081.8897637795276 234.64566929133858 190.5511811023622 la
1836.2204724409448 2081.8897637795276 351.18110236220474 190.5511811023622 place
2070.8661417322833 2081.8897637795276 508.66141732283467 190.5511811023622 Pléville,
2461.417322834646 2081.8897637795276 274.01574803149606 190.5511811023622 sur
2617.3228346456694 2081.8897637795276 234.64566929133858 190.5511811023622 le
2696.0629921259842 2081.8897637795276 234.64566929133858 190.5511811023622 port

1234.6456692913387 2220.472440944882 262.99212598425197 140.15748031496062 de
1322.8346456692914 2220.472440944882 525.9842519685039 140.15748031496062 Granville.

801.5748031496063 2333.8582677165355 612.5984251968504 190.5511811023622 *342
1292.9133858267717 2333.8582677165355 245.66929133858267 190.5511811023622 La
1414.1732283464567 2333.8582677165355 450.3937007874016 190.5511811023622 Falaise
1741.732283464567 2333.8582677165355 245.66929133858267 190.5511811023622 du
1864.5669291338584 2333.8582677165355 530.7086614173228 190.5511811023622 Fourneau,
2274.015748031496 2333.8582677165355 327.5590551181102 190.5511811023622 près
2436.220472440945 2333.8582677165355 491.33858267716533 190.5511811023622 Saint

1192.1259842519685 2466.1417322834645 522.8346456692914 143.30708661417322 (Manche).

820.4724409448819 2587.4015748031497 618.8976377952756 121.25984251968504 *343
1314.9606299212599 2587.4015748031497 247.24409448818898 121.25984251968504 La
1439.3700787401574 2587.4015748031497 288.18897637795277 121.25984251968504 rue
1603.1496062992126 2587.4015748031497 247.24409448818898 121.25984251968504 de
1727.5590551181103 2587.4015748031497 412.59842519685037 121.25984251968504 Paris,
2015.748031496063 2587.4015748031497 206.29921259842519 121.25984251968504 à
2097.6377952755906 2587.4015748031497 535.4330708661417 121.25984251968504 Granville
2469.2913385826773 2587.4015748031497 453.54330708661416 121.25984251968504 (Manche).

817.3228346456693 2732.283464566929 585.8267716535433 143.30708661417322 *344
1286.6141732283465 2732.283464566929 195.2755905511811 143.30708661417322 A
1363.7795275590552 2732.283464566929 702.3622047244095 143.30708661417322 Saint-Nicolas,
1949.6062992125985 2732.283464566929 311.81102362204723 143.30708661417322 près
2144.8818897637793 2732.283464566929 507.0866141732283 143.30708661417322 Granville
2494.488188976378 2732.283464566929 429.9212598425197 143.30708661417322 (Manche).

818.8976377952756 2825.196850393701 596.8503937007874 154.33070866141733 *345
1296.0629921259842 2825.196850393701 398.4251968503937 154.33070866141733 Navire
1574.8031496062993 2825.196850393701 239.37007874015748 154.33070866141733 en
1694.4881889763778 2825.196850393701 677.1653543307086 154.33070866141733 construction,
2251.968503937008 2825.196850393701 198.4251968503937 154.33070866141733 à
2291.3385826771655 2825.196850393701 637.7952755905512 154.33070866141733 Villeneuve-

1237.7952755905512 2954.3307086614172 494.48818897637796 149.60629921259843 Garenne
1551.1811023622047 2954.3307086614172 448.81889763779526 149.60629921259843 (Seine).

820.4724409448819 3099.212598425197 595.2755905511812 133.85826771653544 *346
1296.0629921259842 3099.212598425197 357.4803149606299 133.85826771653544 Brick
1533.8582677165355 3099.212598425197 277.1653543307087 133.85826771653544 sur
1692.9133858267717 3099.212598425197 237.79527559055117 133.85826771653544 la
1811.023622047244 3099.212598425197 396.8503937007874 133.85826771653544 Loire,
2089.763779527559 3099.212598425197 316.53543307086613 133.85826771653544 dans
2247.244094488189 3099.212598425197 357.4803149606299 133.85826771653544 Nantes.

814.1732283464567 3204.7244094488187 647.2440944881889 155.90551181102362 *347
1330.708661417323 3204.7244094488187 518.1102362204724 155.90551181102362 Falaises
1719.6850393700788 3204.7244094488187 258.26771653543307 155.90551181102362 de
1848.8188976377953 3204.7244094488187 560.6299212598425 155.90551181102362 Donville,
2280.314960629921 3204.7244094488187 344.88188976377955 155.90551181102362 près
2453.5433070866143 3204.7244094488187 474.01574803149606 155.90551181102362 Granville

1174.8031496062993 3322.834645669291 521.2598425196851 168.50393700787401 (Manche)

566.9291338582677 3606.299212598425 272.4409448818898 149.60629921259843 DE
703.9370078740158 3606.299212598425 497.6377952755906 149.60629921259843 LAUNAY,
1066.1417322834645 3606.299212598425 543.3070866141733 149.60629921259843 Auguste,
1474.015748031496 3606.299212598425 272.4409448818898 149.60629921259843 né
1609.4488188976377 3606.299212598425 226.77165354330708 149.60629921259843 à
1699.2125984251968 3606.299212598425 453.54330708661416 149.60629921259843 Paris.
2017.3228346456692 3606.299212598425 226.77165354330708 149.60629921259843 —
2107.0866141732286 3606.299212598425 316.53543307086613 149.60629921259843 70,
2288.1889763779527 3606.299212598425 316.53543307086613 149.60629921259843 rue
2425.196850393701 3606.299212598425 497.6377952755906 149.60629921259843 Daguerre.

851.9685039370079 3771.6535433070867 560.6299212598425 165.35433070866142 348
1291.3385826771653 3771.6535433070867 360.62992125984255 165.35433070866142 Plage
1491.3385826771653 3771.6535433070867 440.9448818897638 165.35433070866142 normande.

563.7795275590552 4088.1889763779527 675.5905511811023 160.62992125984252 DELAURIER,
1096.0629921259842 4088.1889763779527 965.3543307086615 160.62992125984252 Albert-Melchior,
1916.5354330708662 4088.1889763779527 289.76377952755905 160.62992125984252 né
2061.417322834646 4088.1889763779527 240.9448818897638 160.62992125984252 à
2110.236220472441 4088.1889763779527 820.4724409448819 160.62992125984252 Gournay

661.4173228346457 4217.322834645669 976.3779527559055 122.83464566929133 (Seine-Inférieure).
1510.236220472441 4217.322834645669 212.5984251968504 122.83464566929133 —
1595.275590551181 4217.322834645669 551.1811023622047 122.83464566929133 Chevagnes
1977.9527559055118 4217.322834645669 466.1417322834646 122.83464566929133 (Allier).

874.0157480314961 4340.157480314961 518.1102362204724 190.5511811023622 349
1280.3149606299212 4340.157480314961 332.2834645669291 190.5511811023622 Avant
1502.3622047244094 4340.157480314961 222.04724409448818 190.5511811023622 la
1576.3779527559054 4340.157480314961 406.2992125984252 190.5511811023622 Fantasia.
