3559.0551181102364 5146.456692913386
1601.5748031496064 548.0314960629921 253.54330708661416 137.00787401574803 —
1702.3622047244094 548.0314960629921 305.51181102362204 137.00787401574803 27
1855.1181102362204 548.0314960629921 253.54330708661416 137.00787401574803 —

625.1968503937007 708.6614173228346 521.2598425196851 157.48031496062993 DUFFAU,
1004.7244094488188 708.6614173228346 521.2598425196851 157.48031496062993 Pierre,
1382.6771653543308 708.6614173228346 283.46456692913387 157.48031496062993 né
1524.4094488188975 708.6614173228346 236.2204724409449 157.48031496062993 à
1620.4724409448818 708.6614173228346 1089.763779527559 157.48031496062993 Villeneuve-sur-Lot.
2566.9291338582675 708.6614173228346 236.2204724409449 157.48031496062993 —
2614.1732283464567 708.6614173228346 379.5275590551181 157.48031496062993 Castel

729.1338582677165 861.4173228346457 470.86614173228344 159.0551181102362 Farèse,
1028.3464566929133 861.4173228346457 897.6377952755905 159.0551181102362 Villeneuve

932.2834645669292 995.2755905511812 469.29133858267716 166.9291338582677 381
1267.716535433071 995.2755905511812 368.503937007874 166.9291338582677 Portrait.

894.488188976378 1125.984251968504 565.3543307086615 174.8031496062992 *382
1346.4566929133857 1125.984251968504 376.37795275590554 174.8031496062992 Buveur
1611.023622047244 1125.984251968504 226.77165354330708 174.8031496062992 de
1686.6141732283465 1125.984251968504 300.78740157480314 174.8031496062992 bière.

639.3700787401575 1445.6692913385828 494.48818897637796 157.48031496062993 DUFOUR,
1000.0 1445.6692913385828 448.81889763779526 157.48031496062993 Eljis,
1313.3858267716535 1445.6692913385828 269.29133858267716 157.48031496062993 né
1448.8188976377953 1445.6692913385828 225.1968503937008 157.48031496062993 à
1538.5826771653544 1445.6692913385828 853.5433070866142 157.48031496062993 Mussy-sur-Seine
2212.5984251968503 1445.6692913385828 404.7244094488189 157.48031496062993 (Aube).

927.5590551181102 1579.5275590551182 604.7244094488188 154.33070866141733 383
1401.5748031496064 1579.5275590551182 475.59055118110234 154.33070866141733 Taureau
1748.0314960629921 1579.5275590551182 475.59055118110234 154.33070866141733 furieux
2094.488188976378 1579.5275590551182 346.45669291338584 154.33070866141733 dans
2310.236220472441 1579.5275590551182 302.3622047244094 154.33070866141733 les
2483.464566929134 1579.5275590551182 518.1102362204724 154.33070866141733 prairies
2828.3464566929133 1579.5275590551182 173.22834645669292 154.33070866141733 du

1324.4094488188975 1722.8346456692914 450.3937007874016 132.28346456692913 Perche
1595.275590551181 1722.8346456692914 404.7244094488189 132.28346456692913 (Orne).

932.2834645669292 1818.8976377952756 604.7244094488188 157.48031496062993 384
1406.2992125984251 1818.8976377952756 259.84251968503935 157.48031496062993 Le
1537.007874015748 1818.8976377952756 388.9763779527559 157.48031496062993 soir,
1795.275590551181 1818.8976377952756 431.496062992126 157.48031496062993 départ
2099.212598425197 1818.8976377952756 259.84251968503935 157.48031496062993 du
2228.3464566929133 1818.8976377952756 518.1102362204724 157.48031496062993 troupeau
2574.803149606299 1818.8976377952756 431.496062992126 157.48031496062993 (vaches)

1319.6850393700788 1944.8818897637796 505.51181102362204 140.15748031496062 prairies
1699.2125984251968 1944.8818897637796 251.96850393700788 140.15748031496062 du
1782.6771653543308 1944.8818897637796 337.00787401574803 140.15748031496062 Berri.

932.2834645669292 2036.2204724409448 606.2992125984252 193.70078740157481 385
1409.4488188976377 2036.2204724409448 433.07086614173227 193.70078740157481 Vaches
1713.3858267716535 2036.2204724409448 346.45669291338584 193.70078740157481 dans
1930.708661417323 2036.2204724409448 259.84251968503935 193.70078740157481 la
2059.8425196850394 2036.2204724409448 477.1653543307087 193.70078740157481 prairie
2407.8740157480315 2036.2204724409448 259.84251968503935 193.70078740157481 du
2537.0078740157483 2036.2204724409448 433.07086614173227 193.70078740157481 Moulin
2796.850393700787 2036.2204724409448 217.3228346456693 193.70078740157481 des

1329.1338582677165 2163.779527559055 377.9527559055118 154.33070866141733 Filles
1555.9055118110236 2163.779527559055 377.9527559055118 154.33070866141733 (Berri).

935.4330708661417 2292.9133858267714 595.2755905511812 148.03149606299212 386
1403.1496062992126 2292.9133858267714 510.23622047244095 148.03149606299212 Troupeau
1785.8267716535433 2292.9133858267714 255.11811023622047 148.03149606299212 de
1913.3858267716535 2292.9133858267714 425.1968503937008 148.03149606299212 vaches
2209.448818897638 2292.9133858267714 595.2755905511812 148.03149606299212 traversant
2634.6456692913384 2292.9133858267714 382.6771653543307 148.03149606299212 l’étang

1327.5590551181103 2404.7244094488187 251.96850393700788 127.55905511811024 de
1453.5433070866143 2404.7244094488187 585.8267716535433 127.55905511811024 Villeneuve
1872.4409448818897 2404.7244094488187 418.8976377952756 127.55905511811024 (Berri).

938.5826771653543 2488.1889763779527 582.6771653543307 159.0551181102362 387
1395.275590551181 2488.1889763779527 248.8188976377953 159.0551181102362 La
1519.6850393700788 2488.1889763779527 456.6929133858268 159.0551181102362 Bergère
1853.5433070866143 2488.1889763779527 248.8188976377953 159.0551181102362 de
1977.9527559055118 2488.1889763779527 248.8188976377953 159.0551181102362 la
2102.3622047244094 2488.1889763779527 374.8031496062992 159.0551181102362 ferme
2351.181102362205 2488.1889763779527 291.33858267716533 159.0551181102362 des
2477.165354330709 2488.1889763779527 540.1574803149606 159.0551181102362 Ménardières

1278.740157480315 2609.448818897638 530.7086614173228 140.15748031496062 (Sologne).

940.1574803149606 2732.283464566929 568.503937007874 135.43307086614172 388
1387.4015748031495 2732.283464566929 406.2992125984252 135.43307086614172 Pacage
1672.4409448818897 2732.283464566929 244.09448818897638 135.43307086614172 de
1793.7007874015749 2732.283464566929 447.244094488189 135.43307086614172 Sologne
2119.685039370079 2732.283464566929 244.09448818897638 135.43307086614172 au
2240.9448818897636 2732.283464566929 447.244094488189 135.43307086614172 coucher
2566.9291338582675 2732.283464566929 244.09448818897638 135.43307086614172 du
2648.818897637795 2732.283464566929 365.3543307086614 135.43307086614172 soleil.

944.8818897637796 2834.6456692913384 527.5590551181102 137.00787401574803 389
1359.0551181102362 2834.6456692913384 262.99212598425197 137.00787401574803 Les
1510.236220472441 2834.6456692913384 300.78740157480314 137.00787401574803 feux
1699.2125984251968 2834.6456692913384 451.9685039370079 137.00787401574803 follets.
2000.0 2834.6456692913384 451.9685039370079 137.00787401574803 (Béranger.

1738.5826771653544 3067.716535433071 206.29921259842519 146.45669291338584 Un
1842.5196850393702 3067.716535433071 308.66141732283467 146.45669291338584 soir,
2047.244094488189 3067.716535433071 343.3070866141732 146.45669291338584 javais
2288.1889763779527 3067.716535433071 308.66141732283467 146.45669291338584 douze
2494.488188976378 3067.716535433071 240.9448818897638 146.45669291338584 ans
2631.496062992126 3067.716535433071 171.6535433070866 146.45669291338584 à
2666.1417322834645 3067.716535433071 274.01574803149606 146.45669291338584 peine,

1746.4566929133857 3170.0787401574803 354.3307086614173 118.11023622047244 Egaré,
1993.7007874015749 3170.0787401574803 388.9763779527559 118.11023622047244 couvert
2275.5905511811025 3170.0787401574803 212.5984251968504 118.11023622047244 de
2346.4566929133857 3170.0787401574803 283.46456692913387 118.11023622047244 sueur,

1749.6062992125985 3259.8425196850394 201.5748031496063 119.68503937007874 Je
1850.3937007874015 3259.8425196850394 267.7165354330709 119.68503937007874 vois
2017.3228346456692 3259.8425196850394 201.5748031496063 119.68503937007874 de
2118.1102362204724 3259.8425196850394 267.7165354330709 119.68503937007874 loin
2285.0393700787404 3259.8425196850394 300.78740157480314 119.68503937007874 cette
2451.968503937008 3259.8425196850394 267.7165354330709 119.68503937007874 lueur.

1749.6062992125985 3344.8818897637793 327.5590551181102 129.13385826771653 C’est
1968.5039370078741 3344.8818897637793 218.89763779527559 129.13385826771653 la
2077.165354330709 3344.8818897637793 327.5590551181102 129.13385826771653 lampe
2294.488188976378 3344.8818897637793 218.89763779527559 129.13385826771653 de
2404.7244094488187 3344.8818897637793 218.89763779527559 129.13385826771653 ma
2477.165354330709 3344.8818897637793 363.7795275590551 129.13385826771653 marraine

1748.0314960629921 3439.3700787401576 286.61417322834643 122.83464566929133 Chez
1927.5590551181103 3439.3700787401576 286.61417322834643 122.83464566929133 elle
2105.511811023622 3439.3700787401576 214.17322834645668 122.83464566929133 un
2214.1732283464567 3439.3700787401576 357.4803149606299 122.83464566929133 gâteau
2428.3464566929133 3439.3700787401576 464.56692913385825 122.83464566929133 m’attendant

1754.3307086614172 3530.7086614173227 201.5748031496063 116.53543307086615 Je
1855.1181102362204 3530.7086614173227 335.43307086614175 116.53543307086615 cours,
2089.763779527559 3530.7086614173227 201.5748031496063 116.53543307086615 je
2190.551181102362 3530.7086614173227 335.43307086614175 116.53543307086615 cours,
2425.196850393701 3530.7086614173227 302.3622047244094 116.53543307086615 l’âme
2593.700787401575 3530.7086614173227 234.64566929133858 116.53543307086615 ravie

1755.9055118110236 3637.7952755905512 225.1968503937008 96.06299212598425 Un
1869.291338582677 3637.7952755905512 376.37795275590554 96.06299212598425 berger
2132.283464566929 3637.7952755905512 225.1968503937008 96.06299212598425 me
2244.0944881889764 3637.7952755905512 300.78740157480314 96.06299212598425 crie
2395.2755905511813 3637.7952755905512 412.59842519685037 96.06299212598425 imprudent

1757.4803149606298 3711.8110236220473 206.29921259842519 111.81102362204724 La
1861.4173228346456 3711.8110236220473 377.9527559055118 111.81102362204724 lumière
2135.433070866142 3711.8110236220473 240.9448818897638 111.81102362204724 par
2274.015748031496 3711.8110236220473 240.9448818897638 111.81102362204724 toi
2376.3779527559054 3711.8110236220473 275.59055118110234 111.81102362204724 suivie

1757.4803149606298 3790.551181102362 376.37795275590554 121.25984251968504 Eclaire
2031.4960629921259 3790.551181102362 204.7244094488189 121.25984251968504 un
2133.8582677165355 3790.551181102362 239.37007874015748 121.25984251968504 bal
2270.8661417322833 3790.551181102362 204.7244094488189 121.25984251968504 de
2338.582677165354 3790.551181102362 411.0236220472441 121.25984251968504 trépassés.

1751.1811023622047 3881.8897637795276 321.25984251968504 103.93700787401575 Ainsi
1965.3543307086613 3881.8897637795276 355.90551181102364 103.93700787401575 devait
2214.1732283464567 3881.8897637795276 355.90551181102364 103.93700787401575 s’user
2464.566929133858 3881.8897637795276 214.17322834645668 103.93700787401575 ma
2535.433070866142 3881.8897637795276 177.95275590551182 103.93700787401575 vie

1757.4803149606298 3973.228346456693 379.5275590551181 154.33070866141733 Follets
2033.0708661417323 3973.228346456693 379.5275590551181 154.33070866141733 dansez,
2308.6614173228345 3973.228346456693 379.5275590551181 154.33070866141733 dansez,
2549.6062992125985 3973.228346456693 310.23622047244095 154.33070866141733 dansez.

959.0551181102362 4198.425196850394 581.1023622047244 154.33070866141733 390
1414.1732283464567 4198.425196850394 497.6377952755906 154.33070866141733 Troupeau
1788.976377952756 4198.425196850394 248.8188976377953 154.33070866141733 de
1913.3858267716535 4198.425196850394 456.6929133858268 154.33070866141733 moutons
2244.0944881889764 4198.425196850394 497.6377952755906 154.33070866141733 rentrant
2618.8976377952754 4198.425196850394 207.8740157480315 154.33070866141733 à
2700.787401574803 4198.425196850394 248.8188976377953 154.33070866141733 la
2784.251968503937 4198.425196850394 248.8188976377953 154.33070866141733 Ber

1349.6062992125985 4330.708661417323 431.496062992126 121.25984251968504 gerie.
1650.3937007874015 4330.708661417323 431.496062992126 121.25984251968504 Dessin
1952.755905511811 4330.708661417323 215.748031496063 121.25984251968504 à
2039.3700787401574 4330.708661417323 258.26771653543307 121.25984251968504 la
2125.984251968504 4330.708661417323 344.88188976377955 121.25984251968504 plume.

955.9055118110236 4453.543307086614 565.3543307086615 138.58267716535434 391
1400.0 4453.543307086614 444.09448818897636 138.58267716535434 Moutons
1722.8346456692914 4453.543307086614 444.09448818897636 138.58267716535434 égarés.
2045.6692913385828 4453.543307086614 403.1496062992126 138.58267716535434 Dessin
2329.1338582677167 4453.543307086614 201.5748031496063 138.58267716535434 à
2409.448818897638 4453.543307086614 242.51968503937007 138.58267716535434 la
2489.763779527559 4453.543307086614 322.8346456692913 138.58267716535434 plume.
