3577.952755905512 5108.6614173228345
1762.2047244094488 500.78740157480314 248.8188976377953 116.53543307086615 —
1862.992125984252 500.78740157480314 297.6377952755906 116.53543307086615 29
2011.023622047244 500.78740157480314 248.8188976377953 116.53543307086615 —

1062.992125984252 625.1968503937007 614.1732283464567 185.82677165354332 412
1546.4566929133857 625.1968503937007 262.99212598425197 185.82677165354332 La
1677.1653543307086 625.1968503937007 395.2755905511811 185.82677165354332 route
1941.732283464567 625.1968503937007 262.99212598425197 185.82677165354332 du
2072.4409448818897 625.1968503937007 702.3622047244095 185.82677165354332 Bois-Bonnet,
2642.51968503937 625.1968503937007 218.89763779527559 185.82677165354332 à
2686.6141732283463 625.1968503937007 439.37007874015745 185.82677165354332 Maisons

1420.4724409448818 792.1259842519685 415.748031496063 121.25984251968504 Laffitte.

766.9291338582677 962.2047244094488 492.9133858267717 159.0551181102362 DURAY,
1111.8110236220473 962.2047244094488 1283.4645669291338 159.0551181102362 Emile-Arthur-François,
2247.244094488189 962.2047244094488 296.06299212598424 159.0551181102362 né
2395.2755905511813 962.2047244094488 247.24409448818898 159.0551181102362 à
2494.488188976378 962.2047244094488 691.3385826771654 159.0551181102362 Braxelles.
2987.4015748031497 962.2047244094488 148.03149606299212 159.0551181102362 —

867.7165354330708 1096.0629921259842 255.11811023622047 137.00787401574803 6,
995.2755905511812 1096.0629921259842 296.06299212598424 137.00787401574803 rue
1165.3543307086613 1096.0629921259842 255.11811023622047 137.00787401574803 de
1291.3385826771653 1096.0629921259842 551.1811023622047 137.00787401574803 l’Abbaye,
1674.015748031496 1096.0629921259842 338.5826771653543 137.00787401574803 Paris.

1031.4960629921259 1203.1496062992126 631.496062992126 171.6535433070866 *413
1537.007874015748 1203.1496062992126 251.96850393700788 171.6535433070866 Au
1662.992125984252 1203.1496062992126 462.99212598425197 171.6535433070866 Tombeau
2000.0 1203.1496062992126 251.96850393700788 171.6535433070866 de
2085.0393700787404 1203.1496062992126 800.0 171.6535433070866 Sainte

774.8031496062993 1365.3543307086613 581.1023622047244 201.5748031496063 DURENNE,
1211.023622047244 1365.3543307086613 532.2834645669292 201.5748031496063 Eugène,
1598.4251968503936 1365.3543307086613 291.33858267716533 201.5748031496063 né
1744.8818897637796 1365.3543307086613 242.51968503937007 201.5748031496063 à
1840.9448818897638 1365.3543307086613 485.03937007874015 201.5748031496063 Paris.
2181.1023622047246 1365.3543307086613 242.51968503937007 201.5748031496063 —
2277.165354330709 1365.3543307086613 338.5826771653543 201.5748031496063 15,
2470.8661417322833 1365.3543307086613 485.03937007874015 201.5748031496063 avenue
2811.0236220472443 1365.3543307086613 291.33858267716533 201.5748031496063 H.
2907.0866141732286 1365.3543307086613 242.51968503937007 201.5748031496063 Re-

874.0157480314961 1535.4330708661416 470.86614173228344 149.60629921259843 gnault,
1215.748031496063 1535.4330708661416 428.34645669291336 149.60629921259843 Sèvres
1472.4409448818897 1535.4330708661416 770.0787401574803 149.60629921259843 (Seine

1042.5196850393702 1662.992125984252 570.0787401574803 177.95275590551182 *414
1499.2125984251968 1662.992125984252 456.6929133858268 177.95275590551182 Tournant
1840.9448818897638 1662.992125984252 228.3464566929134 177.95275590551182 de
1916.5354330708662 1662.992125984252 381.1023622047244 177.95275590551182 rivière.

1042.5196850393702 1787.4015748031495 557.4803149606299 141.73228346456693 *415
1489.763779527559 1787.4015748031495 333.8582677165354 141.73228346456693 Route
1711.8110236220473 1787.4015748031495 223.6220472440945 141.73228346456693 au
1785.8267716535433 1787.4015748031495 297.6377952755906 141.73228346456693 soleil

1053.5433070866143 1885.0393700787401 560.6299212598425 162.20472440944883 *416
1502.3622047244094 1885.0393700787401 411.0236220472441 162.20472440944883 Lecture
1801.5748031496064 1885.0393700787401 225.1968503937008 162.20472440944883 de
1914.9606299212599 1885.0393700787401 225.1968503937008 162.20472440944883 la
1988.976377952756 1885.0393700787401 299.21259842519686 162.20472440944883 Bible.

1042.5196850393702 2022.0472440944882 581.1023622047244 130.70866141732284 *417
1507.0866141732283 2022.0472440944882 387.40157480314963 130.70866141732284 Soleil
1777.9527559055118 2022.0472440944882 464.56692913385825 130.70866141732284 couchant
2127.5590551181103 2022.0472440944882 270.86614173228344 130.70866141732284 sur
2281.8897637795276 2022.0472440944882 270.86614173228344 130.70866141732284 les
2398.4251968503936 2022.0472440944882 425.1968503937008 130.70866141732284 bruyères.

1042.5196850393702 2141.732283464567 582.6771653543307 135.43307086614172 *418
1508.6614173228347 2141.732283464567 505.51181102362204 135.43307086614172 Intérieur
1897.6377952755906 2141.732283464567 193.70078740157481 135.43307086614172 à
1974.8031496062993 2141.732283464567 233.0708661417323 135.43307086614172 la
2053.5433070866143 2141.732283464567 426.7716535433071 135.43307086614172 campagne.

784.2519685039371 2354.3307086614172 840.9448818897638 140.15748031496062 DUVAL-GOZLAN,
1477.1653543307086 2354.3307086614172 445.6692913385827 140.15748031496062 Léon,
1773.2283464566929 2354.3307086614172 297.6377952755906 140.15748031496062 né
1921.259842519685 2354.3307086614172 247.24409448818898 140.15748031496062 à
2020.4724409448818 2354.3307086614172 494.48818897637796 140.15748031496062 Paris.
2366.9291338582675 2354.3307086614172 247.24409448818898 140.15748031496062 —
2466.1417322834645 2354.3307086614172 346.45669291338584 140.15748031496062 41,
2664.566929133858 2354.3307086614172 346.45669291338584 140.15748031496062 rue
2861.417322834646 2354.3307086614172 297.6377952755906 140.15748031496062 de
2960.6299212598424 2354.3307086614172 198.4251968503937 140.15748031496062 la

834.6456692913385 2466.1417322834645 851.9685039370079 137.00787401574803 Tour

1077.1653543307086 2607.8740157480315 505.51181102362204 125.98425196850394 419
1439.3700787401574 2607.8740157480315 360.62992125984255 125.98425196850394 Faneuse.

1086.6141732283465 2703.9370078740158 548.0314960629921 160.62992125984252 419
1516.5354330708662 2703.9370078740158 274.01574803149606 160.62992125984252 bis
1674.015748031496 2703.9370078740158 274.01574803149606 160.62992125984252 Sur
1829.9212598425197 2703.9370078740158 274.01574803149606 160.62992125984252 les
1985.8267716535433 2703.9370078740158 469.29133858267716 160.62992125984252 hauteurs
2338.582677165354 2703.9370078740158 313.38582677165357 160.62992125984252 près
2533.8582677165355 2703.9370078740158 429.9212598425197 160.62992125984252 Vernon.
2807.8740157480315 2703.9370078740158 351.18110236220474 160.62992125984252 (Vallée

1469.291338582677 2814.1732283464567 255.11811023622047 138.58267716535434 de
1596.8503937007874 2814.1732283464567 255.11811023622047 138.58267716535434 la
1681.8897637795276 2814.1732283464567 382.6771653543307 138.58267716535434 Seine).

1089.763779527559 2922.834645669291 529.1338582677165 157.48031496062993 420
1505.5118110236222 2922.834645669291 226.77165354330708 157.48031496062993 La
1618.8976377952756 2922.834645669291 377.9527559055118 157.48031496062993 Petite
1847.244094488189 2922.834645669291 415.748031496063 157.48031496062993 Fermière.

1080.3149606299212 3045.6692913385828 525.9842519685039 137.00787401574803 421
1492.9133858267717 3045.6692913385828 225.1968503937008 137.00787401574803 En
1606.2992125984251 3045.6692913385828 300.78740157480314 137.00787401574803 face
1793.7007874015749 3045.6692913385828 225.1968503937008 137.00787401574803 le
1867.716535433071 3045.6692913385828 300.78740157480314 137.00787401574803 Hâvre.

1099.2125984251968 3165.3543307086616 494.48818897637796 121.25984251968504 422
1486.6141732283465 3165.3543307086616 211.0236220472441 121.25984251968504 La
1557.4803149606298 3165.3543307086616 352.755905511811 121.25984251968504 Poterie.

1086.6141732283465 3261.417322834646 514.9606299212599 130.70866141732284 423
1491.3385826771653 3261.417322834646 294.48818897637796 130.70866141732284 Coin
1674.015748031496 3261.417322834646 258.26771653543307 130.70866141732284 des
1822.0472440944882 3261.417322834646 368.503937007874 130.70866141732284 Graves
2042.5196850393702 3261.417322834646 588.9763779527559 130.70866141732284 (Villerville).

1088.1889763779527 3388.9763779527557 548.0314960629921 118.11023622047244 424
1519.6850393700788 3388.9763779527557 470.86614173228344 118.11023622047244 Harmonie
1872.4409448818897 3388.9763779527557 352.755905511811 118.11023622047244 bleue
2067.716535433071 3388.9763779527557 431.496062992126 118.11023622047244 (Pastel).

1102.3622047244094 3483.464566929134 477.1653543307087 144.88188976377953 425
1477.1653543307086 3483.464566929134 442.5196850393701 144.88188976377953 Fillette.
1784.251968503937 3483.464566929134 305.51181102362204 144.88188976377953 Pastel.

1094.4881889763778 3598.4251968503936 505.51181102362204 141.73228346456693 426
1491.3385826771653 3598.4251968503936 324.40944881889766 141.73228346456693 Belle
1707.0866141732283 3598.4251968503936 396.8503937007874 141.73228346456693 journée
1960.6299212598426 3598.4251968503936 576.3779527559055 141.73228346456693 (Villerville).

1089.763779527559 3729.1338582677167 538.5826771653543 137.00787401574803 427
1513.3858267716535 3729.1338582677167 385.8267716535433 137.00787401574803 Source
1782.6771653543308 3729.1338582677167 308.66141732283467 137.00787401574803 dans
1974.8031496062993 3729.1338582677167 269.29133858267716 137.00787401574803 les
2129.1338582677167 3729.1338582677167 385.8267716535433 137.00787401574803 Graves
2360.6299212598424 3729.1338582677167 615.7480314960629 137.00787401574803 (Villerville).

807.8740157480315 3913.3858267716537 428.34645669291336 162.20472440944883 ENGEL,
1107.0866141732283 3913.3858267716537 385.8267716535433 162.20472440944883 José,
1363.7795275590552 3913.3858267716537 256.6929133858268 162.20472440944883 né
1492.9133858267717 3913.3858267716537 214.17322834645668 162.20472440944883 à
1577.9527559055118 3913.3858267716537 941.7322834645669 162.20472440944883 Joinville-le-Pont.
2392.1259842519685 3913.3858267716537 214.17322834645668 162.20472440944883 —
2478.740157480315 3913.3858267716537 299.21259842519686 162.20472440944883 31,
2650.3937007874015 3913.3858267716537 299.21259842519686 162.20472440944883 rue
2777.952755905512 3913.3858267716537 385.8267716535433 162.20472440944883 Victor-

899.2125984251968 4026.771653543307 444.09448818897636 130.70866141732284 Massé,
1165.3543307086613 4026.771653543307 354.3307086614173 130.70866141732284 Paris.

1094.4881889763778 4105.511811023622 541.7322834645669 177.95275590551182 428
1519.6850393700788 4105.511811023622 270.86614173228344 177.95275590551182 Les
1675.5905511811025 4105.511811023622 462.99212598425197 177.95275590551182 Enfants.
2022.0472440944882 4105.511811023622 348.0314960629921 177.95275590551182 Frise
2215.748031496063 4105.511811023622 502.3622047244094 177.95275590551182 décorative.

1088.1889763779527 4264.566929133858 651.9685039370079 140.15748031496062 429
1601.5748031496064 4264.566929133858 325.98425196850394 140.15748031496062 Les
1787.4015748031495 4264.566929133858 559.0551181102362 140.15748031496062 Enfants.
2160.6299212598424 4264.566929133858 233.0708661417323 140.15748031496062 Id.

1089.763779527559 4366.929133858268 651.9685039370079 165.35433070866142 430
1603.1496062992126 4366.929133858268 325.98425196850394 165.35433070866142 Les
1788.976377952756 4366.929133858268 559.0551181102362 165.35433070866142 Enfants.
2160.6299212598424 4366.929133858268 233.0708661417323 165.35433070866142 Id.
