3483.464566929134 5089.763779527559
1633.0708661417323 363.7795275590551 289.76377952755905 116.53543307086615 —
1749.6062992125985 363.7795275590551 348.0314960629921 116.53543307086615 35
1866.1417322834645 363.7795275590551 174.8031496062992 116.53543307086615 —

647.2440944881889 529.1338582677165 462.99212598425197 200.0 GODIN,
970.0787401574803 529.1338582677165 417.3228346456693 200.0 Remi,
1248.8188976377953 529.1338582677165 277.1653543307087 200.0 né
1387.4015748031495 529.1338582677165 231.49606299212599 200.0 à
1480.3149606299212 529.1338582677165 417.3228346456693 200.0 Reims
1757.4803149606298 529.1338582677165 555.9055118110236 200.0 (Marne).
2174.803149606299 529.1338582677165 231.49606299212599 200.0 —
2267.716535433071 529.1338582677165 277.1653543307087 200.0 6,
2406.299212598425 529.1338582677165 417.3228346456693 200.0 villa
2637.7952755905512 529.1338582677165 370.0787401574803 200.0 Petit,

685.0393700787401 666.1417322834645 513.3858267716536 170.07874015748033 Nanterre.

929.1338582677165 779.5275590551181 582.6771653543307 159.0551181102362 535
1385.8267716535433 779.5275590551181 540.1574803149606 159.0551181102362 Carrières
1801.5748031496064 779.5275590551181 248.8188976377953 159.0551181102362 de
1925.984251968504 779.5275590551181 499.21259842519686 159.0551181102362 Nanterre
2300.787401574803 779.5275590551181 248.8188976377953 159.0551181102362 et
2425.196850393701 779.5275590551181 291.33858267716533 159.0551181102362 des
2551.181102362205 779.5275590551181 456.6929133858268 159.0551181102362 environs-

929.1338582677165 924.4094488188977 549.6062992125984 152.75590551181102 536
1360.6299212598426 924.4094488188977 313.38582677165357 152.75590551181102 Dans
1557.4803149606298 924.4094488188977 274.01574803149606 152.75590551181102 les
1713.3858267716535 924.4094488188977 510.23622047244095 152.75590551181102 carrières
2105.511811023622 924.4094488188977 196.8503937007874 152.75590551181102 à
2144.8818897637793 924.4094488188977 431.496062992126 152.75590551181102 Nanterre.

637.7952755905512 1144.8818897637796 678.7401574803149 160.62992125984252 GONDREXON,
1171.6535433070867 1144.8818897637796 436.2204724409449 160.62992125984252 Paul,
1461.4173228346456 1144.8818897637796 291.33858267716533 160.62992125984252 né
1606.2992125984251 1144.8818897637796 242.51968503937007 160.62992125984252 à
1703.9370078740158 1144.8818897637796 774.8031496062993 160.62992125984252 Charleville.
2333.8582677165355 1144.8818897637796 242.51968503937007 160.62992125984252 —
2429.9212598425197 1144.8818897637796 338.5826771653543 160.62992125984252 10,
2623.6220472440946 1144.8818897637796 338.5826771653543 160.62992125984252 rue
2768.503937007874 1144.8818897637796 242.51968503937007 160.62992125984252 des

688.1889763779527 1277.1653543307086 403.1496062992126 155.90551181102362 Ecoles.

900.7874015748032 1409.4488188976377 565.3543307086615 149.60629921259843 *537
1352.755905511811 1409.4488188976377 226.77165354330708 149.60629921259843 Un
1428.3464566929133 1409.4488188976377 414.1732283464567 149.60629921259843 Accident.

889.7637795275591 1540.1574803149606 582.6771653543307 130.70866141732284 *538
1355.9055118110236 1540.1574803149606 233.0708661417323 130.70866141732284 Un
1433.0708661417323 1540.1574803149606 349.6062992125984 130.70866141732284 Limeur.

922.8346456692914 1659.8425196850394 574.8031496062993 122.83464566929133 539
1374.8031496062993 1659.8425196850394 492.9133858267717 122.83464566929133 Premiers
1743.3070866141732 1659.8425196850394 451.9685039370079 122.83464566929133 Rayons.
2029.9212598425197 1659.8425196850394 411.0236220472441 122.83464566929133 Paysage.

891.3385826771654 1748.0314960629921 568.503937007874 133.85826771653544 *540
1346.4566929133857 1748.0314960629921 492.9133858267717 133.85826771653544 Solitude.
1686.6141732283465 1748.0314960629921 379.5275590551181 133.85826771653544 Paysage.

886.6141732283464 1885.0393700787401 581.1023622047244 125.98425196850394 *541
1352.755905511811 1885.0393700787401 349.6062992125984 125.98425196850394 Matin
1585.8267716535433 1885.0393700787401 233.0708661417323 125.98425196850394 de
1702.3622047244094 1885.0393700787401 349.6062992125984 125.98425196850394 juin.
1896.0629921259842 1885.0393700787401 387.40157480314963 125.98425196850394 Paysage.

919.6850393700787 1970.0787401574803 541.7322834645669 149.60629921259843 542
1346.4566929133857 1970.0787401574803 310.23622047244095 149.60629921259843 Sous
1538.5826771653544 1970.0787401574803 348.0314960629921 149.60629921259843 Bois.
1732.283464566929 1970.0787401574803 387.40157480314963 149.60629921259843 Paysage.

883.4645669291339 2086.6141732283463 587.4015748031496 185.82677165354332 *543
1354.3307086614172 2086.6141732283463 313.38582677165357 185.82677165354332 Sous
1549.6062992125985 2086.6141732283463 352.755905511811 185.82677165354332 Bois.
1744.8818897637796 2086.6141732283463 392.12598425196853 185.82677165354332 Paysage.

620.4724409448819 2294.488188976378 544.8818897637796 160.62992125984252 GORLIN,
1015.7480314960629 2294.488188976378 544.8818897637796 160.62992125984252 Eugène,
1412.5984251968505 2294.488188976378 297.6377952755906 160.62992125984252 né
1560.6299212598426 2294.488188976378 247.24409448818898 160.62992125984252 à
1659.8425196850394 2294.488188976378 593.7007874015748 160.62992125984252 Clermont
2105.511811023622 2294.488188976378 544.8818897637796 160.62992125984252 (Oise).
2502.3622047244094 2294.488188976378 247.24409448818898 160.62992125984252 —
2600.0 2294.488188976378 346.45669291338584 160.62992125984252 32,
2749.6062992125985 2294.488188976378 247.24409448818898 160.62992125984252 rue

713.3858267716536 2442.51968503937 314.96062992125985 171.6535433070866 des
892.9133858267717 2442.51968503937 943.3070866141733 171.6535433070866 Francs-Bourgeois,
1655.1181102362204 2442.51968503937 359.0551181102362 171.6535433070866 Paris.

916.5354330708661 2592.1259842519685 582.6771653543307 146.45669291338584 544
1373.2283464566929 2592.1259842519685 291.33858267716533 146.45669291338584 Vue
1540.1574803149606 2592.1259842519685 248.8188976377953 146.45669291338584 du
1622.0472440944882 2592.1259842519685 582.6771653543307 146.45669291338584 Puy

911.8110236220473 2722.834645669291 560.6299212598425 127.55905511811024 545
1351.1811023622047 2722.834645669291 280.31496062992125 127.55905511811024 Vue
1511.8110236220473 2722.834645669291 280.31496062992125 127.55905511811024 des
1672.4409448818897 2722.834645669291 400.0 127.55905511811024 ruines
1952.755905511811 2722.834645669291 240.9448818897638 127.55905511811024 de
2033.0708661417323 2722.834645669291 560.6299212598425 127.55905511811024 Pierrefonds.

625.1968503937007 2924.4094488188975 543.3070866141733 220.4724409448819 GOUBOT,
1018.8976377952756 2924.4094488188975 543.3070866141733 220.4724409448819 Claude,
1414.1732283464567 2924.4094488188975 296.06299212598424 220.4724409448819 né
1562.2047244094488 2924.4094488188975 247.24409448818898 220.4724409448819 à
1659.8425196850394 2924.4094488188975 492.9133858267717 220.4724409448819 Paris.
2006.2992125984251 2924.4094488188975 247.24409448818898 220.4724409448819 —
2103.9370078740158 2924.4094488188975 296.06299212598424 220.4724409448819 6,
2251.968503937008 2924.4094488188975 344.88188976377955 220.4724409448819 rue
2448.818897637795 2924.4094488188975 296.06299212598424 220.4724409448819 de
2548.031496062992 2924.4094488188975 444.09448818897636 220.4724409448819 Latour

666.1417322834645 3083.464566929134 620.4724409448819 159.0551181102362 d’Auvergne.

913.3858267716536 3211.0236220472443 570.0787401574803 163.7795275590551 546
1362.2047244094488 3211.0236220472443 244.09448818897638 163.7795275590551 Le
1483.4645669291338 3211.0236220472443 488.18897637795277 163.7795275590551 Méridien
1850.3937007874015 3211.0236220472443 244.09448818897638 163.7795275590551 de
1973.2283464566929 3211.0236220472443 407.87401574803147 163.7795275590551 France
2258.267716535433 3211.0236220472443 325.98425196850394 163.7795275590551 (les
2461.417322834646 3211.0236220472443 529.1338582677165 163.7795275590551 pyramides
2828.3464566929133 3211.0236220472443 162.20472440944883 163.7795275590551 de

1297.6377952755906 3357.48031496063 308.66141732283467 122.83464566929133 son
1474.015748031496 3357.48031496063 486.61417322834643 122.83464566929133 passage
1828.3464566929133 3357.48031496063 220.4724409448819 122.83464566929133 à
1872.4409448818897 3357.48031496063 396.8503937007874 122.83464566929133 Paris).

877.1653543307086 3477.165354330709 581.1023622047244 124.40944881889764 *547
1341.732283464567 3477.165354330709 503.93700787401576 124.40944881889764 Steamers.
1729.1338582677165 3477.165354330709 193.70078740157481 124.40944881889764 6
1768.5039370078741 3477.165354330709 348.0314960629921 124.40944881889764 études.

874.0157480314961 3535.433070866142 590.5511811023622 181.10236220472441 *548
1346.4566929133857 3535.433070866142 393.7007874015748 181.10236220472441 Dieppe
1622.0472440944882 3535.433070866142 905.511811023622 181.10236220472441 (Seine-Inférieure),
2409.448818897638 3535.433070866142 196.8503937007874 181.10236220472441 3
2448.818897637795 3535.433070866142 354.3307086614173 181.10236220472441 études.

872.4409448818898 3708.6614173228345 598.4251968503937 125.98425196850394 *549
1351.1811023622047 3708.6614173228345 278.74015748031496 125.98425196850394 Les
1510.236220472441 3708.6614173228345 398.4251968503937 125.98425196850394 Filets
1790.5511811023623 3708.6614173228345 478.74015748031496 125.98425196850394 (Dieppe,
2149.6062992125985 3708.6614173228345 878.7401574803149 125.98425196850394 Seine-Inférieure),
2867.716535433071 3708.6614173228345 119.68503937007874 125.98425196850394 à

1297.6377952755906 3812.5984251968503 428.34645669291336 132.28346456692913 marée
1535.4330708661416 3812.5984251968503 381.1023622047244 132.28346456692913 basse.

903.9370078740158 3907.0866141732286 571.6535433070866 141.73228346456693 550
1352.755905511811 3907.0866141732286 366.92913385826773 141.73228346456693 Seize
1596.8503937007874 3907.0866141732286 407.87401574803147 141.73228346456693 francs
1883.4645669291338 3907.0866141732286 489.76377952755905 141.73228346456693 d’amende
2250.3937007874015 3907.0866141732286 244.09448818897638 141.73228346456693 et
2373.228346456693 3907.0866141732286 285.03937007874015 141.73228346456693 les
2535.433070866142 3907.0866141732286 407.87401574803147 141.73228346456693 frais.
2781.1023622047246 3907.0866141732286 204.7244094488189 141.73228346456693 Ap-

1292.9133858267717 4023.6220472440946 543.3070866141733 149.60629921259843 partient
1700.7874015748032 4023.6220472440946 226.77165354330708 149.60629921259843 à
1792.1259842519685 4023.6220472440946 316.53543307086613 149.60629921259843 Mme
1927.5590551181103 4023.6220472440946 362.20472440944883 149.60629921259843 Chéry.

869.2913385826772 4146.456692913386 659.8425196850394 144.88188976377953 *551
1396.8503937007874 4146.456692913386 264.56692913385825 144.88188976377953 Le
1529.1338582677165 4146.456692913386 527.5590551181102 144.88188976377953 courrier
1925.984251968504 4146.456692913386 308.66141732283467 144.88188976377953 des
2100.787401574803 4146.456692913386 395.2755905511811 144.88188976377953 Indes
2321.259842519685 4146.456692913386 659.8425196850394 144.88188976377953 Néerlandaises

1294.4881889763778 4248.818897637795 483.46456692913387 177.95275590551182 entrant
1645.6692913385828 4248.818897637795 351.18110236220474 177.95275590551182 dans
1866.1417322834645 4248.818897637795 262.99212598425197 177.95275590551182 le
1952.755905511811 4248.818897637795 571.6535433070866 177.95275590551182 Zuyder
