3609.448818897638 5102.36220472441
738.5826771653543 513.3858267716536 648.8188976377953 129.13385826771653 *552
1256.6929133858268 513.3858267716536 259.84251968503935 129.13385826771653 Le
1385.8267716535433 513.3858267716536 562.2047244094488 129.13385826771653 lendemain
1818.8976377952756 513.3858267716536 259.84251968503935 129.13385826771653 de
1948.0314960629921 513.3858267716536 259.84251968503935 129.13385826771653 la
2077.165354330709 513.3858267716536 518.1102362204724 129.13385826771653 tempête.
2423.6220472440946 513.3858267716536 431.496062992126 129.13385826771653 Souvenir

1157.4803149606298 615.7480314960629 277.1653543307087 127.55905511811024 du
1296.0629921259842 615.7480314960629 277.1653543307087 127.55905511811024 12
1434.6456692913387 615.7480314960629 554.3307086614174 127.55905511811024 novembre
1850.3937007874015 615.7480314960629 415.748031496063 127.55905511811024 1891,
2127.5590551181103 615.7480314960629 231.49606299212599 127.55905511811024 à
2173.228346456693 615.7480314960629 415.748031496063 127.55905511811024 Dieppe.

754.3307086614174 724.4094488188977 554.3307086614174 149.60629921259843 *553
1196.8503937007874 724.4094488188977 222.04724409448818 149.60629921259843 La
1308.6614173228347 724.4094488188977 370.0787401574803 149.60629921259843 Balise
1566.9291338582677 724.4094488188977 776.3779527559055 149.60629921259843 Richelieu.
2231.496062992126 724.4094488188977 370.0787401574803 149.60629921259843 Entrée
2489.763779527559 724.4094488188977 222.04724409448818 149.60629921259843 de
2601.5748031496064 724.4094488188977 222.04724409448818 149.60629921259843 La
2675.5905511811025 724.4094488188977 184.251968503937 149.60629921259843 Ro-

1163.7795275590552 839.3700787401575 420.4724409448819 184.251968503937 chelle
1417.3228346456692 839.3700787401575 1009.4488188976378 184.251968503937 (Charente

481.8897637795276 1034.6456692913387 582.6771653543307 177.95275590551182 GREMAIN,
919.6850393700787 1034.6456692913387 874.0157480314961 177.95275590551182 Alexis-Désiré,
1647.244094488189 1034.6456692913387 291.33858267716533 177.95275590551182 né
1792.1259842519685 1034.6456692913387 242.51968503937007 177.95275590551182 à
1840.9448818897638 1034.6456692913387 1018.8976377952756 177.95275590551182 Rosendaël

579.5275590551181 1168.5039370078741 464.56692913385825 165.35433070866142 (Nord).
918.1102362204724 1168.5039370078741 211.0236220472441 165.35433070866142 —
1001.5748031496063 1168.5039370078741 253.54330708661416 165.35433070866142 8,
1129.1338582677165 1168.5039370078741 379.5275590551181 165.35433070866142 villa
1382.6771653543308 1168.5039370078741 675.5905511811023 165.35433070866142 Michel-Ange,
1889.763779527559 1168.5039370078741 422.0472440944882 165.35433070866142 Auteuil.

737.007874015748 1300.7874015748032 603.1496062992126 160.62992125984252 *554
1220.4724409448818 1300.7874015748032 240.9448818897638 160.62992125984252 En
1300.7874015748032 1300.7874015748032 481.8897637795276 160.62992125984252 Normandie.

748.0314960629921 1411.023622047244 554.3307086614174 148.03149606299212 *555
1192.1259842519685 1411.023622047244 333.8582677165354 148.03149606299212 Etude
1376.3779527559054 1411.023622047244 370.0787401574803 148.03149606299212 d'hiver.

746.4566929133858 1522.8346456692914 560.6299212598425 141.73228346456693 *556
1195.275590551181 1522.8346456692914 187.4015748031496 141.73228346456693 A
1233.0708661417323 1522.8346456692914 335.43307086614175 141.73228346456693 Chatou.

752.7559055118111 1629.9212598425197 544.8818897637796 159.0551181102362 *557
1188.976377952756 1629.9212598425197 217.3228346456693 159.0551181102362 Au
1261.4173228346456 1629.9212598425197 253.54330708661416 159.0551181102362 bois.

754.3307086614174 1733.8582677165355 533.8582677165355 144.88188976377953 *558
1146.4566929133857 1733.8582677165355 285.03937007874015 144.88188976377953 Etude.

752.7559055118111 1839.3700787401574 615.7480314960629 163.7795275590551 *559
1245.6692913385828 1839.3700787401574 370.0787401574803 163.7795275590551 Etude
1492.9133858267717 1839.3700787401574 204.7244094488189 163.7795275590551 à
1533.8582677165355 1839.3700787401574 615.7480314960629 163.7795275590551 Pecquencourt.

757.4803149606299 1960.6299212598426 609.4488188976378 163.7795275590551 *560
1244.0944881889764 1960.6299212598426 324.40944881889766 163.7795275590551 Dans
1447.244094488189 1960.6299212598426 283.46456692913387 163.7795275590551 les
1609.4488188976377 1960.6299212598426 445.6692913385827 163.7795275590551 champs.
1894.4881889763778 1960.6299212598426 324.40944881889766 163.7795275590551 Etude,

754.3307086614174 2092.9133858267714 598.4251968503937 173.22834645669292 *561
1233.0708661417323 2092.9133858267714 319.68503937007875 173.22834645669292 Deux
1431.4960629921259 2092.9133858267714 439.37007874015745 173.22834645669292 études.
1711.8110236220473 2092.9133858267714 478.74015748031496 173.22834645669292 Aquarelle.

492.9133858267717 2269.2913385826773 729.1338582677165 211.0236220472441 GREILSAMER,
1077.1653543307086 2269.2913385826773 631.496062992126 211.0236220472441 Alphonse,
1562.2047244094488 2269.2913385826773 291.33858267716533 211.0236220472441 né
1708.6614173228347 2269.2913385826773 242.51968503937007 211.0236220472441 à
1806.2992125984251 2269.2913385826773 680.3149606299213 211.0236220472441 St-Etienne
2340.1574803149606 2269.2913385826773 584.2519685039371 211.0236220472441 (Loire).
2729.1338582677167 2269.2913385826773 146.45669291338584 211.0236220472441 —

590.5511811023622 2426.771653543307 294.48818897637796 157.48031496062993 23,
759.0551181102362 2426.771653543307 294.48818897637796 157.48031496062993 rue
927.5590551181102 2426.771653543307 503.93700787401576 157.48031496062993 Clauzel,
1262.992125984252 2426.771653543307 337.00787401574803 157.48031496062993 Paris.

751.1811023622047 2541.732283464567 607.8740157480315 157.48031496062993 *562
1237.7952755905512 2541.732283464567 244.09448818897638 157.48031496062993 La
1360.6299212598426 2541.732283464567 406.2992125984252 157.48031496062993 Marne,
1644.0944881889764 2541.732283464567 203.1496062992126 157.48031496062993 à
1724.4094488188975 2541.732283464567 406.2992125984252 157.48031496062993 Lagny.
1968.5039370078741 2541.732283464567 324.40944881889766 157.48031496062993 Matin.

795.2755905511812 2677.165354330709 595.2755905511812 173.22834645669292 *563
1270.8661417322835 2677.165354330709 278.74015748031496 173.22834645669292 Sur
1429.9212598425197 2677.165354330709 237.79527559055117 173.22834645669292 la
1549.6062992125985 2677.165354330709 396.8503937007874 173.22834645669292 Berge.
1826.7716535433071 2677.165354330709 357.4803149606299 173.22834645669292 Temps
2026.7716535433071 2677.165354330709 436.2204724409449 173.22834645669292 pluvieux.

798.4251968503937 2781.1023622047246 563.7795275590552 151.1811023622047 *564
1248.8188976377953 2781.1023622047246 338.5826771653543 151.1811023622047 Matin
1474.015748031496 2781.1023622047246 262.99212598425197 151.1811023622047 sur
1625.1968503937007 2781.1023622047246 225.1968503937008 151.1811023622047 la
1699.2125984251968 2781.1023622047246 300.78740157480314 151.1811023622047 Marne.

760.6299212598425 2883.464566929134 590.5511811023622 149.60629921259843 *565
1233.0708661417323 2883.464566929134 354.3307086614173 149.60629921259843 Bords
1469.291338582677 2883.464566929134 236.2204724409449 149.60629921259843 de
1587.4015748031495 2883.464566929134 236.2204724409449 149.60629921259843 la
1705.5118110236222 2883.464566929134 393.7007874015748 149.60629921259843 Marne.
1941.732283464567 2883.464566929134 314.96062992125985 149.60629921259843 Matin.

801.5748031496063 2988.9763779527557 588.9763779527559 170.07874015748033 *566
1274.015748031496 2988.9763779527557 236.2204724409449 170.07874015748033 Au
1390.5511811023623 2988.9763779527557 707.0866141732283 170.07874015748033 Mont-Valérien.
1981.1023622047244 2988.9763779527557 354.3307086614173 170.07874015748033 Après
2176.3779527559054 2988.9763779527557 393.7007874015748 170.07874015748033 l’orage.

760.6299212598425 3127.5590551181103 585.8267716535433 137.00787401574803 *567
1229.9212598425197 3127.5590551181103 274.01574803149606 137.00787401574803 Sur
1385.8267716535433 3127.5590551181103 234.64566929133858 137.00787401574803 la
1503.9370078740158 3127.5590551181103 390.5511811023622 137.00787401574803 Marne.
1777.9527559055118 3127.5590551181103 351.18110236220474 137.00787401574803 Après
2012.5984251968505 3127.5590551181103 234.64566929133858 137.00787401574803 la
2089.763779527559 3127.5590551181103 313.38582677165357 137.00787401574803 pluie.

760.6299212598425 3226.771653543307 579.5275590551181 168.50393700787401 *568
1225.1968503937007 3226.771653543307 231.49606299212599 168.50393700787401 La
1302.3622047244094 3226.771653543307 541.7322834645669 168.50393700787401 maisonnette.

502.3622047244094 3412.5984251968503 448.81889763779526 170.07874015748033 GSELL,
817.3228346456693 3412.5984251968503 763.7795275590552 170.07874015748033 Henri-Alfred,
1447.244094488189 3412.5984251968503 269.29133858267716 170.07874015748033 né
1581.1023622047244 3412.5984251968503 269.29133858267716 170.07874015748033 en
1716.5354330708662 3412.5984251968503 494.48818897637796 170.07874015748033 Suisse.
2075.5905511811025 3412.5984251968503 225.1968503937008 170.07874015748033 —
2165.3543307086616 3412.5984251968503 314.96062992125985 170.07874015748033 61,
2344.8818897637793 3412.5984251968503 314.96062992125985 170.07874015748033 rue
2480.314960629921 3412.5984251968503 359.0551181102362 170.07874015748033 Lepic.

800.0 3537.0078740157483 505.51181102362204 143.30708661417322 569
1196.8503937007874 3537.0078740157483 396.8503937007874 143.30708661417322 Etudes.
1486.6141732283465 3537.0078740157483 181.10236220472441 143.30708661417322 4
1522.8346456692914 3537.0078740157483 288.18897637795277 143.30708661417322 têtes.

798.4251968503937 3625.196850393701 582.6771653543307 168.50393700787401 570
1255.1181102362204 3625.196850393701 415.748031496063 168.50393700787401 Hiver,
1546.4566929133857 3625.196850393701 374.8031496062992 168.50393700787401 femme
1796.8503937007874 3625.196850393701 332.2834645669291 168.50393700787401 près
1962.2047244094488 3625.196850393701 458.26771653543307 168.50393700787401 cheminée.

505.51181102362204 3829.9212598425197 623.6220472440945 200.0 GUÉRARD,
973.2283464566929 3829.9212598425197 571.6535433070866 200.0 Amédée,
1388.976377952756 3829.9212598425197 311.81102362204723 200.0 né
1544.8818897637796 3829.9212598425197 259.84251968503935 200.0 à
1648.8188976377953 3829.9212598425197 415.748031496063 200.0 Sens
1910.236220472441 3829.9212598425197 623.6220472440945 200.0 (Yonne).
2377.952755905512 3829.9212598425197 259.84251968503935 200.0 —
2481.8897637795276 3829.9212598425197 363.7795275590551 200.0 27,
2637.7952755905512 3829.9212598425197 259.84251968503935 200.0 rue

612.5984251968504 3985.8267716535433 740.1574803149606 154.33070866141733 Caulaincourt,
1179.5275590551182 3985.8267716535433 348.0314960629921 154.33070866141733 Paris.

784.2519685039371 4081.8897637795276 584.2519685039371 188.9763779527559 *571
1251.9685039370079 4081.8897637795276 233.0708661417323 188.9763779527559 La
1368.5039370078741 4081.8897637795276 351.18110236220474 188.9763779527559 leçon
1603.1496062992126 4081.8897637795276 233.0708661417323 188.9763779527559 de
1680.3149606299212 4081.8897637795276 351.18110236220474 188.9763779527559 morale.

822.0472440944882 4236.220472440945 511.81102362204723 168.50393700787401 572
1187.4015748031495 4236.220472440945 474.01574803149606 168.50393700787401 Méditation.
