3502.3622047244094 5089.763779527559
623.6220472440945 719.6850393700787 681.8897637795276 182.6771653543307 LECLERCQ,
1146.4566929133857 719.6850393700787 681.8897637795276 182.6771653543307 Théodore,
1670.8661417322835 719.6850393700787 314.96062992125985 182.6771653543307 né
1828.3464566929133 719.6850393700787 261.4173228346457 182.6771653543307 à
1933.8582677165355 719.6850393700787 628.3464566929134 182.6771653543307 Oresmaux
2404.7244094488187 719.6850393700787 628.3464566929134 182.6771653543307 (Somme).
2823.6220472440946 719.6850393700787 157.48031496062993 182.6771653543307 —

729.1338582677165 889.7637795275591 303.93700787401576 177.95275590551182 10,
903.9370078740158 889.7637795275591 303.93700787401576 177.95275590551182 rue
1077.1653543307086 889.7637795275591 259.84251968503935 177.95275590551182 du
1206.2992125984251 889.7637795275591 477.1653543307087 177.95275590551182 Regard.
1510.236220472441 889.7637795275591 346.45669291338584 177.95275590551182 Paris.

921.2598425196851 998.4251968503937 491.33858267716533 176.3779527559055 677
1270.8661417322835 998.4251968503937 456.6929133858268 176.3779527559055 Indécision.

916.5354330708661 1135.4330708661416 519.6850393700787 159.0551181102362 678
1325.984251968504 1135.4330708661416 445.6692913385827 159.0551181102362 Portrait
1659.8425196850394 1135.4330708661416 222.04724409448818 159.0551181102362 de
1771.6535433070867 1135.4330708661416 259.84251968503935 159.0551181102362 Mme
1883.4645669291338 1135.4330708661416 222.04724409448818 159.0551181102362 L...

925.9842519685039 1267.716535433071 481.8897637795276 148.03149606299212 679
1270.8661417322835 1267.716535433071 240.9448818897638 148.03149606299212 Bébé.

634.6456692913385 1510.236220472441 988.9763779527559 204.7244094488189 LEFEBVRE-LOURDET,
1483.4645669291338 1510.236220472441 565.3543307086615 204.7244094488189 Maurice,
1907.0866141732283 1510.236220472441 283.46456692913387 204.7244094488189 né
2048.818897637795 1510.236220472441 236.2204724409449 204.7244094488189 à
2141.732283464567 1510.236220472441 470.86614173228344 204.7244094488189 Paris.
2472.4409448818897 1510.236220472441 236.2204724409449 204.7244094488189 —
2566.9291338582675 1510.236220472441 329.13385826771656 204.7244094488189 82,
2707.0866141732286 1510.236220472441 283.46456692913387 204.7244094488189 bou-

727.5590551181102 1653.5433070866143 431.496062992126 165.35433070866142 levard
1028.3464566929133 1653.5433070866143 258.26771653543307 165.35433070866142 de
1114.9606299212599 1653.5433070866143 387.40157480314963 165.35433070866142 Clichy.

891.3385826771654 1793.7007874015749 552.7559055118111 162.20472440944883 *680
1332.283464566929 1793.7007874015749 294.48818897637796 162.20472440944883 Robe
1480.3149606299212 1793.7007874015749 404.7244094488189 162.20472440944883 crevette.

885.0393700787401 1922.8346456692914 588.9763779527559 149.60629921259843 *681
1355.9055118110236 1922.8346456692914 313.38582677165357 149.60629921259843 Robe
1513.3858267716535 1922.8346456692914 313.38582677165357 149.60629921259843 mauve.

637.7952755905512 2190.551181102362 470.86614173228344 195.2755905511811 LEGUAY,
979.5275590551181 2190.551181102362 770.0787401574803 195.2755905511811 Charles-Henri,
1620.4724409448818 2190.551181102362 256.6929133858268 195.2755905511811 né
1749.6062992125985 2190.551181102362 214.17322834645668 195.2755905511811 à
1834.6456692913387 2190.551181102362 426.7716535433071 195.2755905511811 Paris.
2133.8582677165355 2190.551181102362 214.17322834645668 195.2755905511811 —
2218.8976377952754 2190.551181102362 299.21259842519686 195.2755905511811 29,
2390.551181102362 2190.551181102362 299.21259842519686 195.2755905511811 rue
2562.2047244094488 2190.551181102362 256.6929133858268 195.2755905511811 de
2647.244094488189 2190.551181102362 341.73228346456693 195.2755905511811 Turin.

921.2598425196851 2349.6062992125985 538.5826771653543 170.07874015748033 682
1343.3070866141732 2349.6062992125985 499.21259842519686 170.07874015748033 Rencontre
1727.5590551181103 2349.6062992125985 229.92125984251967 170.07874015748033 au
1804.724409448819 2349.6062992125985 269.29133858267716 170.07874015748033 bois.

919.6850393700787 2499.212598425197 584.2519685039371 148.03149606299212 683
1379.5275590551182 2499.212598425197 459.84251968503935 148.03149606299212 Grandes
1672.4409448818897 2499.212598425197 500.78740157480314 148.03149606299212 manœuvres.

636.2204724409448 2773.228346456693 590.5511811023622 130.70866141732284 LEJEUNE,
1078.740157480315 2773.228346456693 885.0393700787401 130.70866141732284 Edouard-Angel.
1815.748031496063 2773.228346456693 294.48818897637796 130.70866141732284 né
1963.7795275590552 2773.228346456693 245.66929133858267 130.70866141732284 à
2062.9921259842517 2773.228346456693 393.7007874015748 130.70866141732284 Caen
2308.6614173228345 2773.228346456693 738.5826771653543 130.70866141732284 (Calvados).
2848.818897637795 2773.228346456693 148.03149606299212 130.70866141732284 —

732.2834645669292 2878.740157480315 291.33858267716533 141.73228346456693 26,
897.6377952755905 2878.740157480315 291.33858267716533 141.73228346456693 rue
1064.5669291338584 2878.740157480315 291.33858267716533 141.73228346456693 des
1231.4960629921259 2878.740157480315 499.21259842519686 141.73228346456693 Jardies,
1604.724409448819 2878.740157480315 207.8740157480315 141.73228346456693 à
1688.1889763779527 2878.740157480315 499.21259842519686 141.73228346456693 Bellevue
2022.0472440944882 2878.740157480315 749.6062992125984 141.73228346456693 (Seine

902.3622047244095 3029.9212598425197 576.3779527559055 148.03149606299212 *684
1363.7795275590552 3029.9212598425197 384.251968503937 148.03149606299212 Chemin
1631.4960629921259 3029.9212598425197 229.92125984251967 148.03149606299212 de
1748.0314960629921 3029.9212598425197 229.92125984251967 148.03149606299212 la
1823.6220472440946 3029.9212598425197 423.62204724409446 148.03149606299212 carrière.

897.6377952755905 3141.732283464567 628.3464566929134 124.40944881889764 *685
1401.5748031496064 3141.732283464567 251.96850393700788 124.40944881889764 Au
1527.5590551181103 3141.732283464567 587.4015748031496 124.40944881889764 Bas-Meudon
1988.976377952756 3141.732283464567 503.93700787401576 124.40944881889764 (étude).
2324.4094488188975 3141.732283464567 418.8976377952756 124.40944881889764 Panneau.

894.488188976378 3245.6692913385828 606.2992125984252 165.35433070866142 *686
1379.5275590551182 3245.6692913385828 242.51968503937007 165.35433070866142 Au
1500.7874015748032 3245.6692913385828 322.8346456692913 165.35433070866142 bois
1703.9370078740158 3245.6692913385828 242.51968503937007 165.35433070866142 de
1825.1968503937007 3245.6692913385828 485.03937007874015 165.35433070866142 Bellevue
2188.9763779527557 3245.6692913385828 485.03937007874015 165.35433070866142 (étude).
2511.8110236220473 3245.6692913385828 404.7244094488189 165.35433070866142 Panneau.

896.0629921259842 3370.0787401574803 582.6771653543307 149.60629921259843 *687
1363.7795275590552 3370.0787401574803 272.4409448818898 149.60629921259843 Vue
1518.1102362204724 3370.0787401574803 233.0708661417323 149.60629921259843 de
1636.2204724409448 3370.0787401574803 505.51181102362204 149.60629921259843 Bellevue,
2025.1968503937007 3370.0787401574803 272.4409448818898 149.60629921259843 sur
2179.527559055118 3370.0787401574803 582.6771653543307 149.60629921259843 Billancourt
2607.8740157480315 3370.0787401574803 388.9763779527559 149.60629921259843 (étude).

889.7637795275591 3492.9133858267714 675.5905511811023 143.30708661417322 *688
1429.9212598425197 3492.9133858267714 450.3937007874016 143.30708661417322 Chemin
1746.4566929133857 3492.9133858267714 314.96062992125985 143.30708661417322 sur
1925.984251968504 3492.9133858267714 270.86614173228344 143.30708661417322 le
2061.417322834646 3492.9133858267714 494.48818897637796 143.30708661417322 plateau
2420.472440944882 3492.9133858267714 314.96062992125985 143.30708661417322 des
2555.9055118110236 3492.9133858267714 450.3937007874016 143.30708661417322 Bruyères

1318.1102362204724 3603.149606299213 437.79527559055117 140.15748031496062 (petite
1596.8503937007874 3603.149606299213 357.4803149606299 140.15748031496062 gelée).

894.488188976378 3702.3622047244094 595.2755905511812 155.90551181102362 *689
1371.6535433070867 3702.3622047244094 357.4803149606299 155.90551181102362 Chène
1609.4488188976377 3702.3622047244094 318.1102362204724 155.90551181102362 dans
1807.8740157480315 3702.3622047244094 278.74015748031496 155.90551181102362 les
1966.9291338582677 3702.3622047244094 437.79527559055117 155.90551181102362 taillis
2285.0393700787404 3702.3622047244094 237.79527559055117 155.90551181102362 au
2404.7244094488187 3702.3622047244094 318.1102362204724 155.90551181102362 bois
2603.149606299213 3702.3622047244094 237.79527559055117 155.90551181102362 de
2681.8897637795276 3702.3622047244094 318.1102362204724 155.90551181102362 Meudon

1310.236220472441 3822.047244094488 570.0787401574803 140.15748031496062 (première
1705.5118110236222 3822.047244094488 395.2755905511811 140.15748031496062 neige).

874.0157480314961 3916.535433070866 651.9685039370079 190.5511811023622 *690
1396.8503937007874 3916.535433070866 303.93700787401576 190.5511811023622 Une
1570.0787401574803 3916.535433070866 348.0314960629921 190.5511811023622 mare
1787.4015748031495 3916.535433070866 261.4173228346457 190.5511811023622 au
1918.1102362204724 3916.535433070866 348.0314960629921 190.5511811023622 bois
2135.433070866142 3916.535433070866 261.4173228346457 190.5511811023622 de
2266.1417322834645 3916.535433070866 434.6456692913386 190.5511811023622 Meudon
2525.984251968504 3916.535433070866 478.74015748031496 190.5511811023622 (première

1272.4409448818897 4053.5433070866143 387.40157480314963 141.73228346456693 neige).

932.2834645669292 4146.456692913386 581.1023622047244 129.13385826771653 691
1388.976377952756 4146.456692913386 248.8188976377953 129.13385826771653 La
1513.3858267716535 4146.456692913386 373.2283464566929 129.13385826771653 neige
1762.2047244094488 4146.456692913386 291.33858267716533 129.13385826771653 sur
1929.1338582677165 4146.456692913386 248.8188976377953 129.13385826771653 le
2053.5433070866143 4146.456692913386 456.6929133858268 129.13385826771653 plateau
2385.8267716535433 4146.456692913386 291.33858267716533 129.13385826771653 des
2552.755905511811 4146.456692913386 499.21259842519686 129.13385826771653 Bruyères
2885.0393700787404 4146.456692913386 124.40944881889764 129.13385826771653 à

1316.5354330708662 4261.417322834645 559.0551181102362 166.9291338582677 Bellevue,
1746.4566929133857 4261.417322834645 645.6692913385826 166.9291338582677 (Appartient
2262.9921259842517 4261.417322834645 215.748031496063 166.9291338582677 à
2349.6062992125985 4261.417322834645 258.26771653543307 166.9291338582677 M.
2436.220472440945 4261.417322834645 429.9212598425197 166.9291338582677 Wisler).

902.3622047244095 4403.149606299213 590.5511811023622 114.96062992125984 *692
1374.8031496062993 4403.149606299213 393.7007874015748 114.96062992125984 Chemin
1650.3937007874015 4403.149606299213 314.96062992125985 114.96062992125984 dans
1847.244094488189 4403.149606299213 236.2204724409449 114.96062992125984 le
1965.3543307086613 4403.149606299213 433.07086614173227 114.96062992125984 taillis
2280.314960629921 4403.149606299213 433.07086614173227 114.96062992125984 (grande
2555.9055118110236 4403.149606299213 354.3307086614173 114.96062992125984 étude).

937.007874015748 4527.55905511811 516.5354330708661 122.83464566929133 693
1341.732283464567 4527.55905511811 442.5196850393701 122.83464566929133 Toujours
1674.015748031496 4527.55905511811 222.04724409448818 122.83464566929133 en
1784.251968503937 4527.55905511811 332.2834645669291 122.83464566929133 plein
2006.2992125984251 4527.55905511811 406.2992125984252 122.83464566929133 taillis
2300.787401574803 4527.55905511811 552.7559055118111 122.83464566929133 (Bellevue),
2707.0866141732286 4527.55905511811 294.48818897637796 122.83464566929133 étude.
