3559.0551181102364 5127.55905511811
653.5433070866142 535.4330708661417 415.748031496063 141.73228346456693 La
930.7086614173228 535.4330708661417 508.66141732283467 141.73228346456693 Société
1299.2125984251968 535.4330708661417 322.8346456692913 141.73228346456693 des
1483.4645669291338 535.4330708661417 554.3307086614174 141.73228346456693 Artistes
1899.2125984251968 535.4330708661417 784.2519685039371 141.73228346456693 Incépendants,
2499.212598425197 535.4330708661417 508.66141732283467 141.73228346456693 basée

737.007874015748 677.1653543307086 455.11811023622045 103.93700787401575 sur
1055.1181102362204 677.1653543307086 272.4409448818898 103.93700787401575 la
1192.1259842519685 677.1653543307086 681.8897637795276 103.93700787401575 suppression
1737.007874015748 677.1653543307086 318.1102362204724 103.93700787401575 des
1918.1102362204724 677.1653543307086 363.7795275590551 103.93700787401575 Jury
2146.4566929133857 677.1653543307086 727.5590551181102 103.93700787401575 d’admission,
2691.3385826771655 677.1653543307086 318.1102362204724 103.93700787401575 a

735.4330708661417 754.3307086614174 499.21259842519686 138.58267716535434 pour
1099.2125984251968 754.3307086614174 318.1102362204724 138.58267716535434 but
1280.3149606299212 754.3307086614174 272.4409448818898 138.58267716535434 de
1415.748031496063 754.3307086614174 590.5511811023622 138.58267716535434 permettre
1870.8661417322835 754.3307086614174 318.1102362204724 138.58267716535434 aux
2051.968503937008 754.3307086614174 544.8818897637796 138.58267716535434 Artistes
2459.8425196850394 754.3307086614174 272.4409448818898 138.58267716535434 de
2551.181102362205 754.3307086614174 453.54330708661416 138.58267716535434 pré

735.4330708661417 896.0629921259842 603.1496062992126 125.98425196850394 senter
1198.4251968503936 896.0629921259842 603.1496062992126 125.98425196850394 librement
1661.4173228346456 896.0629921259842 417.3228346456693 125.98425196850394 leurs
1940.1574803149606 896.0629921259842 462.99212598425197 125.98425196850394 œuvres
2264.566929133858 896.0629921259842 278.74015748031496 125.98425196850394 au
2357.48031496063 896.0629921259842 648.8188976377953 125.98425196850394 jugement

748.0314960629921 990.5511811023622 274.01574803149606 162.20472440944883 du
899.2125984251968 990.5511811023622 396.8503937007874 162.20472440944883 public.

1207.8740157480315 1647.244094488189 1170.0787401574803 222.04724409448818 DÉSIGNATION(1)

622.0472440944882 1959.0551181102362 568.503937007874 132.28346456692913 ALBERT,
1036.2204724409448 1959.0551181102362 620.4724409448819 132.28346456692913 Adolphe,
1500.7874015748032 1959.0551181102362 310.23622047244095 132.28346456692913 né
1656.6929133858268 1959.0551181102362 258.26771653543307 132.28346456692913 à
1759.0551181102362 1959.0551181102362 516.5354330708661 132.28346456692913 Paris.
2121.259842519685 1959.0551181102362 258.26771653543307 132.28346456692913 —
2225.196850393701 1959.0551181102362 310.23622047244095 132.28346456692913 3,
2379.527559055118 1959.0551181102362 362.20472440944883 132.28346456692913 rue
2535.433070866142 1959.0551181102362 464.56692913385825 132.28346456692913 Alfred

675.5905511811023 2086.6141732283463 453.54330708661416 130.70866141732284 Stevens.

1081.8897637795276 2149.6062992125985 359.0551181102362 181.10236220472441 *1
1332.283464566929 2149.6062992125985 222.04724409448818 181.10236220472441 Etude.

1226.7716535433071 2294.488188976378 414.1732283464567 177.95275590551182 *2
1544.8818897637796 2294.488188976378 223.6220472440945 177.95275590551182 Les
1672.4409448818897 2294.488188976378 255.11811023622047 177.95275590551182 blés
1833.0708661417323 2294.488188976378 192.1259842519685 177.95275590551182 en
1896.0629921259842 2294.488188976378 382.6771653543307 177.95275590551182 Normandie.

1064.5669291338584 2417.3228346456694 404.7244094488189 133.85826771653544 *3
1376.3779527559054 2417.3228346456694 217.3228346456693 133.85826771653544 Les
1469.291338582677 2417.3228346456694 280.31496062992125 133.85826771653544 Saules.

1229.9212598425197 2522.834645669291 344.88188976377955 146.45669291338584 *4
1494.4881889763778 2522.834645669291 264.56692913385825 146.45669291338584 Vernon
1655.1181102362204 2522.834645669291 239.37007874015748 146.45669291338584 (Eure).

1029.9212598425197 2634.6456692913384 474.01574803149606 196.8503937007874 *5
1393.7007874015749 2634.6456692913384 218.89763779527559 196.8503937007874 La
1502.3622047244094 2634.6456692913384 400.0 196.8503937007874 Prairie
1793.7007874015749 2634.6456692913384 182.6771653543307 196.8503937007874 à
1831.4960629921259 2634.6456692913384 436.2204724409449 196.8503937007874 Heurgival.

1061.4173228346456 2757.48031496063 411.0236220472441 140.15748031496062 *6
1376.3779527559054 2757.48031496063 251.96850393700788 140.15748031496062 Tête
1503.9370078740158 2757.48031496063 314.96062992125985 140.15748031496062 d’étnde.

1058.267716535433 2866.1417322834645 400.0 135.43307086614172 7
1357.4803149606298 2866.1417322834645 266.1417322834646 135.43307086614172 Tête
1491.3385826771653 2866.1417322834645 332.2834645669291 135.43307086614172 d’étude.

1228.3464566929133 2974.803149606299 351.18110236220474 148.03149606299212 *8
1497.6377952755906 2974.803149606299 242.51968503937007 148.03149606299212 Après
1659.8425196850394 2974.803149606299 162.20472440944883 148.03149606299212 la
1713.3858267716535 2974.803149606299 242.51968503937007 148.03149606299212 séance.

1055.1181102362204 3092.9133858267714 453.54330708661416 141.73228346456693 *9
1403.1496062992126 3092.9133858267714 349.6062992125984 141.73228346456693 Dessin
1648.8188976377953 3092.9133858267714 174.8031496062992 141.73228346456693 à
1718.1102362204724 3092.9133858267714 209.4488188976378 141.73228346456693 la
1787.4015748031495 3092.9133858267714 384.251968503937 141.73228346456693 sanguine.

625.1968503937007 3340.1574803149606 492.9133858267717 181.10236220472441 ALFRED
970.0787401574803 3340.1574803149606 296.06299212598424 181.10236220472441 LE
1116.5354330708662 3340.1574803149606 492.9133858267717 181.10236220472441 PETIT,
1461.4173228346456 3340.1574803149606 1083.4645669291338 181.10236220472441 Achille-Alexandre,
2396.850393700787 3340.1574803149606 296.06299212598424 181.10236220472441 né
2544.8818897637793 3340.1574803149606 245.66929133858267 181.10236220472441 à
2593.700787401575 3340.1574803149606 393.7007874015748 181.10236220472441 Aumale

713.3858267716536 3494.488188976378 1226.7716535433071 163.7795275590551 (Seine-et-Inférieure).
1800.0 3494.488188976378 236.2204724409449 163.7795275590551 —
1892.9133858267717 3494.488188976378 330.70866141732284 163.7795275590551 12,
2081.8897637795276 3494.488188976378 330.70866141732284 163.7795275590551 rue
2270.8661417322833 3494.488188976378 283.46456692913387 163.7795275590551 de
2365.3543307086616 3494.488188976378 614.1732283464567 163.7795275590551 Courcelles,

670.8661417322835 3615.748031496063 507.0866141732283 121.25984251968504 Levallois.

987.4015748031496 3755.9055118110236 481.8897637795276 143.30708661417322 10
1359.0551181102362 3755.9055118110236 222.04724409448818 143.30708661417322 Ma
1469.291338582677 3755.9055118110236 333.8582677165354 143.30708661417322 tante
1691.3385826771653 3755.9055118110236 259.84251968503935 143.30708661417322 est
1803.1496062992126 3755.9055118110236 296.06299212598424 143.30708661417322 morte.

996.8503937007874 3888.1889763779527 431.496062992126 168.50393700787401 11
1329.1338582677165 3888.1889763779527 398.4251968503937 168.50393700787401 J’hérite
1626.7716535433071 3888.1889763779527 198.4251968503937 168.50393700787401 de
1694.4881889763778 3888.1889763779527 165.35433070866142 168.50393700787401 ça.

686.6141732283464 4133.858267716535 259.84251968503935 168.50393700787401 (1)
836.2204724409448 4133.858267716535 555.9055118110236 168.50393700787401 L’astérique
1280.3149606299212 4133.858267716535 333.8582677165354 168.50393700787401 placé
1502.3622047244094 4133.858267716535 185.82677165354332 168.50393700787401 à
1576.3779527559054 4133.858267716535 296.06299212598424 168.50393700787401 côté
1762.2047244094488 4133.858267716535 259.84251968503935 168.50393700787401 des
1910.236220472441 4133.858267716535 407.87401574803147 168.50393700787401 numéros
2207.8740157480315 4133.858267716535 407.87401574803147 168.50393700787401 indique
2503.9370078740158 4133.858267716535 259.84251968503935 168.50393700787401 les
2651.968503937008 4133.858267716535 370.0787401574803 168.50393700787401 œuvres
2874.015748031496 4133.858267716535 111.81102362204724 168.50393700787401 à

576.3779527559055 4267.716535433071 352.755905511811 88.18897637795276 vendre.

696.0629921259842 4288.188976377953 207.8740157480315 137.00787401574803 On
800.0 4288.188976377953 277.1653543307087 137.00787401574803 peut
973.2283464566929 4288.188976377953 207.8740157480315 137.00787401574803 se
1075.5905511811025 4288.188976377953 448.81889763779526 137.00787401574803 procurer,
1422.0472440944882 4288.188976377953 207.8740157480315 137.00787401574803 au
1525.984251968504 4288.188976377953 518.1102362204724 137.00787401574803 Secrétariat
1940.1574803149606 4288.188976377953 207.8740157480315 137.00787401574803 de
2044.0944881889764 4288.188976377953 552.7559055118111 137.00787401574803 i’Exposition
2492.9133858267714 4288.188976377953 277.1653543307087 137.00787401574803 tous
2666.1417322834645 4288.188976377953 242.51968503937007 137.00787401574803 les
2768.503937007874 4288.188976377953 207.8740157480315 137.00787401574803 ren-

626.7716535433071 4400.0 551.1811023622047 96.06299212598425 seignements
1067.716535433071 4400.0 551.1811023622047 96.06299212598425 nécessaires
1508.6614173228347 4400.0 184.251968503937 96.06299212598425 à
1582.6771653543308 4400.0 404.7244094488189 96.06299212598425 l’achat
1877.1653543307086 4400.0 256.6929133858268 96.06299212598425 des
2023.6220472440946 4400.0 478.74015748031496 96.06299212598425 ouvrages,
2390.551181102362 4400.0 294.48818897637796 96.06299212598425 prix
2574.803149606299 4400.0 256.6929133858268 96.06299212598425 des
2685.0393700787404 4400.0 294.48818897637796 96.06299212598425 œuvres

626.7716535433071 4461.417322834645 207.8740157480315 125.98425196850394 et
730.7086614173228 4461.417322834645 415.748031496063 125.98425196850394 adresses
1042.5196850393702 4461.417322834645 242.51968503937007 125.98425196850394 des
1144.8818897637796 4461.417322834645 346.45669291338584 125.98425196850394 auteurs.
