3294.488188976378 5108.6614173228345
1508.6614173228347 425.1968503937008 321.25984251968504 170.07874015748033 —
1637.7952755905512 425.1968503937008 385.8267716535433 170.07874015748033 63
1766.9291338582677 425.1968503937008 193.70078740157481 170.07874015748033 —

521.2598425196851 568.503937007874 540.1574803149606 207.8740157480315 ROUSSEAU,
935.4330708661417 568.503937007874 415.748031496063 207.8740157480315 Henri,
1226.7716535433071 568.503937007874 248.8188976377953 207.8740157480315 né
1351.1811023622047 568.503937007874 207.8740157480315 207.8740157480315 à
1434.6456692913387 568.503937007874 415.748031496063 207.8740157480315 Laval.
1725.984251968504 568.503937007874 207.8740157480315 207.8740157480315 —
1807.8740157480315 568.503937007874 248.8188976377953 207.8740157480315 18
1932.283464566929 568.503937007874 623.6220472440945 207.8740157480315 bis,
2431.496062992126 568.503937007874 456.6929133858268 207.8740157480315 impasse
2722.834645669291 568.503937007874 166.9291338582677 207.8740157480315 du

1198.4251968503936 768.503937007874 404.7244094488189 130.70866141732284 Maine
1422.0472440944882 768.503937007874 359.0551181102362 130.70866141732284 Paris.

708.6614173228346 862.992125984252 661.4173228346457 211.0236220472441 *1020
1245.6692913385828 862.992125984252 247.24409448818898 211.0236220472441 Un
1368.5039370078741 862.992125984252 577.9527559055118 211.0236220472441 centenaire
1823.6220472440946 862.992125984252 247.24409448818898 211.0236220472441 de
1905.5118110236222 862.992125984252 702.3622047244095 211.0236220472441 l’indépendance.

1414.1732283464567 1039.3700787401574 217.3228346456693 129.13385826771653 Le
1522.8346456692914 1039.3700787401574 362.20472440944883 129.13385826771653 peuple
1776.3779527559054 1039.3700787401574 325.98425196850394 129.13385826771653 danse
1993.7007874015749 1039.3700787401574 362.20472440944883 129.13385826771653 autour
2248.818897637795 1039.3700787401574 253.54330708661416 129.13385826771653 des
2393.700787401575 1039.3700787401574 289.76377952755905 129.13385826771653 deux
2538.582677165354 1039.3700787401574 253.54330708661416 129.13385826771653 Répu-

1480.3149606299212 1140.1574803149606 393.7007874015748 105.51181102362204 bliques,
1776.3779527559054 1140.1574803149606 294.48818897637796 105.51181102362204 celle
1971.6535433070867 1140.1574803149606 196.8503937007874 105.51181102362204 de
2070.8661417322833 1140.1574803149606 262.99212598425197 105.51181102362204 1792
2234.6456692913384 1140.1574803149606 196.8503937007874 105.51181102362204 et
2333.8582677165355 1140.1574803149606 294.48818897637796 105.51181102362204 celle
2529.1338582677167 1140.1574803149606 196.8503937007874 105.51181102362204 de
2595.2755905511813 1140.1574803149606 196.8503937007874 105.51181102362204 1892

1464.5669291338584 1226.7716535433071 215.748031496063 100.78740157480316 se
1573.2283464566929 1226.7716535433071 393.7007874015748 100.78740157480316 donnant
1859.8425196850394 1226.7716535433071 215.748031496063 100.78740157480316 la
1966.9291338582677 1226.7716535433071 286.61417322834643 100.78740157480316 main
2146.4566929133857 1226.7716535433071 250.39370078740157 100.78740157480316 sur
2289.763779527559 1226.7716535433071 322.8346456692913 100.78740157480316 l’air
2503.9370078740158 1226.7716535433071 250.39370078740157 100.78740157480316 de:
2611.0236220472443 1226.7716535433071 179.5275590551181 100.78740157480316 Au-

1478.740157480315 1337.007874015748 261.4173228346457 113.38582677165354 près
1642.5196850393702 1337.007874015748 195.2755905511811 113.38582677165354 de
1740.1574803149606 1337.007874015748 195.2755905511811 113.38582677165354 ma
1837.7952755905512 1337.007874015748 359.0551181102362 113.38582677165354 blonde,
2097.6377952755906 1337.007874015748 292.9133858267717 113.38582677165354 qu’il
2294.488188976378 1337.007874015748 261.4173228346457 113.38582677165354 fait
2456.6929133858266 1337.007874015748 261.4173228346457 113.38582677165354 bon,
2587.4015748031497 1337.007874015748 195.2755905511811 113.38582677165354 fait

1475.5905511811025 1406.2992125984251 256.6929133858268 133.85826771653544 bon,
1636.2204724409448 1406.2992125984251 256.6929133858268 133.85826771653544 fait
1796.8503937007874 1406.2992125984251 256.6929133858268 133.85826771653544 bon,
1924.4094488188975 1406.2992125984251 193.70078740157481 133.85826771653544 etc.

1124.4094488188975 1560.6299212598426 529.1338582677165 127.55905511811024 1021
1546.4566929133857 1560.6299212598426 422.0472440944882 127.55905511811024 Portrait
1862.992125984252 1560.6299212598426 211.0236220472441 127.55905511811024 de
1968.5039370078741 1560.6299212598426 281.8897637795276 127.55905511811024 Mlle
2144.8818897637793 1560.6299212598426 352.755905511811 127.55905511811024 Jeanne
2392.1259842519685 1560.6299212598426 529.1338582677165 127.55905511811024 (Appartient
2779.527559055118 1560.6299212598426 105.51181102362204 127.55905511811024 à

1198.4251968503936 1669.291338582677 262.99212598425197 149.60629921259843 M.
1286.6141732283465 1669.291338582677 307.0866141732283 149.60629921259843 R...)

1124.4094488188975 1779.5275590551182 404.7244094488189 151.1811023622047 1022
1447.244094488189 1779.5275590551182 324.40944881889766 151.1811023622047 Portrait
1691.3385826771653 1779.5275590551182 162.20472440944883 151.1811023622047 de
1771.6535433070867 1779.5275590551182 188.9763779527559 151.1811023622047 Mme
1851.9685039370079 1779.5275590551182 162.20472440944883 151.1811023622047 L...

1122.8346456692914 1888.1889763779527 565.3543307086615 188.9763779527559 *1023
1581.1023622047244 1888.1889763779527 247.24409448818898 188.9763779527559 Vue
1722.8346456692914 1888.1889763779527 212.5984251968504 188.9763779527559 de
1828.3464566929133 1888.1889763779527 212.5984251968504 188.9763779527559 la
1933.8582677165355 1888.1889763779527 318.1102362204724 188.9763779527559 porte
2146.4566929133857 1888.1889763779527 212.5984251968504 188.9763779527559 du
2251.968503937008 1888.1889763779527 529.1338582677165 188.9763779527559 Bas-Meudon,
2640.9448818897636 1888.1889763779527 247.24409448818898 188.9763779527559 après

1196.8503937007874 2007.8740157480315 245.66929133858267 137.00787401574803 la
1278.740157480315 2007.8740157480315 327.5590551181102 137.00787401574803 pluie.

1121.259842519685 2105.511811023622 525.9842519685039 133.85826771653544 *1024
1549.6062992125985 2105.511811023622 229.92125984251967 133.85826771653544 Vue
1680.3149606299212 2105.511811023622 196.8503937007874 133.85826771653544 du
1779.5275590551182 2105.511811023622 262.99212598425197 133.85826771653544 pont
1944.8818897637796 2105.511811023622 196.8503937007874 133.85826771653544 de
2042.5196850393702 2105.511811023622 395.2755905511811 133.85826771653544 Grenelle
2305.511811023622 2105.511811023622 461.4173228346457 133.85826771653544 (Trocadéro).

1116.5354330708662 2225.196850393701 529.1338582677165 166.9291338582677 1025
1538.5826771653544 2225.196850393701 529.1338582677165 166.9291338582677 Débardeurs.
1962.2047244094488 2225.196850393701 387.40157480314963 166.9291338582677 Dessin.
2245.6692913385828 2225.196850393701 529.1338582677165 166.9291338582677 (Appartient
2669.2913385826773 2225.196850393701 176.3779527559055 166.9291338582677 à
2703.9370078740158 2225.196850393701 176.3779527559055 166.9291338582677 mon

1182.6771653543308 2338.582677165354 337.00787401574803 185.82677165354332 ami
1374.8031496062993 2338.582677165354 480.31496062992125 185.82677165354332 Claude
1662.992125984252 2338.582677165354 433.07086614173227 185.82677165354332 Goubot.

508.66141732283467 2615.748031496063 595.2755905511812 209.4488188976378 ROUSSEL,
954.3307086614174 2615.748031496063 941.7322834645669 209.4488188976378 Henri-François,
1746.4566929133857 2615.748031496063 297.6377952755906 209.4488188976378 né
1896.0629921259842 2615.748031496063 247.24409448818898 209.4488188976378 à
1995.275590551181 2615.748031496063 496.06299212598424 209.4488188976378 Paris.
2341.732283464567 2615.748031496063 247.24409448818898 209.4488188976378 —
2440.9448818897636 2615.748031496063 396.8503937007874 209.4488188976378 122,
2639.3700787401576 2615.748031496063 247.24409448818898 209.4488188976378 rue

559.0551181102362 2748.031496062992 453.54330708661416 140.15748031496062 d’Assas.

746.4566929133858 2891.3385826771655 573.2283464566929 152.75590551181102 1026
1204.724409448819 2891.3385826771655 382.6771653543307 152.75590551181102 Saules
1472.4409448818897 2891.3385826771655 229.92125984251967 152.75590551181102 et
1549.6062992125985 2891.3385826771655 458.26771653543307 152.75590551181102 Peupliers.

740.1574803149606 3011.0236220472443 614.1732283464567 141.73228346456693 1027
1231.4960629921259 3011.0236220472443 368.503937007874 141.73228346456693 Champ
1478.740157480315 3011.0236220472443 245.66929133858267 141.73228346456693 de
1560.6299212598426 3011.0236220472443 573.2283464566929 141.73228346456693 Coquelicots.

741.7322834645669 3124.4094488188975 555.9055118110236 149.60629921259843 1028
1187.4015748031495 3124.4094488188975 333.8582677165354 149.60629921259843 Effet
1409.4488188976377 3124.4094488188975 222.04724409448818 149.60629921259843 de
1483.4645669291338 3124.4094488188975 481.8897637795276 149.60629921259843 brouillard.

740.1574803149606 3240.9448818897636 604.7244094488188 132.28346456692913 1029
1223.6220472440946 3240.9448818897636 362.20472440944883 132.28346456692913 Bords
1466.1417322834645 3240.9448818897636 240.9448818897638 132.28346456692913 de
1585.8267716535433 3240.9448818897636 240.9448818897638 132.28346456692913 la
1707.0866141732283 3240.9448818897636 362.20472440944883 132.28346456692913 Seine
1949.6062992125985 3240.9448818897636 201.5748031496063 132.28346456692913 à
1988.976377952756 3240.9448818897636 483.46456692913387 132.28346456692913 Bonnières.

738.5826771653543 3348.031496062992 590.5511811023622 151.1811023622047 1030
1211.023622047244 3348.031496062992 472.4409448818898 151.1811023622047 Barrière
1566.9291338582677 3348.031496062992 314.96062992125985 151.1811023622047 dans
1763.7795275590552 3348.031496062992 236.2204724409449 151.1811023622047 un
1842.5196850393702 3348.031496062992 236.2204724409449 151.1811023622047 pré.

741.7322834645669 3467.716535433071 555.9055118110236 141.73228346456693 1031
1185.8267716535433 3467.716535433071 333.8582677165354 141.73228346456693 Allée
1407.8740157480315 3467.716535433071 222.04724409448818 141.73228346456693 de
1481.8897637795276 3467.716535433071 333.8582677165354 141.73228346456693 jardin.

741.7322834645669 3576.3779527559054 592.1259842519685 182.6771653543307 1032
1214.1732283464567 3576.3779527559054 433.07086614173227 182.6771653543307 Maisons
1530.708661417323 3576.3779527559054 196.8503937007874 182.6771653543307 à
1570.0787401574803 3576.3779527559054 354.3307086614173 182.6771653543307 Glaton.

511.81102362204723 3834.6456692913384 352.755905511811 218.89763779527559 ROY,
732.2834645669292 3834.6456692913384 439.37007874015745 218.89763779527559 Louis,
1039.3700787401574 3834.6456692913384 264.56692913385825 218.89763779527559 né
1171.6535433070867 3834.6456692913384 220.4724409448819 218.89763779527559 à
1259.8425196850394 3834.6456692913384 483.46456692913387 218.89763779527559 Poligny
1612.5984251968505 3834.6456692913384 527.5590551181102 218.89763779527559 (Jura).—
2007.8740157480315 3834.6456692913384 352.755905511811 218.89763779527559 213,
2228.3464566929133 3834.6456692913384 308.66141732283467 218.89763779527559 rue
2360.6299212598424 3834.6456692913384 527.5590551181102 218.89763779527559 Lafayette,

562.2047244094488 3974.803149606299 346.45669291338584 138.58267716535434 Paris.

743.3070866141733 4121.259842519685 563.7795275590552 160.62992125984252 1033
1157.4803149606298 4121.259842519685 376.37795275590554 160.62992125984252 Paysans.

740.1574803149606 4234.645669291339 612.5984251968504 143.30708661417322 1034
1229.9212598425197 4234.645669291339 245.66929133858267 143.30708661417322 La
1352.755905511811 4234.645669291339 407.87401574803147 143.30708661417322 Vallée
1639.3700787401574 4234.645669291339 245.66929133858267 143.30708661417322 de
1760.6299212598426 4234.645669291339 325.98425196850394 143.30708661417322 Vaux
1965.3543307086613 4234.645669291339 286.61417322834643 143.30708661417322 sur
2088.1889763779527 4234.645669291339 407.87401574803147 143.30708661417322 Poligny.

744.8818897637796 4379.527559055118 587.4015748031496 114.96062992125984 1035
1215.748031496063 4379.527559055118 352.755905511811 114.96062992125984 Etude
1450.3937007874015 4379.527559055118 313.38582677165357 114.96062992125984 dans
1645.6692913385828 4379.527559055118 234.64566929133858 114.96062992125984 le
1724.4094488188975 4379.527559055118 274.01574803149606 114.96062992125984 Jura.
