3666.1417322834645 5083.464566929134
1548.0314960629921 437.79527559055117 277.1653543307087 102.36220472440945 —
1658.267716535433 437.79527559055117 332.2834645669291 102.36220472440945 66
1770.0787401574803 437.79527559055117 166.9291338582677 102.36220472440945 —

724.4094488188977 574.8031496062993 620.4724409448819 170.07874015748033 *1071
1228.3464566929133 574.8031496062993 310.23622047244095 170.07874015748033 Pour
1422.0472440944882 574.8031496062993 233.0708661417323 170.07874015748033 la
1500.7874015748032 574.8031496062993 348.0314960629921 170.07874015748033 France.

768.503937007874 716.5354330708661 590.5511811023622 170.07874015748033 1072
1240.9448818897638 716.5354330708661 472.4409448818898 170.07874015748033 Portrait
1596.8503937007874 716.5354330708661 236.2204724409449 170.07874015748033 de
1714.9606299212599 716.5354330708661 236.2204724409449 170.07874015748033 M.
1833.0708661417323 716.5354330708661 275.59055118110234 170.07874015748033 Ch.
1951.1811023622047 716.5354330708661 314.96062992125985 170.07874015748033 Boyer.

530.7086614173228 979.5275590551181 519.6850393700787 166.9291338582677 SERRET,
908.6614173228346 979.5275590551181 992.1259842519685 166.9291338582677 Charles-Emmanuel,
1759.0551181102362 979.5275590551181 283.46456692913387 166.9291338582677 né
1900.7874015748032 979.5275590551181 236.2204724409449 166.9291338582677 à
1995.275590551181 979.5275590551181 519.6850393700787 166.9291338582677 Aubenas
2325.984251968504 979.5275590551181 566.9291338582677 166.9291338582677 (Ardèche).

746.4566929133858 1116.5354330708662 305.51181102362204 157.48031496062993 53,
921.2598425196851 1116.5354330708662 568.503937007874 157.48031496062993 boulevard
1359.0551181102362 1116.5354330708662 480.31496062992125 157.48031496062993 Bineau,
1664.5669291338584 1116.5354330708662 437.79527559055117 157.48031496062993 Neuilly.

771.6535433070866 1248.8188976377953 530.7086614173228 165.35433070866142 1073
1195.275590551181 1248.8188976377953 212.5984251968504 165.35433070866142 La
1266.1417322834645 1248.8188976377953 283.46456692913387 165.35433070866142 lutte.

773.2283464566929 1396.8503937007874 579.5275590551181 135.43307086614172 1074
1236.2204724409448 1396.8503937007874 231.49606299212599 135.43307086614172 La
1313.3858267716535 1396.8503937007874 579.5275590551181 135.43307086614172 conversation.

768.503937007874 1527.5590551181103 581.1023622047244 103.93700787401575 1075
1233.0708661417323 1527.5590551181103 464.56692913385825 103.93700787401575 Attendre
1581.1023622047244 1527.5590551181103 270.86614173228344 103.93700787401575 son
1697.6377952755906 1527.5590551181103 270.86614173228344 103.93700787401575 tour.

770.0787401574803 1614.1732283464567 625.1968503937007 125.98425196850394 1076
1269.291338582677 1614.1732283464567 458.26771653543307 125.98425196850394 Comment
1560.6299212598426 1614.1732283464567 667.7165354330708 125.98425196850394 t’appelles

771.6535433070866 1732.283464566929 582.6771653543307 146.45669291338584 1077
1239.3700787401574 1732.283464566929 233.0708661417323 146.45669291338584 La
1316.5354330708662 1732.283464566929 388.9763779527559 146.45669291338584 comédie.

771.6535433070866 1836.2204724409448 607.8740157480315 154.33070866141733 1078
1258.267716535433 1836.2204724409448 242.51968503937007 154.33070866141733 Le
1379.5275590551182 1836.2204724409448 445.6692913385827 154.33070866141733 journal
1702.3622047244094 1836.2204724409448 203.1496062992126 154.33070866141733 à
1784.251968503937 1836.2204724409448 242.51968503937007 154.33070866141733 la
1864.5669291338584 1836.2204724409448 445.6692913385827 154.33070866141733 campagne.

774.8031496062993 1973.2283464566929 581.1023622047244 121.25984251968504 1079
1240.9448818897638 1973.2283464566929 270.86614173228344 121.25984251968504 Les
1395.275590551181 1973.2283464566929 426.7716535433071 121.25984251968504 petites
1667.716535433071 1973.2283464566929 581.1023622047244 121.25984251968504 chasseresses.

774.8031496062993 2080.314960629921 585.8267716535433 155.90551181102362 1080
1242.5196850393702 2080.314960629921 234.64566929133858 155.90551181102362 La
1360.6299212598426 2080.314960629921 311.81102362204723 155.90551181102362 sœur
1516.5354330708662 2080.314960629921 311.81102362204723 155.90551181102362 aînée.

601.5748031496063 2316.535433070866 231.49606299212599 185.82677165354332 †
694.488188976378 2316.535433070866 507.0866141732283 185.82677165354332 SEURAT,
1062.992125984252 2316.535433070866 554.3307086614174 185.82677165354332 Georges.
1478.740157480315 2316.535433070866 231.49606299212599 185.82677165354332 —
1524.4094488188975 2316.535433070866 554.3307086614174 185.82677165354332 1859

777.9527559055118 2522.834645669291 614.1732283464567 177.95275590551182 1081
1269.291338582677 2522.834645669291 286.61417322834643 177.95275590551182 Une
1433.0708661417323 2522.834645669291 491.33858267716533 177.95275590551182 Baignade
1801.5748031496064 2522.834645669291 450.3937007874016 177.95275590551182 (1884),
2130.7086614173227 2522.834645669291 368.503937007874 177.95275590551182 prété
2376.3779527559054 2522.834645669291 286.61417322834643 177.95275590551182 par
2540.1574803149606 2522.834645669291 286.61417322834643 177.95275590551182 Mme
2662.9921259842517 2522.834645669291 245.66929133858267 177.95275590551182 Seu

1192.1259842519685 2658.267716535433 245.66929133858267 105.51181102362204 rat.

774.8031496062993 2732.283464566929 651.9685039370079 162.20472440944883 1082
1297.6377952755906 2732.283464566929 261.4173228346457 162.20472440944883 Un
1426.7716535433071 2732.283464566929 521.2598425196851 162.20472440944883 Dimanche
1818.8976377952756 2732.283464566929 217.3228346456693 162.20472440944883 à
1905.5118110236222 2732.283464566929 261.4173228346457 162.20472440944883 la
2036.2204724409448 2732.283464566929 738.5826771653543 162.20472440944883 Grande-Jatte,
2601.5748031496064 2732.283464566929 303.93700787401576 162.20472440944883 1884,

1228.3464566929133 2881.8897637795276 433.07086614173227 130.70866141732284 (1886)
1530.708661417323 2881.8897637795276 390.5511811023622 130.70866141732284 prêté
1790.5511811023623 2881.8897637795276 303.93700787401576 130.70866141732284 par
1963.7795275590552 2881.8897637795276 303.93700787401576 130.70866141732284 Mme
2094.488188976378 2881.8897637795276 390.5511811023622 130.70866141732284 Seurat.

776.3779527559055 2982.6771653543306 639.3700787401575 152.75590551181102 1083
1288.1889763779527 2982.6771653543306 511.81102362204723 152.75590551181102 Esquisse
1672.4409448818897 2982.6771653543306 299.21259842519686 152.75590551181102 des
1842.5196850393702 2982.6771653543306 596.8503937007874 152.75590551181102 «Poseuses»
2311.8110236220473 2982.6771653543306 469.29133858267716 152.75590551181102 (1888),
2609.448818897638 2982.6771653543306 299.21259842519686 152.75590551181102 prêté

1228.3464566929133 3100.787401574803 307.0866141732283 133.85826771653544 par
1404.724409448819 3100.787401574803 262.99212598425197 133.85826771653544 M.
1535.4330708661416 3100.787401574803 395.2755905511811 133.85826771653544 Jules
1754.3307086614172 3100.787401574803 570.0787401574803 133.85826771653544 Christophe.

776.3779527559055 3193.700787401575 626.7716535433071 144.88188976377953 1084
1278.740157480315 3193.700787401575 417.3228346456693 144.88188976377953 Parade
1571.6535433070867 3193.700787401575 250.39370078740157 144.88188976377953 de
1696.0629921259842 3193.700787401575 417.3228346456693 144.88188976377953 cirque
1988.976377952756 3193.700787401575 459.84251968503935 144.88188976377953 (1888),
2322.834645669291 3193.700787401575 376.37795275590554 144.88188976377953 prêté
2574.803149606299 3193.700787401575 292.9133858267717 144.88188976377953 par
2699.212598425197 3193.700787401575 209.4488188976378 144.88188976377953 Mme

1182.6771653543308 3333.8582677165355 409.4488188976378 119.68503937007874 Seurat.

737.007874015748 3398.4251968503936 661.4173228346457 170.07874015748033 *1085
1274.015748031496 3398.4251968503936 371.65354330708664 170.07874015748033 Jeune
1522.8346456692914 3398.4251968503936 371.65354330708664 170.07874015748033 femme
1770.0787401574803 3398.4251968503936 248.8188976377953 170.07874015748033 se
1894.4881889763778 3398.4251968503936 496.06299212598424 170.07874015748033 poudrant
2225.196850393701 3398.4251968503936 371.65354330708664 170.07874015748033 (1889).

779.5275590551181 3541.732283464567 640.9448818897638 118.11023622047244 1086
1291.3385826771653 3541.732283464567 511.81102362204723 118.11023622047244 Esquisse
1675.5905511811025 3541.732283464567 256.6929133858268 118.11023622047244 du
1803.1496062992126 3541.732283464567 511.81102362204723 118.11023622047244 «Chahut»
2187.4015748031497 3541.732283464567 426.7716535433071 118.11023622047244 (1890)
2486.6141732283463 3541.732283464567 384.251968503937 118.11023622047244 prêté
2699.212598425197 3541.732283464567 214.17322834645668 118.11023622047244 par

1223.6220472440946 3659.8425196850394 307.0866141732283 130.70866141732284 M.
1376.3779527559054 3659.8425196850394 255.11811023622047 130.70866141732284 P
1426.7716535433071 3659.8425196850394 204.7244094488189 130.70866141732284 S.

790.5511811023622 3748.031496062992 600.0 162.20472440944883 1087
1270.8661417322835 3748.031496062992 400.0 162.20472440944883 Cirque
1551.1811023622047 3748.031496062992 400.0 162.20472440944883 (1891)
1831.4960629921259 3748.031496062992 360.62992125984255 162.20472440944883 prêté
2070.8661417322833 3748.031496062992 280.31496062992125 162.20472440944883 par
2231.496062992126 3748.031496062992 280.31496062992125 162.20472440944883 Mme
2351.181102362205 3748.031496062992 360.62992125984255 162.20472440944883 Seurat.

1352.755905511811 3870.8661417322833 458.26771653543307 157.48031496062993 BORDS
1656.6929133858268 3870.8661417322833 305.51181102362204 157.48031496062993 DE
1759.0551181102362 3870.8661417322833 355.90551181102364 157.48031496062993 SEINE

748.0314960629921 3992.1259842519685 664.5669291338583 144.88188976377953 1088
1280.3149606299212 3992.1259842519685 398.4251968503937 144.88188976377953 Etude
1544.8818897637796 3992.1259842519685 354.3307086614173 144.88188976377953 pour
1766.9291338582677 3992.1259842519685 310.23622047244095 144.88188976377953 «Un
1944.8818897637796 3992.1259842519685 532.2834645669292 144.88188976377953 dimanche
2343.3070866141734 3992.1259842519685 222.04724409448818 144.88188976377953 à
2431.496062992126 3992.1259842519685 266.1417322834646 144.88188976377953 la
2521.259842519685 3992.1259842519685 398.4251968503937 144.88188976377953 Grande-

1231.4960629921259 4114.96062992126 429.9212598425197 105.51181102362204 Jatte»
1532.283464566929 4114.96062992126 474.01574803149606 105.51181102362204 (1884),
1877.1653543307086 4114.96062992126 387.40157480314963 105.51181102362204 prêté
2135.433070866142 4114.96062992126 300.78740157480314 105.51181102362204 par
2307.0866141732286 4114.96062992126 258.26771653543307 105.51181102362204 M.
2393.700787401575 4114.96062992126 387.40157480314963 105.51181102362204 Appert.

790.5511811023622 4231.496062992126 614.1732283464567 160.62992125984252 1089
1281.8897637795276 4231.496062992126 245.66929133858267 160.62992125984252 La
1404.724409448819 4231.496062992126 368.503937007874 160.62992125984252 Seine
1650.3937007874015 4231.496062992126 204.7244094488189 160.62992125984252 à
1732.283464566929 4231.496062992126 573.2283464566929 160.62992125984252 Courbevoie
2184.251968503937 4231.496062992126 450.3937007874016 160.62992125984252 (1885),
2511.8110236220473 4231.496062992126 368.503937007874 160.62992125984252 prété
2716.535433070866 4231.496062992126 204.7244094488189 160.62992125984252 par

1242.5196850393702 4341.7322834645665 266.1417322834646 160.62992125984252 M.
1374.8031496062993 4341.7322834645665 266.1417322834646 160.62992125984252 P.
1464.5669291338584 4341.7322834645665 177.95275590551182 160.62992125984252 S.
