3540.1574803149606 5165.354330708661
1393.7007874015749 541.7322834645669 173.22834645669292 214.17322834645668 —
1462.992125984252 541.7322834645669 207.8740157480315 214.17322834645668 71
1566.9291338582677 541.7322834645669 173.22834645669292 214.17322834645668 —

379.5275590551181 711.8110236220473 984.2519685039371 171.6535433070866 TOULOUSE-LAUTREC
1215.748031496063 711.8110236220473 442.5196850393701 171.6535433070866 (de),
1511.8110236220473 711.8110236220473 492.9133858267717 171.6535433070866 Henri,
1855.1181102362204 711.8110236220473 296.06299212598424 171.6535433070866 né
2003.1496062992126 711.8110236220473 245.66929133858267 171.6535433070866 à
2102.3622047244094 711.8110236220473 393.7007874015748 171.6535433070866 Albi
2299.212598425197 711.8110236220473 442.5196850393701 171.6535433070866 (Tarm).

474.01574803149606 867.7165354330708 294.48818897637796 152.75590551181102 27,
642.5196850393701 867.7165354330708 294.48818897637796 152.75590551181102 rue
811.0236220472441 867.7165354330708 672.4409448818898 152.75590551181102 Caulincourt,
1314.9606299212599 867.7165354330708 337.00787401574803 152.75590551181102 Paris.

612.5984251968504 971.6535433070866 623.6220472440945 206.29921259842519 1167
1110.236220472441 971.6535433070866 248.8188976377953 206.29921259842519 La
1236.2204724409448 971.6535433070866 415.748031496063 206.29921259842519 Goulue
1525.984251968504 971.6535433070866 248.8188976377953 206.29921259842519 et
1651.9685039370079 971.6535433070866 248.8188976377953 206.29921259842519 sa
1776.3779527559054 971.6535433070866 332.2834645669291 206.29921259842519 sœur
1941.732283464567 971.6535433070866 707.0866141732283 206.29921259842519 (Moulin

609.4488188976378 1152.755905511811 653.5433070866142 149.60629921259843 1168
1133.8582677165355 1152.755905511811 261.4173228346457 149.60629921259843 La
1264.5669291338584 1152.755905511811 480.31496062992125 149.60629921259843 Goulue;
1612.5984251968505 1152.755905511811 392.12598425196853 149.60629921259843 repos
1874.015748031496 1152.755905511811 392.12598425196853 149.60629921259843 entre
2135.433070866142 1152.755905511811 349.6062992125984 149.60629921259843 deux
2354.3307086614172 1152.755905511811 392.12598425196853 149.60629921259843 tours
2571.6535433070867 1152.755905511811 174.8031496062992 149.60629921259843 de

1056.6929133858268 1253.5433070866143 400.0 135.43307086614172 valse
1278.740157480315 1253.5433070866143 754.3307086614174 135.43307086614172 (Moulin

609.4488188976378 1346.4566929133857 628.3464566929134 148.03149606299212 1169
1113.3858267716535 1346.4566929133857 251.96850393700788 148.03149606299212 La
1239.3700787401574 1346.4566929133857 418.8976377952756 148.03149606299212 Goulue
1532.283464566929 1346.4566929133857 461.4173228346457 148.03149606299212 entrant
1867.716535433071 1346.4566929133857 251.96850393700788 148.03149606299212 au
1952.755905511811 1346.4566929133857 628.3464566929134 148.03149606299212 Moulin

612.5984251968504 1477.1653543307086 568.503937007874 148.03149606299212 1170
1067.716535433071 1477.1653543307086 341.73228346456693 148.03149606299212 Celle
1294.4881889763778 1477.1653543307086 266.1417322834646 148.03149606299212 qui
1447.244094488189 1477.1653543307086 226.77165354330708 148.03149606299212 se
1560.6299212598426 1477.1653543307086 379.5275590551181 148.03149606299212 peigne
1825.1968503937007 1477.1653543307086 266.1417322834646 148.03149606299212 (n°
1940.1574803149606 1477.1653543307086 188.9763779527559 148.03149606299212 1).

607.8740157480315 1596.8503937007874 566.9291338582677 140.15748031496062 1171
1061.4173228346456 1596.8503937007874 340.15748031496065 140.15748031496062 Celle
1288.1889763779527 1596.8503937007874 264.56692913385825 140.15748031496062 qui
1437.7952755905512 1596.8503937007874 226.77165354330708 140.15748031496062 se
1551.1811023622047 1596.8503937007874 377.9527559055118 140.15748031496062 peigne
1815.748031496063 1596.8503937007874 264.56692913385825 140.15748031496062 (n°
1929.1338582677165 1596.8503937007874 188.9763779527559 140.15748031496062 2).

601.5748031496063 1694.4881889763778 620.4724409448819 129.13385826771653 1172
1097.6377952755906 1694.4881889763778 373.2283464566929 129.13385826771653 Femme
1305.5118110236222 1694.4881889763778 330.70866141732284 129.13385826771653 brune.

601.5748031496063 1800.0 615.7480314960629 171.6535433070866 1173
1094.4881889763778 1800.0 451.9685039370079 171.6535433070866 Affiche
1422.0472440944882 1800.0 329.13385826771656 171.6535433070866 pour
1628.3464566929133 1800.0 245.66929133858267 171.6535433070866 le
1751.1811023622047 1800.0 656.6929133858267 171.6535433070866 Moulin-Rouge
2285.0393700787404 1800.0 288.18897637795277 171.6535433070866 (2e
2407.8740157480315 1800.0 329.13385826771656 171.6535433070866 état).

370.0787401574803 1982.6771653543308 592.1259842519685 212.5984251968504 TRAVERS,
814.1732283464567 1982.6771653543308 839.3700787401575 212.5984251968504 Désiré-Louis,
1503.9370078740158 1982.6771653543308 296.06299212598424 212.5984251968504 né
1653.5433070866143 1982.6771653543308 247.24409448818898 212.5984251968504 à
1751.1811023622047 1982.6771653543308 492.9133858267717 212.5984251968504 Brest.
2097.6377952755906 1982.6771653543308 247.24409448818898 212.5984251968504 —
2195.2755905511813 1982.6771653543308 344.88188976377955 212.5984251968504 12,
2393.700787401575 1982.6771653543308 344.88188976377955 212.5984251968504 rue
2541.732283464567 1982.6771653543308 196.8503937007874 212.5984251968504 de

462.99212598425197 2149.6062992125985 525.9842519685039 160.62992125984252 Chabrol,
814.1732283464567 2149.6062992125985 349.6062992125984 160.62992125984252 Paris.

560.6299212598425 2307.0866141732286 642.5196850393701 155.90551181102362 *1174
1081.8897637795276 2307.0866141732286 321.25984251968504 155.90551181102362 Baie
1281.8897637795276 2307.0866141732286 240.9448818897638 155.90551181102362 de
1403.1496062992126 2307.0866141732286 562.2047244094488 155.90551181102362 Bertheaume
1844.0944881889764 2307.0866141732286 642.5196850393701 155.90551181102362 (Finistère).
2325.984251968504 2307.0866141732286 401.5748031496063 155.90551181102362 Division

1047.244094488189 2422.047244094488 559.0551181102362 137.00787401574803 cuirassée
1477.1653543307086 2422.047244094488 516.5354330708661 137.00787401574803 rentrant
1862.992125984252 2422.047244094488 214.17322834645668 137.00787401574803 à
1907.0866141732283 2422.047244094488 343.3070866141732 137.00787401574803 Brest.

559.0551181102362 2519.685039370079 656.6929133858267 116.53543307086615 *1175
1092.9133858267717 2519.685039370079 492.9133858267717 116.53543307086615 Division
1462.992125984252 2519.685039370079 533.8582677165355 116.53543307086615 cuirassée
1872.4409448818897 2519.685039370079 451.9685039370079 116.53543307086615 engagée
2201.5748031496064 2519.685039370079 329.13385826771656 116.53543307086615 dans
2406.299212598425 2519.685039370079 245.66929133858267 116.53543307086615 le
2489.763779527559 2519.685039370079 245.66929133858267 116.53543307086615 pas-

1048.8188976377953 2626.771653543307 327.5590551181102 144.88188976377953 sage
1253.5433070866143 2626.771653543307 245.66929133858267 144.88188976377953 du
1376.3779527559054 2626.771653543307 327.5590551181102 144.88188976377953 Four
1581.1023622047244 2626.771653543307 655.1181102362204 144.88188976377953 (Finistère).
2113.3858267716537 2626.771653543307 368.503937007874 144.88188976377953 Effet
2359.0551181102364 2626.771653543307 245.66929133858267 144.88188976377953 de
2440.9448818897636 2626.771653543307 286.61417322834643 144.88188976377953 nuit.

593.7007874015748 2738.582677165354 626.7716535433071 151.1811023622047 1176
1096.0629921259842 2738.582677165354 459.84251968503935 151.1811023622047 Cuisine
1431.4960629921259 2738.582677165354 250.39370078740157 151.1811023622047 en
1555.9055118110236 2738.582677165354 502.3622047244094 151.1811023622047 sous-sol
1932.283464566929 2738.582677165354 250.39370078740157 151.1811023622047 au
2058.267716535433 2738.582677165354 459.84251968503935 151.1811023622047 château
2393.700787401575 2738.582677165354 250.39370078740157 151.1811023622047 du
2477.165354330709 2738.582677165354 250.39370078740157 151.1811023622047 Che-

1040.9448818897638 2880.314960629921 346.45669291338584 141.73228346456693 vain
1258.267716535433 2880.314960629921 563.7795275590552 141.73228346456693 (Sarthe).
1691.3385826771653 2880.314960629921 606.2992125984252 141.73228346456693 Appartient
2168.503937007874 2880.314960629921 217.3228346456693 141.73228346456693 à
2255.1181102362207 2880.314960629921 303.93700787401576 141.73228346456693 Mme
2385.8267716535433 2880.314960629921 346.45669291338584 141.73228346456693 Levas

1000.0 2977.952755905512 689.7637795275591 138.58267716535434 seur

549.6062992125984 3042.51968503937 691.3385826771654 159.0551181102362 *1177
1110.236220472441 3042.51968503937 1165.3543307086613 159.0551181102362 Saint-Valery-sur-Somme.
2146.4566929133857 3042.51968503937 302.3622047244094 159.0551181102362 Vue
2318.1102362204724 3042.51968503937 388.9763779527559 159.0551181102362 prise
2533.8582677165355 3042.51968503937 173.22834645669292 159.0551181102362 du

995.2755905511812 3198.4251968503936 412.59842519685037 132.28346456692913 Crotoy.

548.0314960629921 3292.9133858267714 697.6377952755905 146.45669291338584 *1178
1114.9606299212599 3292.9133858267714 261.4173228346457 146.45669291338584 Le
1245.6692913385828 3292.9133858267714 392.12598425196853 146.45669291338584 petit
1507.0866141732283 3292.9133858267714 348.0314960629921 146.45669291338584 port
1725.984251968504 3292.9133858267714 261.4173228346457 146.45669291338584 du
1856.6929133858268 3292.9133858267714 436.2204724409449 146.45669291338584 Crotoy
2160.6299212598424 3292.9133858267714 522.8346456692914 146.45669291338584 (Somme).
2510.236220472441 3292.9133858267714 217.3228346456693 146.45669291338584 Vue

1037.7952755905512 3423.6220472440946 392.12598425196853 166.9291338582677 prise
1299.2125984251968 3423.6220472440946 261.4173228346457 166.9291338582677 de
1429.9212598425197 3423.6220472440946 261.4173228346457 166.9291338582677 la
1518.1102362204724 3423.6220472440946 348.0314960629921 166.9291338582677 Digue.

357.4803149606299 3628.3464566929133 532.2834645669292 157.48031496062993 TRILHE,
744.8818897637796 3628.3464566929133 822.0472440944882 157.48031496062993 Ernest-Félix,
1420.4724409448818 3628.3464566929133 289.76377952755905 157.48031496062993 né
1566.9291338582677 3628.3464566929133 240.9448818897638 157.48031496062993 à
1662.992125984252 3628.3464566929133 483.46456692913387 157.48031496062993 Paris.
2001.5748031496064 3628.3464566929133 240.9448818897638 157.48031496062993 —
2097.6377952755906 3628.3464566929133 338.5826771653543 157.48031496062993 54,
2291.3385826771655 3628.3464566929133 434.6456692913386 157.48031496062993 route
2532.283464566929 3628.3464566929133 193.70078740157481 157.48031496062993 de

445.6692913385827 3748.031496062992 496.06299212598424 165.35433070866142 Chatou,
806.2992125984252 3748.031496062992 270.86614173228344 165.35433070866142 Le
897.6377952755905 3748.031496062992 450.3937007874016 165.35433070866142 Vésinet.

579.5275590551181 3851.968503937008 601.5748031496063 181.10236220472441 1179
1059.8425196850394 3851.968503937008 481.8897637795276 181.10236220472441 Portrait
1420.4724409448818 3851.968503937008 240.9448818897638 181.10236220472441 de
1541.732283464567 3851.968503937008 401.5748031496063 181.10236220472441 Madame
1822.0472440944882 3851.968503937008 240.9448818897638 181.10236220472441 B.
1902.3622047244094 3851.968503937008 240.9448818897638 181.10236220472441 L...

582.6771653543307 4000.0 600.0 146.45669291338584 1189
1061.4173228346456 4000.0 239.37007874015748 146.45669291338584 Le
1181.1023622047244 4000.0 359.0551181102362 146.45669291338584 matin
1422.0472440944882 4000.0 239.37007874015748 146.45669291338584 du
1502.3622047244094 4000.0 359.0551181102362 146.45669291338584 départ.

351.18110236220474 4166.929133858268 433.07086614173227 166.9291338582677 URBAN
640.9448818897638 4166.929133858268 481.8897637795276 166.9291338582677 (Mme),
977.9527559055118 4166.929133858268 577.9527559055118 166.9291338582677 Ernesta,
1412.5984251968505 4166.929133858268 337.00787401574803 166.9291338582677 née
1604.724409448819 4166.929133858268 240.9448818897638 166.9291338582677 à
1700.7874015748032 4166.929133858268 481.8897637795276 166.9291338582677 Vienne
2039.3700787401574 4166.929133858268 722.8346456692914 166.9291338582677 (Autriche).
2568.503937007874 4166.929133858268 144.88188976377953 166.9291338582677 —

442.5196850393701 4346.456692913386 253.54330708661416 151.1811023622047 7,
570.0787401574803 4346.456692913386 381.1023622047244 151.1811023622047 villa
823.6220472440945 4346.456692913386 677.1653543307086 151.1811023622047 Michel-Ange,
1332.283464566929 4346.456692913386 423.62204724409446 151.1811023622047 Auteuil.

543.3070866141733 4456.692913385827 596.8503937007874 171.6535433070866 *1181
992.1259842519685 4456.692913385827 485.03937007874015 171.6535433070866 Pensierosa.
