1860 2940
630 179 193 76 —
707 179 231 76 41
784 179 116 76 —

18 256 182 120 HIÈRE
139 256 243 120 (Reine).
321 256 101 120 —
362 256 142 120 55,
443 256 324 120 boulevard
706 256 142 120 des
787 256 223 120 Belges,
949 256 162 120 Lyon
1030 256 283 120 (Rhône).

83 334 283 82 650
305 334 141 82 Les
386 334 202 82 fables
527 334 121 82 de
588 334 121 82 La
649 334 242 82 Fontaine
830 334 141 82 ou,
911 334 101 82 à
952 334 202 82 défaut
1093 334 101 82 :
1133 334 202 82 Calvi,
1275 334 222 82 vieille
1416 334 162 82 ville.

83 414 291 77 651
312 414 125 77 La
374 414 187 77 néige
499 414 104 77 à
541 414 166 77 Lyon
624 414 270 77 (banlieue).

16 482 137 89 ROU
95 482 215 89 (Paul).
251 482 98 89 —
291 482 137 89 37,
369 482 196 89 rue
506 482 117 89 de
565 482 117 89 la
623 482 411 89 Tombe-Issoire
956 482 157 89 (14e).

86 555 263 72 652
274 555 226 72 Printemps.

88 607 256 95 653
289 607 146 95 Chez
381 607 110 95 la
417 607 220 95 fleuriste.

18 669 327 109 HROU-MARQUIS
283 669 265 109 (Jeanne).
487 669 102 109 —
528 669 143 109 37,
609 669 204 109 rue
752 669 122 109 de
814 669 122 109 la
875 669 429 109 Tombe-Issoire
1222 669 163 109 (14e).

86 761 278 65 654
305 761 199 65 Moret:
444 761 119 65 le
483 761 318 65 bateau

87 821 294 78 655
318 821 210 78 Moret:
465 821 189 78 bords
591 821 126 78 du
633 821 168 78 Loing.

18 859 193 119 BAIRET
153 859 231 119 (Félix).
326 859 96 119 —
364 859 135 119 11,
441 859 193 119 rue
576 859 327 119 Montessuy
826 859 135 119 (7e).

89 946 262 82 656
295 946 168 82 Après
388 946 187 82 l’orage.

89 1014 271 75 657
302 1014 175 75 Matin
399 1014 155 75 calme.

21 1106 189 71 LAIRIN
154 1106 246 71 (Pierre).
343 1106 95 71 —
381 1106 132 71 21,
456 1106 189 71 rue
589 1106 322 71 Bonaparte
835 1106 132 71 (6e).

507 1153 350 71 EXPOSITION
757 1153 300 71 D’ENSEMBLE

95 1218 240 97 658
283 1218 86 97 à
317 1218 257 97 667
523 1218 86 97 —
540 1218 205 97 Peintures.

14 1312 217 67 H-AUDEL
172 1312 237 67 (Louis).
350 1312 99 67 —
389 1312 138 67 14,
468 1312 257 67 avenue
666 1312 237 67 Richaud,
843 1312 217 67 Arcueil
982 1312 276 67 (Seine)).

94 1372 291 66 668
323 1372 146 66 Les
406 1372 166 66 deux
489 1372 208 66 chemins.

96 1430 263 75 669
303 1430 150 75 Paix
378 1430 131 75 1943.

15 1507 155 78 HAUS
112 1507 291 78 (Huguette).
345 1507 97 78 —
384 1507 117 78 9,
442 1507 233 78 place
617 1507 136 78 des
694 1507 253 78 Consulsi,
889 1507 253 78 Martel
1064 1507 155 78 (Lot).

97 1560 284 77 670
320 1560 183 77 Ferme
422 1560 284 77 quercynoise.

99 1622 246 75 671
275 1622 158 75 Fleurs.

13 1658 208 123 AUSADE
159 1658 187 123 (Mlle
284 1658 229 123 Suzanne
450 1658 166 123 de).
554 1658 104 123 —
596 1658 125 123 8,
658 1658 250 123 villa
845 1658 291 123 Chanes
1054 1658 166 123 (16e).

103 1760 245 74 672
278 1760 158 74 Fleurs.

102 1818 268 80 673
312 1818 115 80 Un
351 1818 172 80 jardin.

3 1891 180 109 BEAVÉ
123 1891 281 109 (Raymond).
344 1891 100 109 —
384 1891 120 109 7,
444 1891 281 109 impasse
664 1891 120 109 du
724 1891 261 109 Rcuet
905 1891 160 109 (14e).

104 1950 253 80 674
284 1950 199 80 Peinture.

106 2016 253 91 675
286 2016 199 91 Peinture.

5 2052 225 134 ELÉMENT
168 2052 410 134 (Marie-Thérèse).
517 2052 102 134 —
558 2052 143 134 18,
640 2052 266 134 avenue
845 2052 123 134 de
906 2052 328 134 Lowendal
1152 2052 164 134 (15e).

107 2142 267 84 676
317 2142 172 84 Buste
432 2142 172 84 jeune
546 2142 172 84 fille
642 2142 210 84 (plâtre).

106 2216 287 78 677
332 2216 185 78 Femme
455 2216 205 78 debout
578 2216 226 78 (plâtre).

4 2282 201 93 ELERGÉ
145 2282 282 93 (Auguste).
366 2282 101 93 —
407 2282 121 93 8,
467 2282 201 93 rue
608 2282 121 93 de
669 2282 121 93 la
729 2282 483 93 Grande-Chaumière
1132 2282 141 93 (6e).

526 2345 347 84 EXPOSITION
774 2345 298 84 D’ENSEMBLE

111 2410 250 78 678
308 2410 197 78 Atelier
433 2410 232 78 d’artistes.

109 2462 295 68 679
341 2462 190 68 Neige
467 2462 148 68 sur
551 2462 126 68 la
615 2462 169 68 gare
699 2462 316 68 Montparnasse.

111 2513 294 65 680
342 2513 189 65 Neige
468 2513 126 65 au
531 2513 252 65 faubourg
720 2513 126 65 de
762 2513 168 65 Paris.

113 2562 267 70 681
323 2562 134 70 Les
380 2562 248 70 orphelines.

113 2602 268 84 682
323 2602 134 84 Les
400 2602 230 84 ouvriers
572 2602 134 84 sur
649 2602 115 84 le
687 2602 134 84 toit.

117 2665 243 74 683
290 2665 87 74 Nu.
