1864 2940
387 253 277 78 684
605 253 238 78 Portrait
783 253 119 78 de
842 253 139 78 Mme
922 253 119 78 G.
961 253 119 78 J...

386 330 292 51 685
615 330 250 51 Portrait
803 330 125 51 au
865 330 229 51 chapeau
1011 330 167 51 melon.

387 373 286 63 686
611 373 224 63 Théâtre
754 373 265 63 romantique.

385 415 293 59 687
615 415 126 59 Le
678 415 188 59 repas
803 415 146 59 des
866 415 314 59 moissonneurs.

392 465 217 66 687
563 465 217 66 bis
734 465 155 66 Fleurs
842 465 93 66 et
873 465 140 66 fruits.

390 523 241 63 687
579 523 258 63 ter
785 523 172 63 Nature
905 523 155 63 morte
1008 523 103 63 au
1043 523 120 63 chou.

282 580 249 86 CLOCHARD
469 580 290 86 (William).
697 580 104 86 —
738 580 394 86 Saint-Lucien
1070 580 145 86 par
1153 580 352 86 Nogent-le-Roi
1422 580 332 86 (E.

383 651 299 83 688
617 651 192 83 Neige
745 651 128 83 au
809 651 235 83 passage
980 651 107 83 à
1001 651 192 83 niveau.

385 704 276 70 689
582 704 197 70 Automne.

279 764 227 99 CLOUZOT
445 764 310 99 (Marianne).
693 764 103 99 —
734 764 145 99 14,
817 764 207 99 rue
962 764 372 99 Washington
1251 764 145 99 (8e).

384 834 276 76 690
582 834 197 76 Automne.

385 891 265 80 691
593 891 227 80 L’enclos
764 891 133 80 aux
820 891 133 80 iris.

279 970 220 67 CLUZEAU
439 970 421 67 (Pierre-Antoine).
800 970 100 67 —
840 970 140 67 21,
920 970 200 67 av.
1060 970 120 67 de
1121 970 261 67 l’Etoile,
1321 970 120 67 Le
1381 970 321 67 Parc-St-Maur
1622 970 220 67 (Seil

385 1042 297 58 692
618 1042 212 58 Gorges
767 1042 127 58 de
830 1042 233 58 l’Arly,
1000 1042 106 58 à
1042 1042 212 58 Flumet
1170 1042 233 58 (Savoie).

381 1094 303 71 693
620 1094 130 71 Le
685 1094 173 71 Bout
793 1094 130 71 du
858 1094 173 71 Lac,
945 1094 195 71 Annecy.

276 1155 206 107 CŒURET
421 1155 268 107 (Alfred).
627 1155 103 107 —
668 1155 144 107 72,
751 1155 206 107 rue
895 1155 124 107 de
957 1155 248 107 Clamart,
1143 1155 536 107 Châtillon-sous-Bagneux
1596 1155 248 107 (Seinl

383 1220 262 79 694
571 1220 187 79 Paysage.

383 1285 262 61 695
570 1285 187 61 Paysage.

382 1320 270 70 696
594 1320 154 70 Dans
690 1320 116 70 la
729 1320 154 70 forêt.

381 1374 313 71 697
626 1374 179 71 Dans
738 1374 134 71 la
805 1374 223 71 forêt.
961 1374 112 71 —
1006 1374 313 71 Appartient
1252 1374 112 71 à
1297 1374 156 71 Mme
1364 1374 223 71 Berthou.

382 1426 276 67 698
599 1426 157 67 Dans
697 1426 118 67 la
737 1426 157 67 forêt.

383 1470 262 79 699
571 1470 187 79 Paysage.

279 1542 219 80 COGNACQ
439 1542 219 80 (Jean).
598 1542 100 80 —
638 1542 120 80 7,
698 1542 199 80 rue
837 1542 299 80 Chaptal
1056 1542 140 80 (9e),

385 1613 259 75 700
571 1613 185 75 Paysage.

386 1667 253 82 701
567 1667 199 82 Peinture.

277 1724 218 108 COIGNET
436 1724 277 108 (Francis).
653 1724 99 108 —
693 1724 158 108 189,
792 1724 198 108 rue
931 1724 297 108 Ordener
1149 1724 158 108 (18e),

380 1801 306 97 702
621 1801 131 97 La
686 1801 197 97 Saône
818 1801 131 97 en
883 1801 284 97 Bourgogne
1102 1801 219 97 (effet
1255 1801 131 97 de
1299 1801 197 97 neige).

385 1861 253 89 703
566 1861 199 89 Banlieue.

278 1935 179 90 COLAS
397 1935 219 90 (Paul).
556 1935 99 90 —
596 1935 159 90 140,
695 1935 199 90 rue
834 1935 298 90 Lamarch
1053 1935 159 90 (18e).

384 1996 251 75 704
564 1996 197 75 Peinture.

382 2024 291 113 705
611 2024 291 113 Intérieur.
840 2024 104 113 —
882 2024 291 113 Appartient
1111 2024 104 113 à
1152 2024 125 113 M.
1194 2024 83 113 G.

274 2129 181 83 COLIN
395 2129 322 83 (Henriette).
656 2129 101 83 —
697 2129 161 83 153,
797 2129 201 83 rue
938 2129 342 83 Jeanne-d’Arc,
1220 2129 181 83 Nancy
1321 2129 322 83 (M.

383 2190 288 65 706
609 2190 144 65 Les
692 2190 205 65 poires
835 2190 226 65 (nature
979 2190 185 65 morte).

382 2247 284 86 707
605 2247 122 86 La
666 2247 183 86 reine
788 2247 142 86 des
869 2247 203 86 neiges
991 2247 203 86 (roses).

274 2314 178 99 COLIN
393 2314 217 99 (Paul).
551 2314 99 99 —
590 2314 138 99 24,
669 2314 197 99 rue
807 2314 118 99 du
866 2314 414 99 Colonel-Candelot,
1221 2314 355 99 Bourg-la-Reine
1498 2314 276 99 (Seine)

382 2386 286 67 708
606 2386 184 67 Route
728 2386 102 67 à
769 2386 224 67 travers
932 2386 122 67 un
973 2386 143 67 parc.

380 2446 293 68 709
610 2446 126 68 Du
673 2446 168 68 haut
778 2446 126 68 du
820 2446 398 68 Plessis

379 2492 271 74 710
592 2492 116 74 Le
650 2492 155 74 haut
727 2492 213 74 peuplier.

378 2542 277 69 711
596 2542 119 69 Le
655 2542 218 69 bouquet
793 2542 218 69 d’arbres.

378 2587 261 66 712
584 2587 112 66 La
621 2587 168 66 ravine.

378 2625 286 93 713
603 2625 225 93 L’étang
766 2625 123 93 du
807 2625 389 93 Plessis
