1816 2928
869 161 197 102 —
947 161 236 102 76
1026 161 118 102 —

216 271 163 82 HOUY
318 271 285 82 (Raymond).
542 271 102 82 —
583 271 143 82 37,
664 271 204 82 rue
807 271 122 82 du
868 271 387 82 Moulin-Vert
1174 271 163 82 (14e).

288 336 287 74 1577
498 336 268 74 Coquetterie.

289 390 279 95 1578
494 390 167 95 Fleurs.

215 462 172 102 HUET
322 462 301 102 (Antoine).
558 462 107 102 —
601 462 107 102 «
644 462 215 102 Les
794 462 279 102 Armenats»
1009 462 150 102 par
1095 462 494 102 Saint-Cyr-sur-Morin
1503 462 279 102 (S.

286 521 318 79 1579
540 521 191 79 Neige
668 521 127 79 en
710 521 318 79 Hautes

289 584 317 85 1580
543 584 190 85 Neige
670 584 127 85 en
712 584 317 85 Hautes

216 654 144 71 HUG
299 654 267 71 (Huguette
504 654 206 71 DUPONT
648 654 206 71 dite).
792 654 103 71 —
833 654 144 71 20,
916 654 206 71 rue
1059 654 267 71 Chartran,
1245 654 493 71 Neuilly

286 717 326 68 1581
547 717 130 68 Le
612 717 196 68 puits
742 717 130 68 XV
786 717 304 68 (Côte

286 775 314 73 1582
537 775 293 73 Val-Suzon,
767 775 125 73 le
830 775 230 73 village
976 775 293 73 (Côte

216 836 346 81 HUGUES-BONTÉ
497 836 238 81 (Mado).
670 836 108 81 —
713 836 173 81 189,
821 836 216 81 rue
973 836 324 81 Ordener
1210 836 173 81 (18e),

290 914 293 74 1583
506 914 196 74 Paysage.

290 972 294 75 1584
526 972 137 75 Les
584 972 157 75 porcs.

219 1019 224 91 HUMBLOT
382 1019 265 91 (Robert).
586 1019 102 91 —
627 1019 163 91 128,
729 1019 204 91 rue
872 1019 122 91 de
933 1019 286 91 Crimée
1137 1019 163 91 (19e).

288 1118 322 59 1585
545 1118 129 59 La
609 1118 236 59 Rotonde
781 1118 129 59 de
846 1118 129 59 la
910 1118 279 59 Villette.
1125 1118 107 59 —
1168 1118 150 59 Pas
1253 1118 107 59 à
1275 1118 193 59 vendre.

289 1154 329 67 1586
552 1154 438 67 Saint-Christophe
924 1154 131 67 de
990 1154 131 67 la
1056 1154 285 67 Villette.
1275 1154 110 67 —
1318 1154 153 67 Pas
1406 1154 110 67 à
1428 1154 197 67 vendre.

216 1218 204 82 HUMMEL
359 1218 286 82 (Thérèse).
583 1218 102 82 —
624 1218 123 82 1,
686 1218 204 82 rue
829 1218 123 82 du
890 1218 409 82 Pont-de-Lod
1217 1218 143 82 (6e).

289 1291 314 74 1587
540 1291 167 74 Quai
644 1291 125 74 de
707 1291 188 74 Conti
833 1291 125 74 et
895 1291 125 74 le
937 1291 251 74 Pont

291 1346 315 88 1588
543 1346 210 88 Pointe
690 1346 126 88 de
753 1346 189 88 l’ile
879 1346 315 88 Saint-Louis
1131 1346 126 88 et
1194 1346 126 88 le
1236 1346 231 88 Panthéon.

216 1408 176 85 HUMEZ
334 1408 215 85 (Mary).
490 1408 98 85 —
529 1408 98 85 2
568 1408 156 85 bis,
666 1408 195 85 rue
802 1408 352 85 Félix-Ziem
1076 1408 156 85 (18e).

289 1487 317 80 1589
543 1487 127 80 La
606 1487 211 80 Vierge
754 1487 127 80 de
818 1487 275 80 Beaucaire
1008 1487 296 80 (aquarelle).

288 1552 303 78 1590
530 1552 182 78 Vieux
651 1552 162 78 port
732 1552 283 78 (aquarelle).

217 1608 205 97 HUSSON
361 1608 246 97 (Louis).
546 1608 103 97 —
587 1608 144 97 13,
669 1608 205 97 rue
812 1608 226 97 Racine,
976 1608 267 97 Montrouge
1161 1608 287 97 (Seine)

291 1677 310 81 1591
539 1677 124 81 Le
601 1677 144 81 lac
683 1677 124 81 du
725 1677 206 81 Bourget.

291 1735 321 77 1592
548 1735 128 77 La
612 1735 193 77 forêt
740 1735 128 77 de
804 1735 193 77 Marly
933 1735 128 77 en
976 1735 171 77 hiver.

219 1809 176 80 HUYOT
337 1809 254 80 (Albert).
532 1809 98 80 —
571 1809 137 80 31,
649 1809 195 80 rue
786 1809 273 80 Jeanne
981 1809 156 80 (15e).

291 1867 319 74 1593
546 1867 212 74 Retour
694 1867 127 74 du
737 1867 191 74 marché.

287 1935 325 68 1594
547 1935 195 68 Ferme
678 1935 130 68 en
721 1935 260 68 septembre.

220 2202 155 74 ICHÉ
317 2202 213 74 (René).
472 2202 97 74 —
511 2202 136 74 55,
588 2202 194 74 rue
724 2202 116 74 du
782 2202 311 74 Cherche-Midi
1035 2202 175 74 (6e).
1151 2202 175 74 Tél.:
1268 2202 272 74 Littré
1462 2202 155 74 12

290 2258 310 82 1595
538 2258 310 82 Tauromachie
786 2258 310 82 (sculpture)
1033 2258 227 82 (relief
1198 2258 124 82 en
1240 2258 206 82 plâtre).

217 2351 236 82 IGOUNET
388 2351 129 82 DE
453 2351 236 82 VILLERS
624 2351 301 82 (Charles).
861 2351 107 82 —
903 2351 150 82 77,
989 2351 215 82 rue
1140 2351 301 82 Dareau
1354 2351 172 82 (14e),

291 2404 311 76 1596
540 2404 249 76 Rochers,
726 2404 269 76 sous-bois
913 2404 373 76 (Fontainebleau).

288 2468 322 70 1597
545 2468 214 70 Retour
695 2468 150 70 des
759 2468 193 70 champs.

291 2515 281 63 1598
498 2515 188 63 L’étang.

290 2552 319 77 1599
545 2552 234 77 Rochers
715 2552 127 77 de
778 2552 127 77 la
842 2552 191 77 route
969 2552 149 77 des
1033 2552 255 77 Barnolets.

289 2612 327 61 1600
551 2612 131 61 La
616 2612 196 61 Gorge
746 2612 152 61 aux
812 2612 174 61 Loups.

290 2657 292 77 1601
523 2657 214 77 Lisière
679 2657 117 77 de
718 2657 156 77 forêt.
