1812 2940
630 157 193 99 —
708 157 232 99 87
785 157 116 99 —

23 276 211 114 RVERDET
176 276 249 114 (Pierre).
368 276 96 114 —
406 276 115 114 19
464 276 153 114 bis,
559 276 192 114 rue
694 276 115 114 du
751 276 287 114 Tapis-Vert,
981 276 134 114 Les
1058 276 192 114 Lilas/
1173 276 268 114 (Seine)

49 352 281 71 1855
255 352 206 71 Peinture.

50 412 279 74 1856
255 412 205 74 Peinture.

23 471 220 101 WVERGNE
183 471 260 101 (Alfred).
384 471 100 101 —
424 471 140 101 12,
504 471 200 101 rue
644 471 120 101 du
704 471 481 101 Moulin-de-Beurre
1105 471 160 101 (14e).

47 538 315 77 1857
299 538 210 77 Nature
446 538 210 77 morte:
593 538 147 77 les
656 538 189 77 carpes.

47 599 335 62 *1858
319 599 209 62 Nature
466 599 209 62 morte:
613 599 147 62 les
676 599 209 62 merlans.

47 646 317 62 1859
300 646 211 62 Nature
448 646 190 62 morte
575 646 106 62 à
617 646 127 62 la
659 646 211 62 pendule.

48 699 310 68 1860
296 699 207 68 Nature
441 699 186 68 morte
565 699 145 68 aux
627 699 269 68 statuettes.

49 741 305 66 1861
293 741 122 66 La
354 741 203 66 Vierge
496 741 102 66 à
537 741 122 66 la
577 741 163 66 niche.

49 793 294 70 1862
285 793 176 70 Saint
383 793 176 70 Joseph.

20 852 100 101 K
60 852 221 101 VERNÈDE
220 852 241 101 (André).
401 852 100 101 —
441 852 120 101 7,
501 852 201 101 rue
642 852 120 101 du
702 852 421 101 Colonel-Oudot
1043 852 160 101 (12e).

48 921 318 77 1863
302 921 169 77 Dame
408 921 127 77 au
450 921 191 77 canapé.

51 979 271 81 1864
250 979 199 81 Portrait.

20 1040 212 90 RVIGNAC
174 1040 251 90 (Alfred).
367 1040 97 90 —
406 1040 135 90 205
483 1040 154 90 bis,
579 1040 309 90 boulevard
830 1040 290 90 Raspail
1043 1040 154 90 (14e).

46 1106 317 80 1865
299 1106 232 80 Paysage
468 1106 127 80 du
510 1106 190 80 Quercy.

48 1175 316 81 1866
301 1175 232 81 Paysage
469 1175 126 81 du
511 1175 190 81 Quercy.

19 1252 102 68 N
59 1252 225 68 VILLÉON
223 1252 225 68 (Eliane
386 1252 163 68 de).
488 1252 102 68 —
529 1252 143 68 62,
611 1252 327 68 boulevard
876 1252 123 68 de
938 1252 123 68 La
999 1252 429 68 Tour-Maubourg
1346 1252 143 68 (7e).

48 1303 294 69 1867
264 1303 196 69 Avignon.

48 1364 306 56 1868
292 1364 122 56 Le
354 1364 163 56 fort
435 1364 286 56 Saint

47 1406 301 62 1869
268 1406 502 62 Villeneuve

50 1450 294 65 1870
286 1450 118 65 La
345 1450 157 65 tour
423 1450 353 65 Philippe

48 1505 320 66 1871
304 1505 128 66 La
368 1505 192 66 Saône
496 1505 107 66 à
518 1505 150 66 Lyon.

50 1551 302 80 1872
291 1551 121 80 Le
352 1551 161 80 pont
452 1551 121 80 de
493 1551 201 80 l’usine.

17 1617 187 82 NVRUT
142 1617 271 82 (Louise).
350 1617 104 82 —
392 1617 104 82 «
434 1617 250 82 Etche
621 1617 250 82 Charté»,
809 1617 208 82 avenué
954 1617 125 82 de
1017 1617 125 82 la
1079 1617 208 82 Marne,
1225 1617 167 82 Pont
1329 1617 125 82 de
1371 1617 208 82 Fer,

29 1685 262 65 Biarritz
236 1685 138 65 (B.

50 1727 323 76 1873
308 1727 258 76 Portrait
501 1727 129 76 de
566 1727 129 76 M.
630 1727 237 76 Maurice
802 1727 258 76 Ferrier.
996 1727 108 76 —
1039 1727 301 76 Appartient
1275 1727 108 76 à
1318 1727 129 76 M.
1361 1727 215 76 Ferrier.

51 1796 297 71 1874
289 1796 178 71 Fleur
388 1796 218 71 d’Orient.

17 1863 192 82 EBLANC
151 1863 230 82 (Roger).
324 1863 96 82 —
362 1863 134 82 10,
439 1863 192 82 rue
573 1863 288 82 Frochot
784 1863 134 82 (9e).

50 1921 281 72 1875
275 1921 113 72 Le
313 1921 225 72 raidillon.

51 1983 284 74 1876
278 1983 113 74 La
316 1983 170 74 plaine.

19 2047 97 106 E
57 2047 194 106 BRETON
193 2047 291 106 (Constant).
426 2047 97 106 —
465 2047 136 106 21,
543 2047 194 106 rue
678 2047 310 106 Viscont
911 2047 136 106 (6e).

53 2121 286 73 1877
263 2121 248 73 Mélancolie.

54 2180 276 64 1878
256 2180 166 64 Fleurs.

51 2228 281 61 1879
257 2228 94 61 Nu.

54 2268 303 81 1880
296 2268 202 81 Nature
417 2268 162 81 morte.

19 2349 89 93 E
55 2349 196 93 CAMPION
197 2349 178 93 (Géo).
322 2349 89 93 —
358 2349 125 93 93,
429 2349 178 93 rue
554 2349 357 93 Saint-Lasare
857 2349 161 93 (9e).
964 2349 196 93 Tél.
1107 2349 89 93 :
1143 2349 214 93 Tr.
1285 2349 143 93 91

53 2405 283 71 1881
260 2405 264 71 Coquelicots.

54 2476 316 67 1882
307 2476 211 67 Capri,
455 2476 148 67 vue
539 2476 148 67 sur
623 2476 127 67 le
687 2476 232 67 Vésuve.
856 2476 105 67 —
898 2476 295 67 Appartient
1130 2476 105 67 à
1172 2476 127 67 M.
1235 2476 127 67 L.
1277 2476 127 67 B...

18 2538 200 80 ECARON
158 2538 279 80 (Solange).
377 2538 100 80 —
417 2538 120 80 7,
477 2538 200 80 rue
617 2538 439 80 Alfred-Bruneau
976 2538 160 80 (16e).

56 2600 304 73 1883
299 2600 203 73 Nature
421 2600 162 73 morte.

57 2658 294 72 1884
273 2658 275 72 Composition.
