1840 2952
892 181 193 80 —
930 181 154 80 90

237 278 206 85 LELONG
381 278 329 85 (Georgette).
649 278 103 85 —
690 278 123 85 6,
752 278 206 85 rue
896 278 412 85 Edmond-About
1225 278 165 85 (16e).

307 346 279 68 1937
512 346 167 68 Fleurs.

309 384 297 103 1938
547 384 198 103 Course
666 384 277 103 d’obstacles.

237 470 202 93 LEMMER
378 470 243 93 (Stany).
560 470 101 93 —
601 470 142 93 86,
682 470 202 93 rue
823 470 121 93 de
884 470 404 93 Rochechouar
1207 470 142 93 (9e).

306 543 323 70 1939
565 543 151 70 «Le
651 543 237 70 Moutier
823 543 129 70 »,
888 543 237 70 Orgerus
1060 543 323 70 (S.-et-O.),
1318 543 194 70 avant
1448 543 129 70 la
1491 543 172 70 pluie.

308 611 323 66 1940
566 611 151 66 «Le
652 611 237 66 Moutier
824 611 129 66 »,
888 611 237 66 Orgerus
1060 611 323 66 (S.-et-O.),
1318 611 194 66 après
1447 611 129 66 la
1490 611 172 66 pluie.

236 675 213 85 LEMOINE
390 675 174 85 (Mlle
506 675 232 85 Yvonne).
680 675 97 85 —
719 675 135 85 15,
796 675 309 85 boulevard
1048 675 367 85 d’Ormesson
1338 675 464 85 Enghien

279 742 234 67 (S.

309 786 268 84 1941
505 786 143 84 L’été.

310 847 284 78 1942
519 847 208 78 Peinture.

236 915 405 107 LEMPEREUR-HAUT,
577 915 107 107 —
619 915 128 107 2,
683 915 213 107 rue
833 915 128 107 du
897 915 299 107 Transvaal,
1131 915 192 107 Lille
1238 915 277 107 (Nord)

306 994 279 72 1943
511 994 149 72 Têtes.

305 1044 302 89 1944
547 1044 201 89 Christ
688 1044 121 89 en
728 1044 161 89 croix.

236 1121 285 100 LEMPÉRIÈRE
459 1121 305 100 (Emmanuel).
704 1121 102 100 —
744 1121 142 100 146
826 1121 163 100 bis,
928 1121 224 100 quai
1090 1121 427 100 Louis-Blériot
1436 1121 163 100 (16e),

306 1197 311 73 1945
555 1197 228 73 Coucher
721 1197 125 73 de
784 1197 208 73 soleil
929 1197 145 73 sur
1012 1197 228 73 l’étang
1178 1197 125 73 de
1220 1197 332 73 Ville

307 1259 304 84 1946
550 1259 121 84 La
610 1259 263 84 corbeille
813 1259 162 84 dans
914 1259 121 84 le
954 1259 142 84 parc.

233 1334 245 91 L’ENFANT
416 1334 265 91 (Marcel).
621 1334 102 91 —
661 1334 163 91 227,
764 1334 306 91 chaussée
1009 1334 327 91 Jules-César,
1274 1334 327 91 Franconville
1519 1334 286 91 (S.

305 1397 320 85 1947
561 1397 299 85 Marseille,
796 1397 214 85 entrée
946 1397 128 85 du
1010 1397 192 85 Vieux
1116 1397 150 85 Port.

306 1461 302 68 1948
547 1461 141 68 Ile
628 1461 121 68 de
668 1461 181 68 Bréhat.

306 1505 301 96 1949
547 1505 301 96 Concarneau,
788 1505 181 96 ville
888 1505 161 96 close.

307 1557 307 66 1950
552 1557 123 66 Le
593 1557 205 66 Conquet.

305 1589 313 77 1951
555 1589 313 77 Saint-Malo,
806 1589 271 77 morutiers
1014 1589 125 77 en
1056 1589 146 77 rade.

305 1663 295 84 1952
541 1663 275 84 Marseille,
758 1663 177 84 vieux
856 1663 138 84 port.

233 1732 273 79 LENNUYEUX
443 1732 273 79 (Pierre).
653 1732 105 79 —
695 1732 315 79 Combleux
925 1732 315 79 (Loiret)

308 1790 225 89 1952
488 1790 210 89 bis
639 1790 165 89 Peinture.

310 1868 225 64 1952
490 1868 210 64 ter
641 1868 165 64 Peinture.

230 1949 124 73 LE
292 1949 187 73 PETIT
417 1949 270 73 (Alfred).
624 1949 104 73 —
666 1949 228 73 Clos
832 1949 352 73 Pésouillette,
1122 1949 124 73 La
1184 1949 415 73 Frette-sur-Seine
1516 1949 290 73 (S.

283 1996 175 67 Tél.
410 1996 80 67 :
442 1996 96 67 48
490 1996 96 67 La
522 1996 207 67 Frette

304 2042 307 100 1953
549 2042 225 100 Paysage
713 2042 123 100 de
754 2042 369 100 l’Ile

301 2109 310 59 1954
550 2109 124 59 La
612 2109 207 59 Frette
756 2109 124 59 en
798 2109 124 59 été.

304 2148 314 72 1955
555 2148 125 72 La
618 2148 209 72 Frette
764 2148 125 72 en
806 2148 209 72 automne.

303 2207 312 53 1956
553 2207 125 53 La
616 2207 208 53 Frette
761 2207 125 53 au
803 2207 250 53 printemps.

303 2247 308 63 1957
550 2247 123 63 La
611 2247 246 63 carriole
796 2247 205 63 (Vexin
919 2247 246 63 français).

302 2294 322 88 1958
559 2294 129 88 La
624 2294 236 88 prairie
795 2294 258 88 normande
967 2294 279 88 (Calvados).

231 2370 117 103 LE
290 2370 176 103 PETIT
408 2370 196 103 (Luc).
545 2370 98 103 —
584 2370 117 103 4,
642 2370 196 103 rue
780 2370 313 103 Bardinet
1014 2370 157 103 (14e).

301 2457 320 87 1959
557 2457 235 87 Pêcheur
727 2457 128 87 de
770 2457 256 87 palourdes.

233 2548 108 94 LE
287 2548 143 94 PEUT
377 2548 197 94 (Jean).
520 2548 90 94 —
556 2548 143 94 119,
645 2548 179 94 av.
771 2548 287 94 Gambetta
1004 2548 179 94 (20e).
1130 2548 215 94 Atelier:
1291 2548 126 94 21,
1363 2548 108 94 r.
1417 2548 359 94 Pelleport
1703 2548 108 94 (2o1

300 2614 329 66 1960
564 2614 220 66 Pièces
717 2614 286 66 céramique
937 2614 242 66 montées
1113 2614 132 66 en
1179 2614 220 66 bijoux
1332 2614 132 66 ou
1376 2614 242 66 bibelots.

300 2670 314 86 1961
551 2670 209 86 Objets
698 2670 209 86 divers
844 2670 126 86 en
886 2670 251 86 céramique.
