1824 2928
651 206 191 78 —
727 206 229 78 93
804 206 115 78 —

18 298 156 102 HNET
116 298 254 102 (Octave).
311 298 98 102 —
350 298 137 102 67,
428 298 195 102 rue
565 298 117 102 de
623 298 390 102 Rochechouart
935 298 137 102 (9e).

71 374 281 67 2015
278 374 206 67 Peinture.

70 426 283 81 2016
278 426 207 81 Peinture.

18 500 204 121 HVADKA
160 500 326 121 (Geneviève).
425 500 102 121 —
465 500 142 121 16,
547 500 265 121 avenue
750 500 122 121 de
811 500 122 121 La
873 500 427 121 Motte-Picquet
1219 500 142 121 (7e).

70 582 315 64 2017
322 582 126 64 Un
385 582 168 64 coin
491 582 147 64 des
554 582 189 64 Landes.

71 637 295 85 2018
308 637 138 85 Les
367 637 177 85 adieux.

17 711 238 111 BOFFREDO
196 711 258 111 (Michel).
394 711 99 111 —
434 711 119 111 3,
493 711 198 111 rue
632 711 417 111 Vercingétorix
969 711 159 111 (14e).

64 800 417 70 2019
398 800 334 70 Portrait
649 800 167 70 de
732 800 362 70 l’auteur.
983 800 83 70 »

73 852 280 70 2020
279 852 187 70 Dahlias.

15 939 156 89 ÉOIR
113 939 117 89 DE
172 939 196 89 MONTÈS
309 939 274 89 (Lilette).
524 939 98 89 —
563 939 137 89 35,
641 939 196 89 rue
778 939 313 89 Jouffroy
1013 939 156 89 (17e).

72 1005 310 71 2021
320 1005 289 71 BBéatitude
548 1005 165 71 dans
651 1005 124 71 la
693 1005 227 71 pénombre.

73 1064 321 75 2022
329 1064 257 75 Portrait
522 1064 128 75 de
586 1064 150 75 Mme
650 1064 193 75 d’Y.

15 1142 261 112 ÉOLLIVIER
216 1142 241 112 (Henry).
396 1142 100 112 —
436 1142 141 112 50,
517 1142 201 112 rue
657 1142 141 112 des
738 1142 321 112 Lombards
978 1142 161 112 (1er).

74 1224 318 65 2023
328 1224 255 65 Portrait
519 1224 127 65 de
583 1224 191 65 jeune
710 1224 212 65 fille.
859 1224 106 65 —
901 1224 148 65 Pas
986 1224 106 65 à
1007 1224 191 65 vendre.

75 1281 276 66 2024
277 1281 166 66 Fleurs.

15 1366 224 87 ÉOMBARD
178 1366 224 87 (Jean).
341 1366 102 87 —
382 1366 122 87 6,
443 1366 265 87 avenue
647 1366 367 87 Paul-Appel
933 1366 163 87 (14e).

529 1444 348 68 EXPOSITION
778 1444 298 68 D’ENSEMBLE

76 1503 311 77 2025
325 1503 125 77 La
388 1503 166 77 dame
491 1503 125 77 en
533 1503 145 77 vert.

75 1555 317 59 2026
329 1555 212 59 Nature
477 1555 190 59 morte
604 1555 127 59 au
667 1555 190 59 tapis
773 1555 169 59 rouge.

75 1614 324 55 2027
334 1614 216 55 Nature
485 1614 194 55 morte
615 1614 151 55 aux
679 1614 216 55 oranges.

77 1663 317 56 2028
330 1663 211 56 Nature
478 1663 190 56 morte
605 1663 106 56 à
647 1663 127 56 la
690 1663 211 56 pendule.

77 1705 306 56 2029
321 1705 122 56 Le
382 1705 245 56 guéridon
545 1705 143 56 noir.

76 1745 338 61 2030
351 1745 233 61 Paysage
520 1745 127 61 au
583 1745 169 61 parc
668 1745 275 61 Montsouris.

77 1793 311 65 2031
326 1793 291 65 L’escalier
555 1793 125 65 du
617 1793 166 65 parc
700 1793 270 65 Montsouris.

79 1855 304 57 2032
322 1855 202 57 Nature
463 1855 182 57 morte
585 1855 101 57 à
625 1855 121 57 la
686 1855 263 57 cafetière
868 1855 162 57 grise.

80 1893 307 57 2033
325 1893 225 57 Paysage
489 1893 102 57 à
509 1893 348 57 Morainvilliers.

79 1945 293 61 2034
314 1945 117 61 La
372 1945 156 61 robe
450 1945 215 61 chinoise.

78 1997 293 52 2035
313 1997 117 52 La
352 1997 156 52 route.

78 2035 311 87 2036
327 2035 124 87 Le
389 2035 228 87 poisson
534 2035 145 87 fumé.

6 2096 202 116 RORJOU
147 2096 283 116 (Bernard).
370 2096 101 116 —
410 2096 142 116 19,
491 2096 202 116 rue
633 2096 121 116 du
693 2096 364 116 Mont-Cenis
976 2096 162 116 (18e).

55 2193 659 69 2037
583 2193 527 69 Paysage.
934 2193 132 69 »

79 2253 287 74 2038
309 2253 115 74 La
347 2253 153 74 place.

13 2340 205 95 ROSADA
156 2340 225 95 (Carmen
319 2340 164 95 de).
422 2340 102 95 —
463 2340 143 95 13,
544 2340 205 95 rue
687 2340 368 95 Washington
974 2340 143 95 (8e).

80 2414 313 63 2039
331 2414 125 63 La
393 2414 188 63 leçon
519 2414 125 63 de
560 2414 272 63 catéchisme.

79 2477 308 63 2040
326 2477 205 63 Nature
449 2477 164 63 morte.

16 2546 196 67 HOTTIS
154 2546 294 67 (Marguerite
389 2546 157 67 de).
487 2546 98 67 —
526 2546 137 67 41,
604 2546 196 67 rue
741 2546 549 67 Saint-André-des-Arts
1212 2546 137 67 (6e).

86 2613 274 73 2041
286 2613 201 73 Portrait.

86 2680 289 63 2042
298 2680 193 63 Paysage.
