1800 2940
590 169 188 97 —
666 169 263 97 113
778 169 113 97 —

18 265 350 86 FRET-LAVIALLE
307 265 206 86 (Mme).
451 265 103 86 —
492 265 144 86 39,
575 265 206 86 rue
719 265 144 86 des
801 265 309 86 Plantes
1028 265 165 86 (14e).

17 345 300 75 2519
257 345 220 75 Vieille
416 345 140 75 rue
476 345 260 75 provençale.

20 401 274 84 2520
221 401 164 84 Fleurs.

16 453 228 95 FRONNET
182 453 331 95 (Dominique).
451 453 103 95 —
492 453 145 95 14,
575 453 207 95 rue
720 453 145 95 des
803 453 310 95 Ormeaux
1030 453 166 95 (20e).

13 535 324 68 2521
273 535 130 68 La
337 535 324 68 déclaration
597 535 151 68 par
683 535 130 68 le
748 535 238 68 tambour
921 535 130 68 du
964 535 216 68 village.

17 599 316 73 2522
270 599 169 73 Bain
375 599 126 73 de
438 599 211 73 soleil
586 599 126 73 en
628 599 316 73 Méditerranée.

17 662 218 73 HLIPPON
176 662 278 73 (Suzanne).
394 662 99 73 —
434 662 139 73 17,
513 662 198 73 rue
652 662 139 73 des
732 662 536 73 Fossés-Saint-Marcel
1188 662 139 73 (5e).

16 729 281 65 2523
222 729 187 65 Réverie.

15 787 283 84 2524
223 787 170 84 Visage.

18 842 171 79 ALEAU
132 842 133 79 dit
208 842 133 79 PIB
284 842 209 79 (René).
435 842 95 79 —
473 842 133 79 15,
549 842 171 79 r.
663 842 114 79 de
720 842 247 79 l’Avenir,
909 842 398 79 Villeneuve-le-Roi
1232 842 322 79 (S.

14 920 314 72 2525
265 920 230 72 Paysage
433 920 126 72 du
475 920 167 72 Berry.

13 984 313 69 2526
263 984 229 69 Paysage
430 984 125 69 du
472 984 167 69 Berry.

8 1027 153 102 FARD
103 1027 268 102 (Charles).
314 1027 96 102 —
352 1027 134 102 30,
429 1027 191 102 rue
562 1027 325 102 Louis-Robert,
830 1027 229 102 Essonnes
983 1027 325 102 (S.

14 1104 301 80 2527
254 1104 200 80 Boules
395 1104 120 80 de
435 1104 160 80 neige.

15 1171 282 73 2528
222 1171 150 73 Roses.

14 1246 176 70 FARD
124 1246 132 70 DU
190 1246 242 70 CHAMBON
366 1246 242 70 (René).
542 1246 110 70 —
586 1246 154 70 12,
674 1246 220 70 rue
828 1246 132 70 du
894 1246 264 70 Montoir,
1092 1246 242 70 Clamart
1246 1246 308 70 (Seine)

13 1303 328 85 2529
276 1303 153 85 Aux
363 1303 219 85 hymnes
516 1303 131 85 de
582 1303 131 85 la
626 1303 153 85 nuit.

15 1374 157 79 HHOT
113 1374 157 79 (Mme
212 1374 216 79 Marie).
369 1374 98 79 —
408 1374 137 79 22,
486 1374 235 79 allée
663 1374 137 79 des
741 1374 216 79 Chènes,
898 1374 392 79 Plessis-Robinson
1212 1374 275 79 (Seine).

14 1442 300 92 2530
234 1442 240 92 L’automne.

18 1513 162 77 ETET.
126 1513 90 77 —
162 1513 144 77 171,
253 1513 180 77 rue
379 1513 379 77 Saint-Jacques
686 1513 126 77 (5e).

11 1584 324 67 2531
271 1584 130 67 La
335 1584 194 67 femme
465 1584 108 67 à
508 1584 130 67 la
551 1584 173 67 toque.

14 1640 286 86 2532
243 1640 191 86 Fleurs
357 1640 191 86 (huile).

14 1696 200 103 RRFREY
154 1696 320 103 (Madeleine).
414 1696 100 103 —
454 1696 140 103 67,
534 1696 260 103 avenue
733 1696 140 103 des
813 1696 440 103 Champs-Elysées
1173 1696 140 103 (8e).

13 1770 322 72 2533
270 1770 215 72 Charme
421 1770 172 72 1900
528 1770 279 72 (peinture
743 1770 150 72 sur
808 1770 193 72 verre).

14 1836 317 69 2534
267 1836 211 69 Charme
415 1836 169 69 1942
521 1836 274 69 (peinture
732 1836 148 69 sur
795 1836 190 69 verre).

5 1887 136 84 NET
82 1887 273 84 (Maurice).
297 1887 97 84 —
336 1887 117 84 7,
394 1887 195 84 rue
530 1887 117 84 de
589 1887 117 84 la
647 1887 467 84 Grande-Chaumière
1037 1887 136 84 (6e).

16 1957 284 73 2535
224 1957 208 73 Peinture.

14 2016 286 72 2536
224 2016 210 72 Peinture.

8 2071 143 87 SNOT
98 2071 143 87 (Mme
187 2071 179 87 Anne).
312 2071 90 87 —
348 2071 340 87 Pavillon
635 2071 107 87 6,
688 2071 143 87 242,
778 2071 286 87 boulevard
1011 2071 269 87 Raspail
1208 2071 125 87 (6e).

17 2138 283 77 2537
225 2138 207 77 Peinture.

16 2200 285 71 2538
225 2200 209 71 Peinture.

6 2256 139 72 LAT
86 2256 258 72 (Edmond).
284 2256 99 72 —
324 2256 139 72 30,
404 2256 199 72 rue
543 2256 119 72 de
602 2256 258 72 l’Eglise,
801 2256 417 72 Neuilly-sur-Seine
1159 2256 318 72 (Seine)
1397 2256 159 72 Tempo-

6 2325 246 55 Birement:
195 2325 189 55 Les
328 2325 398 55 Agets-Saint-Brice
650 2325 303 55 (Mayenne).

13 2381 361 68 2539
302 2381 168 68 Les
398 2381 265 68 saintes
590 2381 240 68 femmes
758 2381 265 68 suivent
951 2381 144 68 le
1023 2381 240 68 Christ
1191 2381 120 68 à
1239 2381 144 68 la
1312 2381 240 68 montée
1456 2381 96 68 du

283 2421 275 70 Calvaire
489 2421 297 70 (esquisse
718 2421 183 70 pour
832 2421 275 70 peinture
1015 2421 229 70 murale).

16 2475 328 66 2540
279 2475 131 66 La
344 2475 219 66 Vaisge
498 2475 109 66 à
541 2475 241 66 Boissey
694 2475 263 66 (Mayenne).

14 2541 162 69 LODS
115 2541 264 69 (Robert).
318 2541 102 69 —
359 2541 142 69 91,
440 2541 203 69 rue
582 2541 142 69 des
664 2541 223 69 Usines,
826 2541 325 69 Hérimoncourt
1070 2541 284 69 (Doubs).

18 2601 306 69 2541
263 2601 286 69 Grisaille.
487 2601 102 69 —
528 2601 143 69 Pas
610 2601 102 69 à
630 2601 184 69 vendre.

17 2663 310 82 2542
265 2663 165 82 Sous
368 2663 124 82 la
410 2663 165 82 lampe.
