<alto xmlns:xsi="http://www.w3.org/2001/XMLSchema-instance" xmlns="http://www.loc.gov/standards/alto/ns-v2#" xmlns:page="http://schema.primaresearch.org/PAGE/gts/pagecontent/2013-07-15" xsi:schemaLocation="http://www.loc.gov/standards/alto/ns-v2# http://www.loc.gov/standards/alto/alto.xsd">
  <Description>
    <MeasurementUnit>pixel</MeasurementUnit>
    <sourceImageInformation>
         <fileName>Manuel_de_Synonymie_Latine-0030.xml</fileName>
      </sourceImageInformation>
    <OCRProcessing ID="IdOcr">
      <ocrProcessingStep>
        <processingDateTime>2020-05-13T10:42:09.378+02:00</processingDateTime>
        <processingSoftware>
               <softwareCreator>CONTRIBUTORS</softwareCreator>
               <softwareName>pdfalto</softwareName>
               <softwareVersion>0.1</softwareVersion>
            </processingSoftware>
      </ocrProcessingStep>
    </OCRProcessing>
  </Description>
  <Styles>
     <TextStyle ID="FONT0" FONTFAMILY="unknown" FONTSIZE="unknown" FONTTYPE="unknown" FONTWIDTH="unknown" FONTCOLOR="unknown" FONTSTYLE=""/>
     <TextStyle ID="FONT1" FONTFAMILY="unknown" FONTSIZE="unknown" FONTTYPE="unknown" FONTWIDTH="unknown" FONTCOLOR="unknown" FONTSTYLE="bold"/>
     <TextStyle ID="FONT2" FONTFAMILY="unknown" FONTSIZE="unknown" FONTTYPE="unknown" FONTWIDTH="unknown" FONTCOLOR="unknown" FONTSTYLE="italics"/>
</Styles>
  <Tags/>
  <Layout>
    <Page ID="Page1" PHYSICAL_IMG_NR="1" HEIGHT="1397.1968503937007" WIDTH="839.0551181102362">
      <PrintSpace HEIGHT="1276.724409448819" WIDTH="713.1968503937007" VPOS="96.37795275590551" HPOS="66.89763779527559">
        <TextBlock ID="r_1_1" HEIGHT="20.409448818897637" WIDTH="28.346456692913385" VPOS="101.48031496062993" HPOS="72.0">
          <TextLine ID="tl_1" BASELINE="429" HEIGHT="19.84251968503937" WIDTH="27.77952755905512" VPOS="101.76377952755905" HPOS="72.28346456692914">
            <String HEIGHT="19.84251968503937" WIDTH="55.55905511811024" VPOS="101.76377952755905" HPOS="44.503937007874015" CONTENT="30" ID="tl_1_1" STYLEREFS="FONT0"/>
          </TextLine>
        </TextBlock>
        <TextBlock ID="r_2_1" HEIGHT="17.5748031496063" WIDTH="85.60629921259843" VPOS="105.44881889763779" HPOS="374.74015748031496">
          <TextLine ID="tl_2" BASELINE="433" HEIGHT="17.007874015748033" WIDTH="85.03937007874016" VPOS="105.73228346456693" HPOS="375.0236220472441">
            <String HEIGHT="17.007874015748033" WIDTH="113.38582677165354" VPOS="105.73228346456693" HPOS="346.6771653543307" CONTENT="MANUEL" ID="tl_2_1" STYLEREFS="FONT0"/>
          </TextLine>
        </TextBlock>
        <TextBlock ID="r_3_1" HEIGHT="795.4015748031496" WIDTH="702.992125984252" VPOS="147.4015748031496" HPOS="71.43307086614173">
          <TextLine ID="tl_3" BASELINE="629" HEIGHT="30.614173228346456" WIDTH="699.0236220472441" VPOS="147.68503937007873" HPOS="71.71653543307086">
            <String HEIGHT="30.614173228346456" WIDTH="114.51968503937007" VPOS="147.68503937007873" HPOS="60.37795275590551" CONTENT="choses" ID="tl_3_1" STYLEREFS="FONT0"/>
            <SP HEIGHT="30.614173228346456" WIDTH="11.338582677165354" VPOS="147.68503937007873" HPOS="174.89763779527559"/>
            <String HEIGHT="30.614173228346456" WIDTH="160.44094488188978" VPOS="147.68503937007873" HPOS="140.5984251968504" CONTENT="agréables," ID="tl_3_2" STYLEREFS="FONT0"/>
            <SP HEIGHT="30.614173228346456" WIDTH="11.338582677165354" VPOS="147.68503937007873" HPOS="301.03937007874015"/>
            <String HEIGHT="30.614173228346456" WIDTH="103.18110236220473" VPOS="147.68503937007873" HPOS="266.45669291338584" CONTENT="comme" ID="tl_3_3" STYLEREFS="FONT0"/>
            <SP HEIGHT="30.614173228346456" WIDTH="11.338582677165354" VPOS="147.68503937007873" HPOS="369.6377952755906"/>
            <String HEIGHT="30.614173228346456" WIDTH="171.7795275590551" VPOS="147.68503937007873" HPOS="335.33858267716533" CONTENT="ἀρεσκεύειν;" ID="tl_3_4" STYLEREFS="FONT0"/>
            <SP HEIGHT="30.614173228346456" WIDTH="11.338582677165354" VPOS="147.68503937007873" HPOS="507.11811023622045"/>
            <String HEIGHT="30.614173228346456" WIDTH="217.70078740157481" VPOS="147.68503937007873" HPOS="472.81889763779526" CONTENT="adulari," ID="tl_3_5" STYLEREFS="FONT2"/>
            <SP HEIGHT="30.614173228346456" WIDTH="11.338582677165354" VPOS="147.68503937007873" HPOS="690.5196850393701"/>
            <String HEIGHT="30.614173228346456" WIDTH="103.18110236220473" VPOS="147.68503937007873" HPOS="656.2204724409448" CONTENT="celle" ID="tl_3_6" STYLEREFS="FONT0"/>
            <SP HEIGHT="30.614173228346456" WIDTH="11.338582677165354" VPOS="147.68503937007873" HPOS="759.4015748031496"/>
            <String HEIGHT="30.614173228346456" WIDTH="57.25984251968504" VPOS="147.68503937007873" HPOS="713.4803149606299" CONTENT="qui" ID="tl_3_7" STYLEREFS="FONT0"/>
          </TextLine>
          <TextLine ID="tl_4" BASELINE="745" HEIGHT="28.346456692913385" WIDTH="698.4566929133858" VPOS="182.83464566929135" HPOS="72.28346456692914">
            <String HEIGHT="28.346456692913385" WIDTH="137.1968503937008" VPOS="182.83464566929135" HPOS="59.811023622047244" CONTENT="cherche" ID="tl_4_1" STYLEREFS="FONT0"/>
            <SP HEIGHT="28.346456692913385" WIDTH="12.472440944881889" VPOS="182.83464566929135" HPOS="197.00787401574803"/>
            <String HEIGHT="28.346456692913385" WIDTH="62.36220472440945" VPOS="182.83464566929135" HPOS="159.59055118110237" CONTENT="à" ID="tl_4_2" STYLEREFS="FONT0"/>
            <SP HEIGHT="28.346456692913385" WIDTH="12.472440944881889" VPOS="182.83464566929135" HPOS="221.95275590551182"/>
            <String HEIGHT="28.346456692913385" WIDTH="124.7244094488189" VPOS="182.83464566929135" HPOS="184.53543307086613" CONTENT="plaire" ID="tl_4_3" STYLEREFS="FONT0"/>
            <SP HEIGHT="28.346456692913385" WIDTH="12.472440944881889" VPOS="182.83464566929135" HPOS="309.25984251968504"/>
            <String HEIGHT="28.346456692913385" WIDTH="74.83464566929133" VPOS="182.83464566929135" HPOS="271.84251968503935" CONTENT="en" ID="tl_4_4" STYLEREFS="FONT0"/>
            <SP HEIGHT="28.346456692913385" WIDTH="12.472440944881889" VPOS="182.83464566929135" HPOS="346.6771653543307"/>
            <String HEIGHT="28.346456692913385" WIDTH="199.55905511811022" VPOS="182.83464566929135" HPOS="309.25984251968504" CONTENT="s'abaissant," ID="tl_4_5" STYLEREFS="FONT0"/>
            <SP HEIGHT="28.346456692913385" WIDTH="12.472440944881889" VPOS="182.83464566929135" HPOS="508.81889763779526"/>
            <String HEIGHT="28.346456692913385" WIDTH="112.25196850393701" VPOS="182.83464566929135" HPOS="471.40157480314963" CONTENT="comme" ID="tl_4_6" STYLEREFS="FONT0"/>
            <SP HEIGHT="28.346456692913385" WIDTH="12.472440944881889" VPOS="182.83464566929135" HPOS="583.6535433070866"/>
            <String HEIGHT="28.346456692913385" WIDTH="187.08661417322836" VPOS="182.83464566929135" HPOS="546.2362204724409" CONTENT="κολακεύειν." ID="tl_4_7" STYLEREFS="FONT0"/>
            <SP HEIGHT="28.346456692913385" WIDTH="12.472440944881889" VPOS="182.83464566929135" HPOS="733.3228346456693"/>
            <String HEIGHT="28.346456692913385" WIDTH="87.30708661417323" VPOS="182.83464566929135" HPOS="683.4330708661417" CONTENT="Entre" ID="tl_4_8" STYLEREFS="FONT0"/>
          </TextLine>
          <TextLine ID="tl_5" BASELINE="861" HEIGHT="26.64566929133858" WIDTH="699.5905511811023" VPOS="217.41732283464566" HPOS="72.85039370078741">
            <String HEIGHT="26.64566929133858" WIDTH="146.26771653543307" VPOS="217.41732283464566" HPOS="62.36220472440945" CONTENT="flatteurs," ID="tl_5_1" STYLEREFS="FONT0"/>
            <SP HEIGHT="26.64566929133858" WIDTH="10.488188976377952" VPOS="217.41732283464566" HPOS="208.62992125984252"/>
            <String HEIGHT="26.64566929133858" WIDTH="229.60629921259843" VPOS="217.41732283464566" HPOS="177.16535433070865" CONTENT="l'assentans" ID="tl_5_2" STYLEREFS="FONT2"/>
            <SP HEIGHT="26.64566929133858" WIDTH="10.488188976377952" VPOS="217.41732283464566" HPOS="407.0551181102362"/>
            <String HEIGHT="26.64566929133858" WIDTH="135.7795275590551" VPOS="217.41732283464566" HPOS="375.59055118110234" CONTENT="recherche" ID="tl_5_3" STYLEREFS="FONT0"/>
            <SP HEIGHT="26.64566929133858" WIDTH="10.488188976377952" VPOS="217.41732283464566" HPOS="511.37007874015745"/>
            <String HEIGHT="26.64566929133858" WIDTH="62.645669291338585" VPOS="217.41732283464566" HPOS="480.18897637795277" CONTENT="la" ID="tl_5_4" STYLEREFS="FONT0"/>
            <SP HEIGHT="26.64566929133858" WIDTH="10.488188976377952" VPOS="217.41732283464566" HPOS="542.8346456692914"/>
            <String HEIGHT="26.64566929133858" WIDTH="104.31496062992126" VPOS="217.41732283464566" HPOS="511.37007874015745" CONTENT="faveur" ID="tl_5_5" STYLEREFS="FONT0"/>
            <SP HEIGHT="26.64566929133858" WIDTH="10.488188976377952" VPOS="217.41732283464566" HPOS="615.6850393700787"/>
            <String HEIGHT="26.64566929133858" WIDTH="125.29133858267717" VPOS="217.41732283464566" HPOS="584.503937007874" CONTENT="d’autrui" ID="tl_5_6" STYLEREFS="FONT0"/>
            <SP HEIGHT="26.64566929133858" WIDTH="10.488188976377952" VPOS="217.41732283464566" HPOS="709.7952755905512"/>
            <String HEIGHT="26.64566929133858" WIDTH="62.645669291338585" VPOS="217.41732283464566" HPOS="678.3307086614174" CONTENT="en" ID="tl_5_7" STYLEREFS="FONT0"/>
            <SP HEIGHT="26.64566929133858" WIDTH="10.488188976377952" VPOS="217.41732283464566" HPOS="740.9763779527559"/>
            <String HEIGHT="26.64566929133858" WIDTH="73.13385826771653" VPOS="217.41732283464566" HPOS="699.3070866141733" CONTENT="rési" SUBS_TYPE="HypPart1" SUBS_CONTENT="résignant" ID="tl_5_8" STYLEREFS="FONT0"/>
            <HYP CONTENT="-"/>
          </TextLine>
          <TextLine ID="tl_6" BASELINE="991" HEIGHT="28.913385826771652" WIDTH="698.4566929133858" VPOS="252.0" HPOS="71.71653543307086">
            <String HEIGHT="28.913385826771652" WIDTH="95.24409448818898" VPOS="252.0" HPOS="61.22834645669291" CONTENT="gnant" SUBS_TYPE="HypPart2" SUBS_CONTENT="résignant" ID="tl_6_1" STYLEREFS="FONT0"/>
            <SP HEIGHT="28.913385826771652" WIDTH="10.488188976377952" VPOS="252.0" HPOS="156.4724409448819"/>
            <String HEIGHT="28.913385826771652" WIDTH="73.98425196850394" VPOS="252.0" HPOS="124.7244094488189" CONTENT="son" ID="tl_6_2" STYLEREFS="FONT0"/>
            <SP HEIGHT="28.913385826771652" WIDTH="10.488188976377952" VPOS="252.0" HPOS="198.70866141732284"/>
            <String HEIGHT="28.913385826771652" WIDTH="95.24409448818898" VPOS="252.0" HPOS="166.96062992125985" CONTENT="droit" ID="tl_6_3" STYLEREFS="FONT0"/>
            <SP HEIGHT="28.913385826771652" WIDTH="10.488188976377952" VPOS="252.0" HPOS="262.20472440944883"/>
            <String HEIGHT="28.913385826771652" WIDTH="53.00787401574803" VPOS="252.0" HPOS="230.45669291338584" CONTENT="à" ID="tl_6_4" STYLEREFS="FONT0"/>
            <SP HEIGHT="28.913385826771652" WIDTH="10.488188976377952" VPOS="252.0" HPOS="283.46456692913387"/>
            <String HEIGHT="28.913385826771652" WIDTH="95.24409448818898" VPOS="252.0" HPOS="251.71653543307087" CONTENT="toute" ID="tl_6_5" STYLEREFS="FONT0"/>
            <SP HEIGHT="28.913385826771652" WIDTH="10.488188976377952" VPOS="252.0" HPOS="346.96062992125985"/>
            <String HEIGHT="28.913385826771652" WIDTH="116.50393700787401" VPOS="252.0" HPOS="315.21259842519686" CONTENT="opinion" ID="tl_6_6" STYLEREFS="FONT0"/>
            <SP HEIGHT="28.913385826771652" WIDTH="10.488188976377952" VPOS="252.0" HPOS="431.43307086614175"/>
            <String HEIGHT="28.913385826771652" WIDTH="180.0" VPOS="252.0" HPOS="399.68503937007875" CONTENT="indépendante;" ID="tl_6_7" STYLEREFS="FONT0"/>
            <SP HEIGHT="28.913385826771652" WIDTH="10.488188976377952" VPOS="252.0" HPOS="579.6850393700787"/>
            <String HEIGHT="28.913385826771652" WIDTH="63.496062992125985" VPOS="252.0" HPOS="547.9370078740158" CONTENT="le" ID="tl_6_8" STYLEREFS="FONT0"/>
            <SP HEIGHT="28.913385826771652" WIDTH="10.488188976377952" VPOS="252.0" HPOS="611.4330708661417"/>
            <String HEIGHT="28.913385826771652" WIDTH="200.9763779527559" VPOS="252.0" HPOS="569.1968503937007" CONTENT="blandiens," ID="tl_6_9" STYLEREFS="FONT2"/>
          </TextLine>
          <TextLine ID="tl_7" BASELINE="1113" HEIGHT="28.346456692913385" WIDTH="696.7559055118111" VPOS="287.1496062992126" HPOS="72.28346456692914">
            <String HEIGHT="28.346456692913385" WIDTH="84.18897637795276" VPOS="287.1496062992126" HPOS="60.37795275590551" CONTENT="par" ID="tl_7_1" STYLEREFS="FONT0"/>
            <SP HEIGHT="28.346456692913385" WIDTH="11.905511811023622" VPOS="287.1496062992126" HPOS="144.28346456692913"/>
            <String HEIGHT="28.346456692913385" WIDTH="84.18897637795276" VPOS="287.1496062992126" HPOS="108.28346456692914" CONTENT="des" ID="tl_7_2" STYLEREFS="FONT0"/>
            <SP HEIGHT="28.346456692913385" WIDTH="11.905511811023622" VPOS="287.1496062992126" HPOS="192.4724409448819"/>
            <String HEIGHT="28.346456692913385" WIDTH="204.09448818897638" VPOS="287.1496062992126" HPOS="156.4724409448819" CONTENT="complaisances" ID="tl_7_3" STYLEREFS="FONT0"/>
            <SP HEIGHT="28.346456692913385" WIDTH="11.905511811023622" VPOS="287.1496062992126" HPOS="360.56692913385825"/>
            <String HEIGHT="28.346456692913385" WIDTH="72.0" VPOS="287.1496062992126" HPOS="324.56692913385825" CONTENT="et" ID="tl_7_4" STYLEREFS="FONT0"/>
            <SP HEIGHT="28.346456692913385" WIDTH="11.905511811023622" VPOS="287.1496062992126" HPOS="396.56692913385825"/>
            <String HEIGHT="28.346456692913385" WIDTH="84.18897637795276" VPOS="287.1496062992126" HPOS="360.56692913385825" CONTENT="des" ID="tl_7_5" STYLEREFS="FONT0"/>
            <SP HEIGHT="28.346456692913385" WIDTH="11.905511811023622" VPOS="287.1496062992126" HPOS="444.755905511811"/>
            <String HEIGHT="28.346456692913385" WIDTH="132.09448818897638" VPOS="287.1496062992126" HPOS="408.755905511811" CONTENT="marques" ID="tl_7_6" STYLEREFS="FONT0"/>
            <SP HEIGHT="28.346456692913385" WIDTH="11.905511811023622" VPOS="287.1496062992126" HPOS="540.8503937007874"/>
            <String HEIGHT="28.346456692913385" WIDTH="144.28346456692913" VPOS="287.1496062992126" HPOS="504.8503937007874" CONTENT="visibles" ID="tl_7_7" STYLEREFS="FONT0"/>
            <SP HEIGHT="28.346456692913385" WIDTH="11.905511811023622" VPOS="287.1496062992126" HPOS="648.8503937007874"/>
            <String HEIGHT="28.346456692913385" WIDTH="168.09448818897638" VPOS="287.1496062992126" HPOS="600.9448818897638" CONTENT="d'affection;" ID="tl_7_8" STYLEREFS="FONT0"/>
          </TextLine>
          <TextLine ID="tl_8" BASELINE="1241" HEIGHT="30.04724409448819" WIDTH="699.5905511811023" VPOS="321.73228346456693" HPOS="72.85039370078741">
            <String HEIGHT="30.04724409448819" WIDTH="233.29133858267716" VPOS="321.73228346456693" HPOS="61.79527559055118" CONTENT="l'adulans," ID="tl_8_1" STYLEREFS="FONT2"/>
            <SP HEIGHT="30.04724409448819" WIDTH="11.05511811023622" VPOS="321.73228346456693" HPOS="294.8031496062992"/>
            <String HEIGHT="30.04724409448819" WIDTH="66.61417322834646" VPOS="321.73228346456693" HPOS="261.6377952755906" CONTENT="en" ID="tl_8_2" STYLEREFS="FONT0"/>
            <SP HEIGHT="30.04724409448819" WIDTH="11.05511811023622" VPOS="321.73228346456693" HPOS="328.251968503937"/>
            <String HEIGHT="30.04724409448819" WIDTH="166.6771653543307" VPOS="321.73228346456693" HPOS="294.8031496062992" CONTENT="s’abaissant" ID="tl_8_3" STYLEREFS="FONT0"/>
            <SP HEIGHT="30.04724409448819" WIDTH="11.05511811023622" VPOS="321.73228346456693" HPOS="461.4803149606299"/>
            <String HEIGHT="30.04724409448819" WIDTH="66.61417322834646" VPOS="321.73228346456693" HPOS="428.31496062992125" CONTENT="et" ID="tl_8_4" STYLEREFS="FONT0"/>
            <SP HEIGHT="30.04724409448819" WIDTH="11.05511811023622" VPOS="321.73228346456693" HPOS="494.92913385826773"/>
            <String HEIGHT="30.04724409448819" WIDTH="66.61417322834646" VPOS="321.73228346456693" HPOS="461.4803149606299" CONTENT="en" ID="tl_8_5" STYLEREFS="FONT0"/>
            <SP HEIGHT="30.04724409448819" WIDTH="11.05511811023622" VPOS="321.73228346456693" HPOS="528.0944881889764"/>
            <String HEIGHT="30.04724409448819" WIDTH="122.1732283464567" VPOS="321.73228346456693" HPOS="494.92913385826773" CONTENT="donnant" ID="tl_8_6" STYLEREFS="FONT0"/>
            <SP HEIGHT="30.04724409448819" WIDTH="11.05511811023622" VPOS="321.73228346456693" HPOS="617.1023622047244"/>
            <String HEIGHT="30.04724409448819" WIDTH="77.66929133858268" VPOS="321.73228346456693" HPOS="583.6535433070866" CONTENT="des" ID="tl_8_7" STYLEREFS="FONT0"/>
            <SP HEIGHT="30.04724409448819" WIDTH="11.05511811023622" VPOS="321.73228346456693" HPOS="661.3228346456693"/>
            <String HEIGHT="30.04724409448819" WIDTH="122.1732283464567" VPOS="321.73228346456693" HPOS="628.1574803149606" CONTENT="marques" ID="tl_8_8" STYLEREFS="FONT0"/>
            <SP HEIGHT="30.04724409448819" WIDTH="11.05511811023622" VPOS="321.73228346456693" HPOS="750.3307086614174"/>
            <String HEIGHT="30.04724409448819" WIDTH="66.61417322834646" VPOS="321.73228346456693" HPOS="705.8267716535433" CONTENT="d’un" ID="tl_8_9" STYLEREFS="FONT0"/>
          </TextLine>
          <TextLine ID="tl_9" BASELINE="1361" HEIGHT="29.480314960629922" WIDTH="699.5905511811023" VPOS="356.31496062992125" HPOS="71.71653543307086">
            <String HEIGHT="29.480314960629922" WIDTH="113.10236220472441" VPOS="356.31496062992125" HPOS="61.511811023622045" CONTENT="indigne" ID="tl_9_1" STYLEREFS="FONT0"/>
            <SP HEIGHT="29.480314960629922" WIDTH="10.204724409448819" VPOS="356.31496062992125" HPOS="174.61417322834646"/>
            <String HEIGHT="29.480314960629922" WIDTH="123.59055118110236" VPOS="356.31496062992125" HPOS="143.71653543307087" CONTENT="respect." ID="tl_9_2" STYLEREFS="FONT0"/>
            <SP HEIGHT="29.480314960629922" WIDTH="10.204724409448819" VPOS="356.31496062992125" HPOS="267.3070866141732"/>
            <String HEIGHT="29.480314960629922" WIDTH="246.89763779527559" VPOS="356.31496062992125" HPOS="236.40944881889763" CONTENT="L'assentatio," ID="tl_9_3" STYLEREFS="FONT2"/>
            <SP HEIGHT="29.480314960629922" WIDTH="10.204724409448819" VPOS="356.31496062992125" HPOS="483.3070866141732"/>
            <String HEIGHT="29.480314960629922" WIDTH="61.79527559055118" VPOS="356.31496062992125" HPOS="452.40944881889766" CONTENT="ou" ID="tl_9_4" STYLEREFS="FONT0"/>
            <SP HEIGHT="29.480314960629922" WIDTH="10.204724409448819" VPOS="356.31496062992125" HPOS="514.2047244094488"/>
            <String HEIGHT="29.480314960629922" WIDTH="92.69291338582677" VPOS="356.31496062992125" HPOS="483.3070866141732" CONTENT="l’art" ID="tl_9_5" STYLEREFS="FONT0"/>
            <SP HEIGHT="29.480314960629922" WIDTH="10.204724409448819" VPOS="356.31496062992125" HPOS="575.7165354330708"/>
            <String HEIGHT="29.480314960629922" WIDTH="61.79527559055118" VPOS="356.31496062992125" HPOS="545.1023622047244" CONTENT="de" ID="tl_9_6" STYLEREFS="FONT0"/>
            <SP HEIGHT="29.480314960629922" WIDTH="10.204724409448819" VPOS="356.31496062992125" HPOS="606.6141732283464"/>
            <String HEIGHT="29.480314960629922" WIDTH="92.69291338582677" VPOS="356.31496062992125" HPOS="575.7165354330708" CONTENT="celui" ID="tl_9_7" STYLEREFS="FONT0"/>
            <SP HEIGHT="29.480314960629922" WIDTH="10.204724409448819" VPOS="356.31496062992125" HPOS="668.4094488188977"/>
            <String HEIGHT="29.480314960629922" WIDTH="72.0" VPOS="356.31496062992125" HPOS="637.511811023622" CONTENT="qui" ID="tl_9_8" STYLEREFS="FONT0"/>
            <SP HEIGHT="29.480314960629922" WIDTH="10.204724409448819" VPOS="356.31496062992125" HPOS="709.511811023622"/>
            <String HEIGHT="29.480314960629922" WIDTH="72.0" VPOS="356.31496062992125" HPOS="678.6141732283464" CONTENT="dit" ID="tl_9_9" STYLEREFS="FONT0"/>
            <SP HEIGHT="29.480314960629922" WIDTH="10.204724409448819" VPOS="356.31496062992125" HPOS="750.6141732283464"/>
            <String HEIGHT="29.480314960629922" WIDTH="61.79527559055118" VPOS="356.31496062992125" HPOS="709.511811023622" CONTENT="tou" SUBS_TYPE="HypPart1" SUBS_CONTENT="toujours" ID="tl_9_10" STYLEREFS="FONT0"/>
            <HYP CONTENT="-"/>
          </TextLine>
          <TextLine ID="tl_10" BASELINE="1483" HEIGHT="28.913385826771652" WIDTH="702.4251968503937" VPOS="391.46456692913387" HPOS="71.71653543307086">
            <String HEIGHT="28.913385826771652" WIDTH="97.22834645669292" VPOS="391.46456692913387" HPOS="60.94488188976378" CONTENT="jours" SUBS_TYPE="HypPart2" SUBS_CONTENT="toujours" ID="tl_10_1" STYLEREFS="FONT0"/>
            <SP HEIGHT="28.913385826771652" WIDTH="10.771653543307087" VPOS="391.46456692913387" HPOS="158.17322834645668"/>
            <String HEIGHT="28.913385826771652" WIDTH="86.45669291338582" VPOS="391.46456692913387" HPOS="125.85826771653544" CONTENT="oui," ID="tl_10_2" STYLEREFS="FONT0"/>
            <SP HEIGHT="28.913385826771652" WIDTH="10.771653543307087" VPOS="391.46456692913387" HPOS="212.31496062992127"/>
            <String HEIGHT="28.913385826771652" WIDTH="118.77165354330708" VPOS="391.46456692913387" HPOS="179.71653543307087" CONTENT="procède" ID="tl_10_3" STYLEREFS="FONT0"/>
            <SP HEIGHT="28.913385826771652" WIDTH="10.771653543307087" VPOS="391.46456692913387" HPOS="298.7716535433071"/>
            <String HEIGHT="28.913385826771652" WIDTH="64.91338582677166" VPOS="391.46456692913387" HPOS="266.1732283464567" CONTENT="de" ID="tl_10_4" STYLEREFS="FONT0"/>
            <SP HEIGHT="28.913385826771652" WIDTH="10.771653543307087" VPOS="391.46456692913387" HPOS="331.0866141732283"/>
            <String HEIGHT="28.913385826771652" WIDTH="118.77165354330708" VPOS="391.46456692913387" HPOS="298.7716535433071" CONTENT="lâcheté" ID="tl_10_5" STYLEREFS="FONT0"/>
            <SP HEIGHT="28.913385826771652" WIDTH="10.771653543307087" VPOS="391.46456692913387" HPOS="417.54330708661416"/>
            <String HEIGHT="28.913385826771652" WIDTH="64.91338582677166" VPOS="391.46456692913387" HPOS="385.2283464566929" CONTENT="ou" ID="tl_10_6" STYLEREFS="FONT0"/>
            <SP HEIGHT="28.913385826771652" WIDTH="10.771653543307087" VPOS="391.46456692913387" HPOS="449.8582677165354"/>
            <String HEIGHT="28.913385826771652" WIDTH="64.91338582677166" VPOS="391.46456692913387" HPOS="417.54330708661416" CONTENT="de" ID="tl_10_7" STYLEREFS="FONT0"/>
            <SP HEIGHT="28.913385826771652" WIDTH="10.771653543307087" VPOS="391.46456692913387" HPOS="482.45669291338584"/>
            <String HEIGHT="28.913385826771652" WIDTH="129.54330708661416" VPOS="391.46456692913387" HPOS="449.8582677165354" CONTENT="sottise;" ID="tl_10_8" STYLEREFS="FONT0"/>
            <SP HEIGHT="28.913385826771652" WIDTH="10.771653543307087" VPOS="391.46456692913387" HPOS="579.6850393700787"/>
            <String HEIGHT="28.913385826771652" WIDTH="75.68503937007874" VPOS="391.46456692913387" HPOS="547.0866141732283" CONTENT="les" ID="tl_10_9" STYLEREFS="FONT0"/>
            <SP HEIGHT="28.913385826771652" WIDTH="10.771653543307087" VPOS="391.46456692913387" HPOS="622.7716535433071"/>
            <String HEIGHT="28.913385826771652" WIDTH="194.45669291338584" VPOS="391.46456692913387" HPOS="579.6850393700787" CONTENT="blanditiæ" ID="tl_10_10" STYLEREFS="FONT2"/>
          </TextLine>
          <TextLine ID="tl_11" BASELINE="1607" HEIGHT="28.913385826771652" WIDTH="699.0236220472441" VPOS="426.61417322834643" HPOS="73.98425196850394">
            <String HEIGHT="28.913385826771652" WIDTH="73.7007874015748" VPOS="426.61417322834643" HPOS="61.79527559055118" CONTENT="ou" ID="tl_11_1" STYLEREFS="FONT0"/>
            <SP HEIGHT="28.913385826771652" WIDTH="12.188976377952756" VPOS="426.61417322834643" HPOS="135.21259842519686"/>
            <String HEIGHT="28.913385826771652" WIDTH="171.7795275590551" VPOS="426.61417322834643" HPOS="98.64566929133858" CONTENT="cajoleries" ID="tl_11_2" STYLEREFS="FONT0"/>
            <SP HEIGHT="28.913385826771652" WIDTH="12.188976377952756" VPOS="426.61417322834643" HPOS="270.1417322834646"/>
            <String HEIGHT="28.913385826771652" WIDTH="159.30708661417322" VPOS="426.61417322834643" HPOS="233.29133858267716" CONTENT="procèdent" ID="tl_11_3" STYLEREFS="FONT0"/>
            <SP HEIGHT="28.913385826771652" WIDTH="12.188976377952756" VPOS="426.61417322834643" HPOS="392.88188976377955"/>
            <String HEIGHT="28.913385826771652" WIDTH="110.26771653543307" VPOS="426.61417322834643" HPOS="356.0314960629921" CONTENT="avant" ID="tl_11_4" STYLEREFS="FONT0"/>
            <SP HEIGHT="28.913385826771652" WIDTH="12.188976377952756" VPOS="426.61417322834643" HPOS="466.2992125984252"/>
            <String HEIGHT="28.913385826771652" WIDTH="98.07874015748031" VPOS="426.61417322834643" HPOS="429.73228346456693" CONTENT="tout" ID="tl_11_5" STYLEREFS="FONT0"/>
            <SP HEIGHT="28.913385826771652" WIDTH="12.188976377952756" VPOS="426.61417322834643" HPOS="527.8110236220473"/>
            <String HEIGHT="28.913385826771652" WIDTH="73.7007874015748" VPOS="426.61417322834643" HPOS="490.96062992125985" CONTENT="de" ID="tl_11_6" STYLEREFS="FONT0"/>
            <SP HEIGHT="28.913385826771652" WIDTH="12.188976377952756" VPOS="426.61417322834643" HPOS="564.6614173228346"/>
            <String HEIGHT="28.913385826771652" WIDTH="134.9291338582677" VPOS="426.61417322834643" HPOS="527.8110236220473" CONTENT="l’envie" ID="tl_11_7" STYLEREFS="FONT0"/>
            <SP HEIGHT="28.913385826771652" WIDTH="12.188976377952756" VPOS="426.61417322834643" HPOS="662.7401574803149"/>
            <String HEIGHT="28.913385826771652" WIDTH="73.7007874015748" VPOS="426.61417322834643" HPOS="625.8897637795276" CONTENT="de" ID="tl_11_8" STYLEREFS="FONT0"/>
            <SP HEIGHT="28.913385826771652" WIDTH="12.188976377952756" VPOS="426.61417322834643" HPOS="699.3070866141733"/>
            <String HEIGHT="28.913385826771652" WIDTH="122.74015748031496" VPOS="426.61417322834643" HPOS="650.2677165354331" CONTENT="paraître" ID="tl_11_9" STYLEREFS="FONT0"/>
          </TextLine>
          <TextLine ID="tl_12" BASELINE="1727" HEIGHT="28.913385826771652" WIDTH="699.5905511811023" VPOS="460.62992125984255" HPOS="73.98425196850394">
            <String HEIGHT="28.913385826771652" WIDTH="123.59055118110236" VPOS="460.62992125984255" HPOS="63.77952755905512" CONTENT="aimable," ID="tl_12_1" STYLEREFS="FONT0"/>
            <SP HEIGHT="28.913385826771652" WIDTH="10.204724409448819" VPOS="460.62992125984255" HPOS="187.08661417322836"/>
            <String HEIGHT="28.913385826771652" WIDTH="61.79527559055118" VPOS="460.62992125984255" HPOS="156.18897637795277" CONTENT="et" ID="tl_12_2" STYLEREFS="FONT0"/>
            <SP HEIGHT="28.913385826771652" WIDTH="10.204724409448819" VPOS="460.62992125984255" HPOS="217.98425196850394"/>
            <String HEIGHT="28.913385826771652" WIDTH="61.79527559055118" VPOS="460.62992125984255" HPOS="187.08661417322836" CONTENT="au" ID="tl_12_3" STYLEREFS="FONT0"/>
            <SP HEIGHT="28.913385826771652" WIDTH="10.204724409448819" VPOS="460.62992125984255" HPOS="248.88188976377953"/>
            <String HEIGHT="28.913385826771652" WIDTH="72.0" VPOS="460.62992125984255" HPOS="217.98425196850394" CONTENT="pis" ID="tl_12_4" STYLEREFS="FONT0"/>
            <SP HEIGHT="28.913385826771652" WIDTH="10.204724409448819" VPOS="460.62992125984255" HPOS="289.98425196850394"/>
            <String HEIGHT="28.913385826771652" WIDTH="92.69291338582677" VPOS="460.62992125984255" HPOS="259.0866141732283" CONTENT="aller" ID="tl_12_5" STYLEREFS="FONT0"/>
            <SP HEIGHT="28.913385826771652" WIDTH="10.204724409448819" VPOS="460.62992125984255" HPOS="351.7795275590551"/>
            <String HEIGHT="28.913385826771652" WIDTH="61.79527559055118" VPOS="460.62992125984255" HPOS="320.88188976377955" CONTENT="de" ID="tl_12_6" STYLEREFS="FONT0"/>
            <SP HEIGHT="28.913385826771652" WIDTH="10.204724409448819" VPOS="460.62992125984255" HPOS="382.6771653543307"/>
            <String HEIGHT="28.913385826771652" WIDTH="144.0" VPOS="460.62992125984255" HPOS="351.7795275590551" CONTENT="l’égoïsme;" ID="tl_12_7" STYLEREFS="FONT0"/>
            <SP HEIGHT="28.913385826771652" WIDTH="10.204724409448819" VPOS="460.62992125984255" HPOS="495.7795275590551"/>
            <String HEIGHT="28.913385826771652" WIDTH="216.0" VPOS="460.62992125984255" HPOS="464.88188976377955" CONTENT="l'adulatio" ID="tl_12_8" STYLEREFS="FONT2"/>
            <SP HEIGHT="28.913385826771652" WIDTH="10.204724409448819" VPOS="460.62992125984255" HPOS="680.8818897637796"/>
            <String HEIGHT="28.913385826771652" WIDTH="61.79527559055118" VPOS="460.62992125984255" HPOS="649.9842519685039" CONTENT="ou" ID="tl_12_9" STYLEREFS="FONT0"/>
            <SP HEIGHT="28.913385826771652" WIDTH="10.204724409448819" VPOS="460.62992125984255" HPOS="711.7795275590552"/>
            <String HEIGHT="28.913385826771652" WIDTH="61.79527559055118" VPOS="460.62992125984255" HPOS="680.8818897637796" CONTENT="la" ID="tl_12_10" STYLEREFS="FONT0"/>
            <SP HEIGHT="28.913385826771652" WIDTH="10.204724409448819" VPOS="460.62992125984255" HPOS="742.6771653543307"/>
            <String HEIGHT="28.913385826771652" WIDTH="72.0" VPOS="460.62992125984255" HPOS="701.5748031496063" CONTENT="flat" SUBS_TYPE="HypPart1" SUBS_CONTENT="flatterie," ID="tl_12_11" STYLEREFS="FONT0"/>
            <HYP CONTENT="-"/>
          </TextLine>
          <TextLine ID="tl_13" BASELINE="1851" HEIGHT="28.913385826771652" WIDTH="698.4566929133858" VPOS="495.7795275590551" HPOS="74.55118110236221">
            <String HEIGHT="28.913385826771652" WIDTH="124.7244094488189" VPOS="495.7795275590551" HPOS="62.07874015748032" CONTENT="terie," SUBS_TYPE="HypPart2" SUBS_CONTENT="flatterie," ID="tl_13_1" STYLEREFS="FONT0"/>
            <SP HEIGHT="28.913385826771652" WIDTH="12.472440944881889" VPOS="495.7795275590551" HPOS="186.8031496062992"/>
            <String HEIGHT="28.913385826771652" WIDTH="74.83464566929133" VPOS="495.7795275590551" HPOS="149.38582677165354" CONTENT="la" ID="tl_13_2" STYLEREFS="FONT0"/>
            <SP HEIGHT="28.913385826771652" WIDTH="12.472440944881889" VPOS="495.7795275590551" HPOS="224.2204724409449"/>
            <String HEIGHT="28.913385826771652" WIDTH="199.55905511811022" VPOS="495.7795275590551" HPOS="186.8031496062992" CONTENT="flagornerie," ID="tl_13_3" STYLEREFS="FONT0"/>
            <SP HEIGHT="28.913385826771652" WIDTH="12.472440944881889" VPOS="495.7795275590551" HPOS="386.3622047244094"/>
            <String HEIGHT="28.913385826771652" WIDTH="162.14173228346456" VPOS="495.7795275590551" HPOS="348.9448818897638" CONTENT="κολακεία," ID="tl_13_4" STYLEREFS="FONT0"/>
            <SP HEIGHT="28.913385826771652" WIDTH="12.472440944881889" VPOS="495.7795275590551" HPOS="511.0866141732283"/>
            <String HEIGHT="28.913385826771652" WIDTH="74.83464566929133" VPOS="495.7795275590551" HPOS="473.6692913385827" CONTENT="de" ID="tl_13_5" STYLEREFS="FONT0"/>
            <SP HEIGHT="28.913385826771652" WIDTH="12.472440944881889" VPOS="495.7795275590551" HPOS="548.503937007874"/>
            <String HEIGHT="28.913385826771652" WIDTH="174.61417322834646" VPOS="495.7795275590551" HPOS="511.0866141732283" CONTENT="sentiments" ID="tl_13_6" STYLEREFS="FONT0"/>
            <SP HEIGHT="28.913385826771652" WIDTH="12.472440944881889" VPOS="495.7795275590551" HPOS="685.7007874015748"/>
            <String HEIGHT="28.913385826771652" WIDTH="99.77952755905511" VPOS="495.7795275590551" HPOS="648.2834645669292" CONTENT="bas," ID="tl_13_7" STYLEREFS="FONT0"/>
            <SP HEIGHT="28.913385826771652" WIDTH="12.472440944881889" VPOS="495.7795275590551" HPOS="748.0629921259842"/>
            <String HEIGHT="28.913385826771652" WIDTH="74.83464566929133" VPOS="495.7795275590551" HPOS="698.1732283464567" CONTENT="bons" ID="tl_13_8" STYLEREFS="FONT0"/>
          </TextLine>
          <TextLine ID="tl_14" BASELINE="1973" HEIGHT="28.913385826771652" WIDTH="699.0236220472441" VPOS="530.3622047244095" HPOS="74.55118110236221">
            <String HEIGHT="28.913385826771652" WIDTH="101.76377952755905" VPOS="530.3622047244095" HPOS="61.79527559055118" CONTENT="pour" ID="tl_14_1" STYLEREFS="FONT0"/>
            <SP HEIGHT="28.913385826771652" WIDTH="12.755905511811024" VPOS="530.3622047244095" HPOS="163.55905511811022"/>
            <String HEIGHT="28.913385826771652" WIDTH="89.00787401574803" VPOS="530.3622047244095" HPOS="125.29133858267717" CONTENT="des" ID="tl_14_2" STYLEREFS="FONT0"/>
            <SP HEIGHT="28.913385826771652" WIDTH="12.755905511811024" VPOS="530.3622047244095" HPOS="214.29921259842519"/>
            <String HEIGHT="28.913385826771652" WIDTH="152.50393700787401" VPOS="530.3622047244095" HPOS="176.31496062992127" CONTENT="esclaves" ID="tl_14_3" STYLEREFS="FONT0"/>
            <SP HEIGHT="28.913385826771652" WIDTH="12.755905511811024" VPOS="530.3622047244095" HPOS="328.81889763779526"/>
            <String HEIGHT="28.913385826771652" WIDTH="76.25196850393701" VPOS="530.3622047244095" HPOS="290.5511811023622" CONTENT="ou" ID="tl_14_4" STYLEREFS="FONT0"/>
            <SP HEIGHT="28.913385826771652" WIDTH="12.755905511811024" VPOS="530.3622047244095" HPOS="366.8031496062992"/>
            <String HEIGHT="28.913385826771652" WIDTH="89.00787401574803" VPOS="530.3622047244095" HPOS="328.81889763779526" CONTENT="des" ID="tl_14_5" STYLEREFS="FONT0"/>
            <SP HEIGHT="28.913385826771652" WIDTH="12.755905511811024" VPOS="530.3622047244095" HPOS="417.8267716535433"/>
            <String HEIGHT="28.913385826771652" WIDTH="139.748031496063" VPOS="530.3622047244095" HPOS="379.5590551181102" CONTENT="chiens." ID="tl_14_6" STYLEREFS="FONT0"/>
            <SP HEIGHT="28.913385826771652" WIDTH="12.755905511811024" VPOS="530.3622047244095" HPOS="519.3070866141733"/>
            <String HEIGHT="28.913385826771652" WIDTH="101.76377952755905" VPOS="530.3622047244095" HPOS="481.3228346456693" CONTENT="SEN." ID="tl_14_7" STYLEREFS="FONT0"/>
            <SP HEIGHT="28.913385826771652" WIDTH="12.755905511811024" VPOS="530.3622047244095" HPOS="582.8031496062993"/>
            <String HEIGHT="28.913385826771652" WIDTH="89.00787401574803" VPOS="530.3622047244095" HPOS="544.8188976377953" CONTENT="Ir." ID="tl_14_8" STYLEREFS="FONT0"/>
            <SP HEIGHT="28.913385826771652" WIDTH="12.755905511811024" VPOS="530.3622047244095" HPOS="633.8267716535433"/>
            <String HEIGHT="28.913385826771652" WIDTH="101.76377952755905" VPOS="530.3622047244095" HPOS="595.5590551181102" CONTENT="III," ID="tl_14_9" STYLEREFS="FONT0"/>
            <SP HEIGHT="28.913385826771652" WIDTH="12.755905511811024" VPOS="530.3622047244095" HPOS="697.3228346456693"/>
            <String HEIGHT="28.913385826771652" WIDTH="76.25196850393701" VPOS="530.3622047244095" HPOS="659.0551181102362" CONTENT="8." ID="tl_14_10" STYLEREFS="FONT0"/>
            <SP HEIGHT="28.913385826771652" WIDTH="12.755905511811024" VPOS="530.3622047244095" HPOS="735.3070866141733"/>
            <String HEIGHT="28.913385826771652" WIDTH="89.00787401574803" VPOS="530.3622047244095" HPOS="684.5669291338583" CONTENT="Magis" ID="tl_14_11" STYLEREFS="FONT0"/>
          </TextLine>
          <TextLine ID="tl_15" BASELINE="2095" HEIGHT="28.346456692913385" WIDTH="697.8897637795276" VPOS="565.511811023622" HPOS="74.55118110236221">
            <String HEIGHT="28.346456692913385" WIDTH="114.23622047244095" VPOS="565.511811023622" HPOS="61.79527559055118" CONTENT="adhuc" ID="tl_15_1" STYLEREFS="FONT0"/>
            <SP HEIGHT="28.346456692913385" WIDTH="12.755905511811024" VPOS="565.511811023622" HPOS="176.03149606299212"/>
            <String HEIGHT="28.346456692913385" WIDTH="164.9763779527559" VPOS="565.511811023622" HPOS="138.04724409448818" CONTENT="proderunt" ID="tl_15_2" STYLEREFS="FONT0"/>
            <SP HEIGHT="28.346456692913385" WIDTH="12.755905511811024" VPOS="565.511811023622" HPOS="303.0236220472441"/>
            <String HEIGHT="28.346456692913385" WIDTH="152.2204724409449" VPOS="565.511811023622" HPOS="264.755905511811" CONTENT="submissi" ID="tl_15_3" STYLEREFS="FONT0"/>
            <SP HEIGHT="28.346456692913385" WIDTH="12.755905511811024" VPOS="565.511811023622" HPOS="417.25984251968504"/>
            <String HEIGHT="28.346456692913385" WIDTH="76.25196850393701" VPOS="565.511811023622" HPOS="378.99212598425197" CONTENT="et" ID="tl_15_4" STYLEREFS="FONT0"/>
            <SP HEIGHT="28.346456692913385" WIDTH="12.755905511811024" VPOS="565.511811023622" HPOS="455.244094488189"/>
            <String HEIGHT="28.346456692913385" WIDTH="126.99212598425197" VPOS="565.511811023622" HPOS="417.25984251968504" CONTENT="humani" ID="tl_15_5" STYLEREFS="FONT0"/>
            <SP HEIGHT="28.346456692913385" WIDTH="12.755905511811024" VPOS="565.511811023622" HPOS="543.9685039370079"/>
            <String HEIGHT="28.346456692913385" WIDTH="76.25196850393701" VPOS="565.511811023622" HPOS="505.98425196850394" CONTENT="et" ID="tl_15_6" STYLEREFS="FONT0"/>
            <SP HEIGHT="28.346456692913385" WIDTH="12.755905511811024" VPOS="565.511811023622" HPOS="582.2362204724409"/>
            <String HEIGHT="28.346456692913385" WIDTH="139.46456692913387" VPOS="565.511811023622" HPOS="543.9685039370079" CONTENT="dulces," ID="tl_15_7" STYLEREFS="FONT0"/>
            <SP HEIGHT="28.346456692913385" WIDTH="12.755905511811024" VPOS="565.511811023622" HPOS="683.7165354330708"/>
            <String HEIGHT="28.346456692913385" WIDTH="88.7244094488189" VPOS="565.511811023622" HPOS="645.4488188976378" CONTENT="non" ID="tl_15_8" STYLEREFS="FONT0"/>
            <SP HEIGHT="28.346456692913385" WIDTH="12.755905511811024" VPOS="565.511811023622" HPOS="734.4566929133858"/>
            <String HEIGHT="28.346456692913385" WIDTH="88.7244094488189" VPOS="565.511811023622" HPOS="683.7165354330708" CONTENT="tamen" ID="tl_15_9" STYLEREFS="FONT0"/>
          </TextLine>
          <TextLine ID="tl_16" BASELINE="2217" HEIGHT="29.480314960629922" WIDTH="697.8897637795276" VPOS="598.9606299212599" HPOS="76.25196850393701">
            <String HEIGHT="29.480314960629922" WIDTH="95.24409448818898" VPOS="598.9606299212599" HPOS="65.76377952755905" CONTENT="usque" ID="tl_16_1" STYLEREFS="FONT0"/>
            <SP HEIGHT="29.480314960629922" WIDTH="10.488188976377952" VPOS="598.9606299212599" HPOS="160.7244094488189"/>
            <String HEIGHT="29.480314960629922" WIDTH="63.496062992125985" VPOS="598.9606299212599" HPOS="129.25984251968504" CONTENT="in" ID="tl_16_2" STYLEREFS="FONT0"/>
            <SP HEIGHT="29.480314960629922" WIDTH="10.488188976377952" VPOS="598.9606299212599" HPOS="192.4724409448819"/>
            <String HEIGHT="29.480314960629922" WIDTH="243.21259842519686" VPOS="598.9606299212599" HPOS="160.7244094488189" CONTENT="adulationem," ID="tl_16_3" STYLEREFS="FONT2"/>
            <SP HEIGHT="29.480314960629922" WIDTH="10.488188976377952" VPOS="598.9606299212599" HPOS="403.93700787401576"/>
            <String HEIGHT="29.480314960629922" WIDTH="73.98425196850394" VPOS="598.9606299212599" HPOS="372.18897637795277" CONTENT="nam" ID="tl_16_4" STYLEREFS="FONT0"/>
            <SP HEIGHT="29.480314960629922" WIDTH="10.488188976377952" VPOS="598.9606299212599" HPOS="446.45669291338584"/>
            <String HEIGHT="29.480314960629922" WIDTH="137.48031496062993" VPOS="598.9606299212599" HPOS="414.70866141732284" CONTENT="iracundos" ID="tl_16_5" STYLEREFS="FONT0"/>
            <SP HEIGHT="29.480314960629922" WIDTH="10.488188976377952" VPOS="598.9606299212599" HPOS="552.1889763779527"/>
            <String HEIGHT="29.480314960629922" WIDTH="95.24409448818898" VPOS="598.9606299212599" HPOS="520.4409448818898" CONTENT="nimia" ID="tl_16_6" STYLEREFS="FONT0"/>
            <SP HEIGHT="29.480314960629922" WIDTH="10.488188976377952" VPOS="598.9606299212599" HPOS="615.4015748031496"/>
            <String HEIGHT="29.480314960629922" WIDTH="200.9763779527559" VPOS="598.9606299212599" HPOS="573.1653543307086" CONTENT="assentatio" ID="tl_16_7" STYLEREFS="FONT2"/>
          </TextLine>
          <TextLine ID="tl_17" BASELINE="2337" HEIGHT="28.913385826771652" WIDTH="697.8897637795276" VPOS="633.5433070866142" HPOS="76.25196850393701">
            <String HEIGHT="28.913385826771652" WIDTH="164.9763779527559" VPOS="633.5433070866142" HPOS="63.496062992125985" CONTENT="offendit." ID="tl_17_1" STYLEREFS="FONT0"/>
            <SP HEIGHT="28.913385826771652" WIDTH="12.755905511811024" VPOS="633.5433070866142" HPOS="228.4724409448819"/>
            <String HEIGHT="28.913385826771652" WIDTH="101.48031496062993" VPOS="633.5433070866142" HPOS="190.48818897637796" CONTENT="Erat" ID="tl_17_2" STYLEREFS="FONT0"/>
            <SP HEIGHT="28.913385826771652" WIDTH="12.755905511811024" VPOS="633.5433070866142" HPOS="291.9685039370079"/>
            <String HEIGHT="28.913385826771652" WIDTH="114.23622047244095" VPOS="633.5433070866142" HPOS="253.98425196850394" CONTENT="certe" ID="tl_17_3" STYLEREFS="FONT0"/>
            <SP HEIGHT="28.913385826771652" WIDTH="12.755905511811024" VPOS="633.5433070866142" HPOS="368.2204724409449"/>
            <String HEIGHT="28.913385826771652" WIDTH="164.9763779527559" VPOS="633.5433070866142" HPOS="329.9527559055118" CONTENT="amicus..." ID="tl_17_4" STYLEREFS="FONT0"/>
            <SP HEIGHT="28.913385826771652" WIDTH="12.755905511811024" VPOS="633.5433070866142" HPOS="494.92913385826773"/>
            <String HEIGHT="28.913385826771652" WIDTH="88.7244094488189" VPOS="633.5433070866142" HPOS="456.9448818897638" CONTENT="cui" ID="tl_17_5" STYLEREFS="FONT0"/>
            <SP HEIGHT="28.913385826771652" WIDTH="12.755905511811024" VPOS="633.5433070866142" HPOS="545.6692913385826"/>
            <String HEIGHT="28.913385826771652" WIDTH="88.7244094488189" VPOS="633.5433070866142" HPOS="507.68503937007875" CONTENT="non" ID="tl_17_6" STYLEREFS="FONT0"/>
            <SP HEIGHT="28.913385826771652" WIDTH="12.755905511811024" VPOS="633.5433070866142" HPOS="596.4094488188977"/>
            <String HEIGHT="28.913385826771652" WIDTH="114.23622047244095" VPOS="633.5433070866142" HPOS="558.4251968503937" CONTENT="magis" ID="tl_17_7" STYLEREFS="FONT0"/>
            <SP HEIGHT="28.913385826771652" WIDTH="12.755905511811024" VPOS="633.5433070866142" HPOS="672.6614173228346"/>
            <String HEIGHT="28.913385826771652" WIDTH="114.23622047244095" VPOS="633.5433070866142" HPOS="634.6771653543307" CONTENT="tutum" ID="tl_17_8" STYLEREFS="FONT0"/>
            <SP HEIGHT="28.913385826771652" WIDTH="12.755905511811024" VPOS="633.5433070866142" HPOS="748.6299212598425"/>
            <String HEIGHT="28.913385826771652" WIDTH="76.25196850393701" VPOS="633.5433070866142" HPOS="697.8897637795276" CONTENT="erat" ID="tl_17_9" STYLEREFS="FONT0"/>
          </TextLine>
          <TextLine ID="tl_18" BASELINE="2461" HEIGHT="28.346456692913385" WIDTH="695.0551181102362" VPOS="669.2598425196851" HPOS="76.81889763779527">
            <String HEIGHT="28.346456692913385" WIDTH="219.96850393700788" VPOS="669.2598425196851" HPOS="65.19685039370079" CONTENT="blandiri" ID="tl_18_1" STYLEREFS="FONT2"/>
            <SP HEIGHT="28.346456692913385" WIDTH="11.622047244094489" VPOS="669.2598425196851" HPOS="285.4488188976378"/>
            <String HEIGHT="28.346456692913385" WIDTH="92.69291338582677" VPOS="669.2598425196851" HPOS="250.58267716535434" CONTENT="quam" ID="tl_18_2" STYLEREFS="FONT0"/>
            <SP HEIGHT="28.346456692913385" WIDTH="11.622047244094489" VPOS="669.2598425196851" HPOS="343.2755905511811"/>
            <String HEIGHT="28.346456692913385" WIDTH="173.76377952755905" VPOS="669.2598425196851" HPOS="308.40944881889766" CONTENT="maledicere." ID="tl_18_3" STYLEREFS="FONT0"/>
            <SP HEIGHT="28.346456692913385" WIDTH="11.622047244094489" VPOS="669.2598425196851" HPOS="482.1732283464567"/>
            <String HEIGHT="28.346456692913385" WIDTH="69.44881889763779" VPOS="669.2598425196851" HPOS="447.59055118110234" CONTENT="Un" ID="tl_18_4" STYLEREFS="FONT0"/>
            <SP HEIGHT="28.346456692913385" WIDTH="11.622047244094489" VPOS="669.2598425196851" HPOS="517.0393700787401"/>
            <String HEIGHT="28.346456692913385" WIDTH="138.89763779527559" VPOS="669.2598425196851" HPOS="482.1732283464567" CONTENT="commerce" ID="tl_18_5" STYLEREFS="FONT0"/>
            <SP HEIGHT="28.346456692913385" WIDTH="11.622047244094489" VPOS="669.2598425196851" HPOS="621.3543307086615"/>
            <String HEIGHT="28.346456692913385" WIDTH="92.69291338582677" VPOS="669.2598425196851" HPOS="586.488188976378" CONTENT="plus" ID="tl_18_6" STYLEREFS="FONT0"/>
            <SP HEIGHT="28.346456692913385" WIDTH="11.622047244094489" VPOS="669.2598425196851" HPOS="679.1811023622047"/>
            <String HEIGHT="28.346456692913385" WIDTH="138.89763779527559" VPOS="669.2598425196851" HPOS="632.9763779527559" CONTENT="profitable" ID="tl_18_7" STYLEREFS="FONT0"/>
          </TextLine>
          <TextLine ID="tl_19" BASELINE="2587" HEIGHT="28.346456692913385" WIDTH="695.6220472440945" VPOS="704.9763779527559" HPOS="76.81889763779527">
            <String HEIGHT="28.346456692913385" WIDTH="95.81102362204724" VPOS="704.9763779527559" HPOS="64.91338582677166" CONTENT="pour" ID="tl_19_1" STYLEREFS="FONT0"/>
            <SP HEIGHT="28.346456692913385" WIDTH="11.905511811023622" VPOS="704.9763779527559" HPOS="160.7244094488189"/>
            <String HEIGHT="28.346456692913385" WIDTH="108.0" VPOS="704.9763779527559" HPOS="124.7244094488189" CONTENT="vous," ID="tl_19_2" STYLEREFS="FONT0"/>
            <SP HEIGHT="28.346456692913385" WIDTH="11.905511811023622" VPOS="704.9763779527559" HPOS="232.7244094488189"/>
            <String HEIGHT="28.346456692913385" WIDTH="95.81102362204724" VPOS="704.9763779527559" HPOS="196.7244094488189" CONTENT="tant" ID="tl_19_3" STYLEREFS="FONT0"/>
            <SP HEIGHT="28.346456692913385" WIDTH="11.905511811023622" VPOS="704.9763779527559" HPOS="292.81889763779526"/>
            <String HEIGHT="28.346456692913385" WIDTH="83.90551181102362" VPOS="704.9763779527559" HPOS="256.81889763779526" CONTENT="que" ID="tl_19_4" STYLEREFS="FONT0"/>
            <SP HEIGHT="28.346456692913385" WIDTH="11.905511811023622" VPOS="704.9763779527559" HPOS="340.7244094488189"/>
            <String HEIGHT="28.346456692913385" WIDTH="95.81102362204724" VPOS="704.9763779527559" HPOS="304.7244094488189" CONTENT="vous" ID="tl_19_5" STYLEREFS="FONT0"/>
            <SP HEIGHT="28.346456692913385" WIDTH="11.905511811023622" VPOS="704.9763779527559" HPOS="400.53543307086613"/>
            <String HEIGHT="28.346456692913385" WIDTH="72.0" VPOS="704.9763779527559" HPOS="364.53543307086613" CONTENT="en" ID="tl_19_6" STYLEREFS="FONT0"/>
            <SP HEIGHT="28.346456692913385" WIDTH="11.905511811023622" VPOS="704.9763779527559" HPOS="436.53543307086613"/>
            <String HEIGHT="28.346456692913385" WIDTH="108.0" VPOS="704.9763779527559" HPOS="400.53543307086613" CONTENT="serez" ID="tl_19_7" STYLEREFS="FONT0"/>
            <SP HEIGHT="28.346456692913385" WIDTH="11.905511811023622" VPOS="704.9763779527559" HPOS="508.53543307086613"/>
            <String HEIGHT="28.346456692913385" WIDTH="83.90551181102362" VPOS="704.9763779527559" HPOS="472.53543307086613" CONTENT="là," ID="tl_19_8" STYLEREFS="FONT0"/>
            <SP HEIGHT="28.346456692913385" WIDTH="11.905511811023622" VPOS="704.9763779527559" HPOS="556.4409448818898"/>
            <String HEIGHT="28.346456692913385" WIDTH="108.0" VPOS="704.9763779527559" HPOS="520.4409448818898" CONTENT="c’est" ID="tl_19_9" STYLEREFS="FONT0"/>
            <SP HEIGHT="28.346456692913385" WIDTH="11.905511811023622" VPOS="704.9763779527559" HPOS="628.4409448818898"/>
            <String HEIGHT="28.346456692913385" WIDTH="108.0" VPOS="704.9763779527559" HPOS="592.4409448818898" CONTENT="celui" ID="tl_19_10" STYLEREFS="FONT0"/>
            <SP HEIGHT="28.346456692913385" WIDTH="11.905511811023622" VPOS="704.9763779527559" HPOS="700.4409448818898"/>
            <String HEIGHT="28.346456692913385" WIDTH="83.90551181102362" VPOS="704.9763779527559" HPOS="664.4409448818898" CONTENT="des" ID="tl_19_11" STYLEREFS="FONT0"/>
            <SP HEIGHT="28.346456692913385" WIDTH="11.905511811023622" VPOS="704.9763779527559" HPOS="748.3464566929134"/>
            <String HEIGHT="28.346456692913385" WIDTH="72.0" VPOS="704.9763779527559" HPOS="700.4409448818898" CONTENT="per" SUBS_TYPE="HypPart1" SUBS_CONTENT="personnes" ID="tl_19_12" STYLEREFS="FONT0"/>
            <HYP CONTENT="-"/>
          </TextLine>
          <TextLine ID="tl_20" BASELINE="2711" HEIGHT="29.480314960629922" WIDTH="697.3228346456693" VPOS="738.992125984252" HPOS="76.81889763779527">
            <String HEIGHT="29.480314960629922" WIDTH="122.45669291338582" VPOS="738.992125984252" HPOS="64.62992125984252" CONTENT="sonnes" SUBS_TYPE="HypPart2" SUBS_CONTENT="personnes" ID="tl_20_1" STYLEREFS="FONT0"/>
            <SP HEIGHT="29.480314960629922" WIDTH="12.188976377952756" VPOS="738.992125984252" HPOS="186.8031496062992"/>
            <String HEIGHT="29.480314960629922" WIDTH="220.251968503937" VPOS="738.992125984252" HPOS="150.23622047244095" CONTENT="respectueuses," ID="tl_20_2" STYLEREFS="FONT0"/>
            <SP HEIGHT="29.480314960629922" WIDTH="12.188976377952756" VPOS="738.992125984252" HPOS="370.48818897637796"/>
            <String HEIGHT="29.480314960629922" WIDTH="134.64566929133858" VPOS="738.992125984252" HPOS="333.6377952755906" CONTENT="polies," ID="tl_20_3" STYLEREFS="FONT0"/>
            <SP HEIGHT="29.480314960629922" WIDTH="12.188976377952756" VPOS="738.992125984252" HPOS="468.2834645669291"/>
            <String HEIGHT="29.480314960629922" WIDTH="134.64566929133858" VPOS="738.992125984252" HPOS="431.7165354330709" CONTENT="douces," ID="tl_20_4" STYLEREFS="FONT0"/>
            <SP HEIGHT="29.480314960629922" WIDTH="12.188976377952756" VPOS="738.992125984252" HPOS="566.0787401574803"/>
            <String HEIGHT="29.480314960629922" WIDTH="97.79527559055119" VPOS="738.992125984252" HPOS="529.511811023622" CONTENT="sans" ID="tl_20_5" STYLEREFS="FONT0"/>
            <SP HEIGHT="29.480314960629922" WIDTH="12.188976377952756" VPOS="738.992125984252" HPOS="627.3070866141733"/>
            <String HEIGHT="29.480314960629922" WIDTH="159.0236220472441" VPOS="738.992125984252" HPOS="590.7401574803149" CONTENT="descendre" ID="tl_20_6" STYLEREFS="FONT0"/>
            <SP HEIGHT="29.480314960629922" WIDTH="12.188976377952756" VPOS="738.992125984252" HPOS="749.7637795275591"/>
            <String HEIGHT="29.480314960629922" WIDTH="73.41732283464567" VPOS="738.992125984252" HPOS="700.7244094488188" CONTENT="jus" SUBS_TYPE="HypPart1" SUBS_CONTENT="jusqu’à" ID="tl_20_7" STYLEREFS="FONT0"/>
            <HYP CONTENT="-"/>
          </TextLine>
          <TextLine ID="tl_21" BASELINE="2837" HEIGHT="30.04724409448819" WIDTH="692.7874015748032" VPOS="774.1417322834645" HPOS="77.38582677165354">
            <String HEIGHT="30.04724409448819" WIDTH="100.62992125984252" VPOS="774.1417322834645" HPOS="64.91338582677166" CONTENT="qu’à" SUBS_TYPE="HypPart2" SUBS_CONTENT="jusqu’à" ID="tl_21_1" STYLEREFS="FONT0"/>
            <SP HEIGHT="30.04724409448819" WIDTH="12.472440944881889" VPOS="774.1417322834645" HPOS="165.54330708661416"/>
            <String HEIGHT="30.04724409448819" WIDTH="201.54330708661416" VPOS="774.1417322834645" HPOS="127.84251968503936" CONTENT="l’adulation," ID="tl_21_2" STYLEREFS="FONT0"/>
            <SP HEIGHT="30.04724409448819" WIDTH="12.472440944881889" VPOS="774.1417322834645" HPOS="329.38582677165357"/>
            <String HEIGHT="30.04724409448819" WIDTH="88.15748031496064" VPOS="774.1417322834645" HPOS="291.40157480314963" CONTENT="car" ID="tl_21_3" STYLEREFS="FONT0"/>
            <SP HEIGHT="30.04724409448819" WIDTH="12.472440944881889" VPOS="774.1417322834645" HPOS="379.5590551181102"/>
            <String HEIGHT="30.04724409448819" WIDTH="88.15748031496064" VPOS="774.1417322834645" HPOS="341.8582677165354" CONTENT="une" ID="tl_21_4" STYLEREFS="FONT0"/>
            <SP HEIGHT="30.04724409448819" WIDTH="12.472440944881889" VPOS="774.1417322834645" HPOS="430.01574803149606"/>
            <String HEIGHT="30.04724409448819" WIDTH="201.54330708661416" VPOS="774.1417322834645" HPOS="392.31496062992125" CONTENT="complaisance" ID="tl_21_5" STYLEREFS="FONT0"/>
            <SP HEIGHT="30.04724409448819" WIDTH="12.472440944881889" VPOS="774.1417322834645" HPOS="593.8582677165355"/>
            <String HEIGHT="30.04724409448819" WIDTH="163.84251968503938" VPOS="774.1417322834645" HPOS="556.1574803149606" CONTENT="excessive" ID="tl_21_6" STYLEREFS="FONT0"/>
            <SP HEIGHT="30.04724409448819" WIDTH="12.472440944881889" VPOS="774.1417322834645" HPOS="719.7165354330708"/>
            <String HEIGHT="30.04724409448819" WIDTH="100.62992125984252" VPOS="774.1417322834645" HPOS="669.5433070866142" CONTENT="choque" ID="tl_21_7" STYLEREFS="FONT0"/>
          </TextLine>
          <TextLine ID="tl_22" BASELINE="2957" HEIGHT="28.913385826771652" WIDTH="693.3543307086615" VPOS="809.2913385826772" HPOS="77.38582677165354">
            <String HEIGHT="28.913385826771652" WIDTH="86.74015748031496" VPOS="809.2913385826772" HPOS="64.91338582677166" CONTENT="les" ID="tl_22_1" STYLEREFS="FONT0"/>
            <SP HEIGHT="28.913385826771652" WIDTH="12.472440944881889" VPOS="809.2913385826772" HPOS="151.6535433070866"/>
            <String HEIGHT="28.913385826771652" WIDTH="198.14173228346456" VPOS="809.2913385826772" HPOS="114.51968503937007" CONTENT="tempéraments" ID="tl_22_2" STYLEREFS="FONT0"/>
            <SP HEIGHT="28.913385826771652" WIDTH="12.472440944881889" VPOS="809.2913385826772" HPOS="312.66141732283467"/>
            <String HEIGHT="28.913385826771652" WIDTH="185.66929133858267" VPOS="809.2913385826772" HPOS="275.5275590551181" CONTENT="colériques." ID="tl_22_3" STYLEREFS="FONT0"/>
            <SP HEIGHT="28.913385826771652" WIDTH="12.472440944881889" VPOS="809.2913385826772" HPOS="461.1968503937008"/>
            <String HEIGHT="28.913385826771652" WIDTH="74.26771653543307" VPOS="809.2913385826772" HPOS="424.06299212598424" CONTENT="Je" ID="tl_22_4" STYLEREFS="FONT0"/>
            <SP HEIGHT="28.913385826771652" WIDTH="12.472440944881889" VPOS="809.2913385826772" HPOS="498.3307086614173"/>
            <String HEIGHT="28.913385826771652" WIDTH="161.00787401574803" VPOS="809.2913385826772" HPOS="461.1968503937008" CONTENT="possédais" ID="tl_22_5" STYLEREFS="FONT0"/>
            <SP HEIGHT="28.913385826771652" WIDTH="12.472440944881889" VPOS="809.2913385826772" HPOS="622.2047244094488"/>
            <String HEIGHT="28.913385826771652" WIDTH="74.26771653543307" VPOS="809.2913385826772" HPOS="585.0708661417323" CONTENT="en" ID="tl_22_6" STYLEREFS="FONT0"/>
            <SP HEIGHT="28.913385826771652" WIDTH="12.472440944881889" VPOS="809.2913385826772" HPOS="659.3385826771654"/>
            <String HEIGHT="28.913385826771652" WIDTH="74.26771653543307" VPOS="809.2913385826772" HPOS="622.2047244094488" CONTENT="ce" ID="tl_22_7" STYLEREFS="FONT0"/>
            <SP HEIGHT="28.913385826771652" WIDTH="12.472440944881889" VPOS="809.2913385826772" HPOS="696.4724409448819"/>
            <String HEIGHT="28.913385826771652" WIDTH="111.4015748031496" VPOS="809.2913385826772" HPOS="659.3385826771654" CONTENT="genre" ID="tl_22_8" STYLEREFS="FONT0"/>
            <SP HEIGHT="28.913385826771652" WIDTH="12.472440944881889" VPOS="809.2913385826772" HPOS="770.7401574803149"/>
            <String HEIGHT="28.913385826771652" WIDTH="49.60629921259842" VPOS="809.2913385826772" HPOS="721.1338582677165" CONTENT="un" ID="tl_22_9" STYLEREFS="FONT0"/>
          </TextLine>
          <TextLine ID="tl_23" BASELINE="3081" HEIGHT="29.480314960629922" WIDTH="692.2204724409448" VPOS="843.8740157480315" HPOS="77.95275590551181">
            <String HEIGHT="29.480314960629922" WIDTH="86.45669291338582" VPOS="843.8740157480315" HPOS="65.48031496062993" CONTENT="ami" ID="tl_23_1" STYLEREFS="FONT0"/>
            <SP HEIGHT="29.480314960629922" WIDTH="12.472440944881889" VPOS="843.8740157480315" HPOS="152.2204724409449"/>
            <String HEIGHT="29.480314960629922" WIDTH="111.11811023622047" VPOS="843.8740157480315" HPOS="115.08661417322834" CONTENT="qu’il" ID="tl_23_2" STYLEREFS="FONT0"/>
            <SP HEIGHT="29.480314960629922" WIDTH="12.472440944881889" VPOS="843.8740157480315" HPOS="226.20472440944883"/>
            <String HEIGHT="29.480314960629922" WIDTH="86.45669291338582" VPOS="843.8740157480315" HPOS="189.0708661417323" CONTENT="n'y" ID="tl_23_3" STYLEREFS="FONT0"/>
            <SP HEIGHT="29.480314960629922" WIDTH="12.472440944881889" VPOS="843.8740157480315" HPOS="275.81102362204723"/>
            <String HEIGHT="29.480314960629922" WIDTH="111.11811023622047" VPOS="843.8740157480315" HPOS="238.6771653543307" CONTENT="avait" ID="tl_23_4" STYLEREFS="FONT0"/>
            <SP HEIGHT="29.480314960629922" WIDTH="12.472440944881889" VPOS="843.8740157480315" HPOS="349.79527559055117"/>
            <String HEIGHT="29.480314960629922" WIDTH="86.45669291338582" VPOS="843.8740157480315" HPOS="312.9448818897638" CONTENT="pas" ID="tl_23_5" STYLEREFS="FONT0"/>
            <SP HEIGHT="29.480314960629922" WIDTH="12.472440944881889" VPOS="843.8740157480315" HPOS="399.40157480314963"/>
            <String HEIGHT="29.480314960629922" WIDTH="98.92913385826772" VPOS="843.8740157480315" HPOS="362.26771653543307" CONTENT="plus" ID="tl_23_6" STYLEREFS="FONT0"/>
            <SP HEIGHT="29.480314960629922" WIDTH="12.472440944881889" VPOS="843.8740157480315" HPOS="461.1968503937008"/>
            <String HEIGHT="29.480314960629922" WIDTH="74.26771653543307" VPOS="843.8740157480315" HPOS="424.06299212598424" CONTENT="de" ID="tl_23_7" STYLEREFS="FONT0"/>
            <SP HEIGHT="29.480314960629922" WIDTH="12.472440944881889" VPOS="843.8740157480315" HPOS="498.3307086614173"/>
            <String HEIGHT="29.480314960629922" WIDTH="123.59055118110236" VPOS="843.8740157480315" HPOS="461.1968503937008" CONTENT="sûreté" ID="tl_23_8" STYLEREFS="FONT0"/>
            <SP HEIGHT="29.480314960629922" WIDTH="12.472440944881889" VPOS="843.8740157480315" HPOS="584.7874015748032"/>
            <String HEIGHT="29.480314960629922" WIDTH="61.79527559055118" VPOS="843.8740157480315" HPOS="547.6535433070866" CONTENT="à" ID="tl_23_9" STYLEREFS="FONT0"/>
            <SP HEIGHT="29.480314960629922" WIDTH="12.472440944881889" VPOS="843.8740157480315" HPOS="609.4488188976378"/>
            <String HEIGHT="29.480314960629922" WIDTH="123.59055118110236" VPOS="843.8740157480315" HPOS="572.3149606299213" CONTENT="choyer" ID="tl_23_10" STYLEREFS="FONT0"/>
            <SP HEIGHT="29.480314960629922" WIDTH="12.472440944881889" VPOS="843.8740157480315" HPOS="695.9055118110236"/>
            <String HEIGHT="29.480314960629922" WIDTH="98.92913385826772" VPOS="843.8740157480315" HPOS="659.0551181102362" CONTENT="qu’à" ID="tl_23_11" STYLEREFS="FONT0"/>
            <SP HEIGHT="29.480314960629922" WIDTH="12.472440944881889" VPOS="843.8740157480315" HPOS="757.7007874015748"/>
            <String HEIGHT="29.480314960629922" WIDTH="61.79527559055118" VPOS="843.8740157480315" HPOS="708.3779527559055" CONTENT="ru" SUBS_TYPE="HypPart1" SUBS_CONTENT="rudoyer." ID="tl_23_12" STYLEREFS="FONT0"/>
            <HYP CONTENT="-"/>
          </TextLine>
          <TextLine ID="tl_24" BASELINE="3201" HEIGHT="28.913385826771652" WIDTH="691.6535433070866" VPOS="878.4566929133858" HPOS="79.65354330708661">
            <String HEIGHT="28.913385826771652" WIDTH="100.34645669291339" VPOS="878.4566929133858" HPOS="69.73228346456693" CONTENT="doyer." SUBS_TYPE="HypPart2" SUBS_CONTENT="rudoyer." ID="tl_24_1" STYLEREFS="FONT0"/>
            <SP HEIGHT="28.913385826771652" WIDTH="9.921259842519685" VPOS="878.4566929133858" HPOS="169.79527559055117"/>
            <String HEIGHT="28.913385826771652" WIDTH="60.09448818897638" VPOS="878.4566929133858" HPOS="139.748031496063" CONTENT="Et" ID="tl_24_2" STYLEREFS="FONT0"/>
            <SP HEIGHT="28.913385826771652" WIDTH="9.921259842519685" VPOS="878.4566929133858" HPOS="199.84251968503938"/>
            <String HEIGHT="28.913385826771652" WIDTH="70.2992125984252" VPOS="878.4566929133858" HPOS="169.79527559055117" CONTENT="II," ID="tl_24_3" STYLEREFS="FONT0"/>
            <SP HEIGHT="28.913385826771652" WIDTH="9.921259842519685" VPOS="878.4566929133858" HPOS="240.09448818897638"/>
            <String HEIGHT="28.913385826771652" WIDTH="70.2992125984252" VPOS="878.4566929133858" HPOS="210.04724409448818" CONTENT="28." ID="tl_24_4" STYLEREFS="FONT0"/>
            <SP HEIGHT="28.913385826771652" WIDTH="9.921259842519685" VPOS="878.4566929133858" HPOS="280.06299212598424"/>
            <String HEIGHT="28.913385826771652" WIDTH="80.22047244094489" VPOS="878.4566929133858" HPOS="250.01574803149606" CONTENT="Sæpe" ID="tl_24_5" STYLEREFS="FONT0"/>
            <SP HEIGHT="28.913385826771652" WIDTH="9.921259842519685" VPOS="878.4566929133858" HPOS="330.23622047244095"/>
            <String HEIGHT="28.913385826771652" WIDTH="190.48818897637796" VPOS="878.4566929133858" HPOS="300.18897637795277" CONTENT="adulatio" ID="tl_24_6" STYLEREFS="FONT2"/>
            <SP HEIGHT="28.913385826771652" WIDTH="9.921259842519685" VPOS="878.4566929133858" HPOS="490.6771653543307"/>
            <String HEIGHT="28.913385826771652" WIDTH="70.2992125984252" VPOS="878.4566929133858" HPOS="460.62992125984255" CONTENT="dum" ID="tl_24_7" STYLEREFS="FONT0"/>
            <SP HEIGHT="28.913385826771652" WIDTH="9.921259842519685" VPOS="878.4566929133858" HPOS="530.6456692913385"/>
            <String HEIGHT="28.913385826771652" WIDTH="200.40944881889763" VPOS="878.4566929133858" HPOS="500.59842519685037" CONTENT="blanditur" ID="tl_24_8" STYLEREFS="FONT2"/>
            <SP HEIGHT="28.913385826771652" WIDTH="9.921259842519685" VPOS="878.4566929133858" HPOS="701.007874015748"/>
            <String HEIGHT="28.913385826771652" WIDTH="110.26771653543307" VPOS="878.4566929133858" HPOS="661.0393700787401" CONTENT="offendit." ID="tl_24_9" STYLEREFS="FONT0"/>
          </TextLine>
          <TextLine ID="tl_25" BASELINE="3325" HEIGHT="28.913385826771652" WIDTH="665.007874015748" VPOS="913.6062992125984" HPOS="79.65354330708661">
            <String HEIGHT="28.913385826771652" WIDTH="197.00787401574803" VPOS="913.6062992125984" HPOS="67.46456692913385" CONTENT="L’adulation," ID="tl_25_1" STYLEREFS="FONT0"/>
            <SP HEIGHT="28.913385826771652" WIDTH="12.188976377952756" VPOS="913.6062992125984" HPOS="264.4724409448819"/>
            <String HEIGHT="28.913385826771652" WIDTH="73.98425196850394" VPOS="913.6062992125984" HPOS="227.33858267716536" CONTENT="en" ID="tl_25_2" STYLEREFS="FONT0"/>
            <SP HEIGHT="28.913385826771652" WIDTH="12.188976377952756" VPOS="913.6062992125984" HPOS="301.3228346456693"/>
            <String HEIGHT="28.913385826771652" WIDTH="135.49606299212599" VPOS="913.6062992125984" HPOS="264.4724409448819" CONTENT="voulant" ID="tl_25_3" STYLEREFS="FONT0"/>
            <SP HEIGHT="28.913385826771652" WIDTH="12.188976377952756" VPOS="913.6062992125984" HPOS="399.9685039370079"/>
            <String HEIGHT="28.913385826771652" WIDTH="172.3464566929134" VPOS="913.6062992125984" HPOS="362.8346456692913" CONTENT="complaire," ID="tl_25_4" STYLEREFS="FONT0"/>
            <SP HEIGHT="28.913385826771652" WIDTH="12.188976377952756" VPOS="913.6062992125984" HPOS="535.1811023622047"/>
            <String HEIGHT="28.913385826771652" WIDTH="147.68503937007873" VPOS="913.6062992125984" HPOS="498.3307086614173" CONTENT="s’expose" ID="tl_25_5" STYLEREFS="FONT0"/>
            <SP HEIGHT="28.913385826771652" WIDTH="12.188976377952756" VPOS="913.6062992125984" HPOS="646.0157480314961"/>
            <String HEIGHT="28.913385826771652" WIDTH="61.511811023622045" VPOS="913.6062992125984" HPOS="609.1653543307086" CONTENT="à" ID="tl_25_6" STYLEREFS="FONT0"/>
            <SP HEIGHT="28.913385826771652" WIDTH="12.188976377952756" VPOS="913.6062992125984" HPOS="670.6771653543307"/>
            <String HEIGHT="28.913385826771652" WIDTH="123.02362204724409" VPOS="913.6062992125984" HPOS="621.6377952755905" CONTENT="choquer." ID="tl_25_7" STYLEREFS="FONT0"/>
          </TextLine>
        </TextBlock>
        <TextBlock ID="r_3_2" HEIGHT="27.212598425196852" WIDTH="582.2362204724409" VPOS="966.0472440944882" HPOS="79.37007874015748">
          <TextLine ID="tl_26" BASELINE="3503" HEIGHT="26.64566929133858" WIDTH="581.6692913385826" VPOS="966.3307086614174" HPOS="79.65354330708661">
            <String HEIGHT="26.64566929133858" WIDTH="150.51968503937007" VPOS="966.3307086614174" HPOS="69.73228346456693" CONTENT="ASSEVERARE," ID="tl_26_1" STYLEREFS="FONT0"/>
            <SP HEIGHT="26.64566929133858" WIDTH="9.921259842519685" VPOS="966.3307086614174" HPOS="219.96850393700788"/>
            <String HEIGHT="26.64566929133858" WIDTH="60.09448818897638" VPOS="966.3307086614174" HPOS="189.92125984251967" CONTENT="v." ID="tl_26_2" STYLEREFS="FONT0"/>
            <SP HEIGHT="26.64566929133858" WIDTH="9.921259842519685" VPOS="966.3307086614174" HPOS="250.01574803149606"/>
            <String HEIGHT="26.64566929133858" WIDTH="180.56692913385828" VPOS="966.3307086614174" HPOS="219.96850393700788" CONTENT="Dicere." ID="tl_26_3" STYLEREFS="FONT2"/>
            <SP HEIGHT="26.64566929133858" WIDTH="9.921259842519685" VPOS="966.3307086614174" HPOS="400.53543307086613"/>
            <String HEIGHT="26.64566929133858" WIDTH="150.51968503937007" VPOS="966.3307086614174" HPOS="370.48818897637796" CONTENT="ASSIDUITAS," ID="tl_26_4" STYLEREFS="FONT0"/>
            <SP HEIGHT="26.64566929133858" WIDTH="9.921259842519685" VPOS="966.3307086614174" HPOS="521.007874015748"/>
            <String HEIGHT="26.64566929133858" WIDTH="60.09448818897638" VPOS="966.3307086614174" HPOS="490.96062992125985" CONTENT="v." ID="tl_26_5" STYLEREFS="FONT0"/>
            <SP HEIGHT="26.64566929133858" WIDTH="9.921259842519685" VPOS="966.3307086614174" HPOS="551.0551181102362"/>
            <String HEIGHT="26.64566929133858" WIDTH="150.51968503937007" VPOS="966.3307086614174" HPOS="510.8031496062992" CONTENT="Opera." ID="tl_26_6" STYLEREFS="FONT2"/>
          </TextLine>
        </TextBlock>
        <TextBlock ID="r_3_3" HEIGHT="26.078740157480315" WIDTH="197.29133858267716" VPOS="997.7952755905512" HPOS="80.50393700787401">
          <TextLine ID="tl_27" BASELINE="3611" HEIGHT="25.511811023622048" WIDTH="196.7244094488189" VPOS="998.0787401574803" HPOS="80.78740157480316">
            <String HEIGHT="25.511811023622048" WIDTH="90.14173228346456" VPOS="998.0787401574803" HPOS="72.56692913385827" CONTENT="ASTRUM," ID="tl_27_1" STYLEREFS="FONT0"/>
            <SP HEIGHT="25.511811023622048" WIDTH="8.220472440944881" VPOS="998.0787401574803" HPOS="162.70866141732284"/>
            <String HEIGHT="25.511811023622048" WIDTH="49.32283464566929" VPOS="998.0787401574803" HPOS="138.04724409448818" CONTENT="v." ID="tl_27_2" STYLEREFS="FONT0"/>
            <SP HEIGHT="25.511811023622048" WIDTH="8.220472440944881" VPOS="998.0787401574803" HPOS="187.37007874015748"/>
            <String HEIGHT="25.511811023622048" WIDTH="123.02362204724409" VPOS="998.0787401574803" HPOS="154.48818897637796" CONTENT="Sidus." ID="tl_27_3" STYLEREFS="FONT2"/>
          </TextLine>
        </TextBlock>
        <TextBlock ID="r_3_4" HEIGHT="239.24409448818898" WIDTH="695.0551181102362" VPOS="1051.6535433070867" HPOS="81.07086614173228">
          <TextLine ID="tl_28" BASELINE="3805" HEIGHT="26.64566929133858" WIDTH="664.4409448818898" VPOS="1051.9370078740158" HPOS="109.13385826771653">
            <String HEIGHT="26.64566929133858" WIDTH="132.9448818897638" VPOS="1051.9370078740158" HPOS="98.07874015748031" CONTENT="ASTUTUS." ID="tl_28_1" STYLEREFS="FONT0"/>
            <SP HEIGHT="26.64566929133858" WIDTH="11.05511811023622" VPOS="1051.9370078740158" HPOS="231.0236220472441"/>
            <String HEIGHT="26.64566929133858" WIDTH="144.0" VPOS="1051.9370078740158" HPOS="197.85826771653544" CONTENT="CALLIDUS." ID="tl_28_2" STYLEREFS="FONT0"/>
            <SP HEIGHT="26.64566929133858" WIDTH="11.05511811023622" VPOS="1051.9370078740158" HPOS="341.5748031496063"/>
            <String HEIGHT="26.64566929133858" WIDTH="110.83464566929133" VPOS="1051.9370078740158" HPOS="308.40944881889766" CONTENT="VAFER." ID="tl_28_3" STYLEREFS="FONT0"/>
            <SP HEIGHT="26.64566929133858" WIDTH="11.05511811023622" VPOS="1051.9370078740158" HPOS="419.244094488189"/>
            <String HEIGHT="26.64566929133858" WIDTH="144.0" VPOS="1051.9370078740158" HPOS="386.0787401574803" CONTENT="VERSUTUS." ID="tl_28_4" STYLEREFS="FONT0"/>
            <SP HEIGHT="26.64566929133858" WIDTH="11.05511811023622" VPOS="1051.9370078740158" HPOS="530.0787401574803"/>
            <String HEIGHT="26.64566929133858" WIDTH="210.33070866141733" VPOS="1051.9370078740158" HPOS="496.62992125984255" CONTENT="Astutus," ID="tl_28_5" STYLEREFS="FONT2"/>
            <SP HEIGHT="26.64566929133858" WIDTH="11.05511811023622" VPOS="1051.9370078740158" HPOS="707.2440944881889"/>
            <String HEIGHT="26.64566929133858" WIDTH="66.33070866141732" VPOS="1051.9370078740158" HPOS="673.7952755905512" CONTENT="en" ID="tl_28_6" STYLEREFS="FONT0"/>
            <SP HEIGHT="26.64566929133858" WIDTH="11.05511811023622" VPOS="1051.9370078740158" HPOS="740.4094488188977"/>
            <String HEIGHT="26.64566929133858" WIDTH="77.38582677165354" VPOS="1051.9370078740158" HPOS="696.1889763779527" CONTENT="vieux" ID="tl_28_7" STYLEREFS="FONT0"/>
          </TextLine>
          <TextLine ID="tl_29" BASELINE="3931" HEIGHT="27.212598425196852" WIDTH="693.9212598425197" VPOS="1087.0866141732283" HPOS="81.35433070866142">
            <String HEIGHT="27.212598425196852" WIDTH="86.74015748031496" VPOS="1087.0866141732283" HPOS="71.71653543307086" CONTENT="latin" ID="tl_29_1" STYLEREFS="FONT0"/>
            <SP HEIGHT="27.212598425196852" WIDTH="9.637795275590552" VPOS="1087.0866141732283" HPOS="158.45669291338584"/>
            <String HEIGHT="27.212598425196852" WIDTH="163.84251968503938" VPOS="1087.0866141732283" HPOS="129.54330708661416" CONTENT="astus," ID="tl_29_2" STYLEREFS="FONT2"/>
            <SP HEIGHT="27.212598425196852" WIDTH="9.637795275590552" VPOS="1087.0866141732283" HPOS="293.38582677165357"/>
            <String HEIGHT="27.212598425196852" WIDTH="57.826771653543304" VPOS="1087.0866141732283" HPOS="264.4724409448819" CONTENT="et" ID="tl_29_3" STYLEREFS="FONT0"/>
            <SP HEIGHT="27.212598425196852" WIDTH="9.637795275590552" VPOS="1087.0866141732283" HPOS="322.2992125984252"/>
            <String HEIGHT="27.212598425196852" WIDTH="183.11811023622047" VPOS="1087.0866141732283" HPOS="293.38582677165357" CONTENT="callidus" ID="tl_29_4" STYLEREFS="FONT2"/>
            <SP HEIGHT="27.212598425196852" WIDTH="9.637795275590552" VPOS="1087.0866141732283" HPOS="476.503937007874"/>
            <String HEIGHT="27.212598425196852" WIDTH="144.56692913385828" VPOS="1087.0866141732283" HPOS="447.59055118110234" CONTENT="s’entendent" ID="tl_29_5" STYLEREFS="FONT0"/>
            <SP HEIGHT="27.212598425196852" WIDTH="9.637795275590552" VPOS="1087.0866141732283" HPOS="592.1574803149606"/>
            <String HEIGHT="27.212598425196852" WIDTH="57.826771653543304" VPOS="1087.0866141732283" HPOS="563.2440944881889" CONTENT="de" ID="tl_29_6" STYLEREFS="FONT0"/>
            <SP HEIGHT="27.212598425196852" WIDTH="9.637795275590552" VPOS="1087.0866141732283" HPOS="621.0708661417323"/>
            <String HEIGHT="27.212598425196852" WIDTH="57.826771653543304" VPOS="1087.0866141732283" HPOS="592.1574803149606" CONTENT="la" ID="tl_29_7" STYLEREFS="FONT0"/>
            <SP HEIGHT="27.212598425196852" WIDTH="9.637795275590552" VPOS="1087.0866141732283" HPOS="649.9842519685039"/>
            <String HEIGHT="27.212598425196852" WIDTH="106.01574803149606" VPOS="1087.0866141732283" HPOS="621.0708661417323" CONTENT="finesse" ID="tl_29_8" STYLEREFS="FONT0"/>
            <SP HEIGHT="27.212598425196852" WIDTH="9.637795275590552" VPOS="1087.0866141732283" HPOS="727.0866141732283"/>
            <String HEIGHT="27.212598425196852" WIDTH="57.826771653543304" VPOS="1087.0866141732283" HPOS="698.1732283464567" CONTENT="au" ID="tl_29_9" STYLEREFS="FONT0"/>
            <SP HEIGHT="27.212598425196852" WIDTH="9.637795275590552" VPOS="1087.0866141732283" HPOS="756.0"/>
            <String HEIGHT="27.212598425196852" WIDTH="57.826771653543304" VPOS="1087.0866141732283" HPOS="717.4488188976378" CONTENT="sens" ID="tl_29_10" STYLEREFS="FONT0"/>
          </TextLine>
          <TextLine ID="tl_30" BASELINE="4057" HEIGHT="28.346456692913385" WIDTH="692.7874015748032" VPOS="1121.6692913385828" HPOS="82.48818897637796">
            <String HEIGHT="28.346456692913385" WIDTH="181.13385826771653" VPOS="1121.6692913385828" HPOS="71.71653543307086" CONTENT="intellectuel;" ID="tl_30_1" STYLEREFS="FONT0"/>
            <SP HEIGHT="28.346456692913385" WIDTH="10.771653543307087" VPOS="1121.6692913385828" HPOS="253.13385826771653"/>
            <String HEIGHT="28.346456692913385" WIDTH="95.81102362204724" VPOS="1121.6692913385828" HPOS="221.10236220472441" CONTENT="c’est" ID="tl_30_2" STYLEREFS="FONT0"/>
            <SP HEIGHT="28.346456692913385" WIDTH="10.771653543307087" VPOS="1121.6692913385828" HPOS="316.9133858267717"/>
            <String HEIGHT="28.346456692913385" WIDTH="74.55118110236221" VPOS="1121.6692913385828" HPOS="284.88188976377955" CONTENT="une" ID="tl_30_3" STYLEREFS="FONT0"/>
            <SP HEIGHT="28.346456692913385" WIDTH="10.771653543307087" VPOS="1121.6692913385828" HPOS="359.7165354330709"/>
            <String HEIGHT="28.346456692913385" WIDTH="117.35433070866142" VPOS="1121.6692913385828" HPOS="327.68503937007875" CONTENT="variété" ID="tl_30_4" STYLEREFS="FONT0"/>
            <SP HEIGHT="28.346456692913385" WIDTH="10.771653543307087" VPOS="1121.6692913385828" HPOS="444.755905511811"/>
            <String HEIGHT="28.346456692913385" WIDTH="64.06299212598425" VPOS="1121.6692913385828" HPOS="413.00787401574803" CONTENT="de" ID="tl_30_5" STYLEREFS="FONT0"/>
            <SP HEIGHT="28.346456692913385" WIDTH="10.771653543307087" VPOS="1121.6692913385828" HPOS="476.78740157480314"/>
            <String HEIGHT="28.346456692913385" WIDTH="64.06299212598425" VPOS="1121.6692913385828" HPOS="444.755905511811" CONTENT="la" ID="tl_30_6" STYLEREFS="FONT0"/>
            <SP HEIGHT="28.346456692913385" WIDTH="10.771653543307087" VPOS="1121.6692913385828" HPOS="508.81889763779526"/>
            <String HEIGHT="28.346456692913385" WIDTH="138.61417322834646" VPOS="1121.6692913385828" HPOS="476.78740157480314" CONTENT="prudence:" ID="tl_30_7" STYLEREFS="FONT0"/>
            <SP HEIGHT="28.346456692913385" WIDTH="10.771653543307087" VPOS="1121.6692913385828" HPOS="615.4015748031496"/>
            <String HEIGHT="28.346456692913385" WIDTH="191.90551181102362" VPOS="1121.6692913385828" HPOS="583.3700787401575" CONTENT="astutus" ID="tl_30_8" STYLEREFS="FONT2"/>
            <SP HEIGHT="28.346456692913385" WIDTH="10.771653543307087" VPOS="1121.6692913385828" HPOS="775.2755905511812"/>
            <String HEIGHT="28.346456692913385" WIDTH="42.51968503937008" VPOS="1121.6692913385828" HPOS="732.7559055118111" CONTENT="se" ID="tl_30_9" STYLEREFS="FONT0"/>
          </TextLine>
          <TextLine ID="tl_31" BASELINE="4185" HEIGHT="30.04724409448819" WIDTH="690.5196850393701" VPOS="1156.251968503937" HPOS="83.62204724409449">
            <String HEIGHT="30.04724409448819" WIDTH="79.37007874015748" VPOS="1156.251968503937" HPOS="72.28346456692914" CONTENT="dit" ID="tl_31_1" STYLEREFS="FONT0"/>
            <SP HEIGHT="30.04724409448819" WIDTH="11.338582677165354" VPOS="1156.251968503937" HPOS="151.6535433070866"/>
            <String HEIGHT="30.04724409448819" WIDTH="68.03149606299213" VPOS="1156.251968503937" HPOS="117.63779527559055" CONTENT="de" ID="tl_31_2" STYLEREFS="FONT0"/>
            <SP HEIGHT="30.04724409448819" WIDTH="11.338582677165354" VPOS="1156.251968503937" HPOS="185.38582677165354"/>
            <String HEIGHT="30.04724409448819" WIDTH="68.03149606299213" VPOS="1156.251968503937" HPOS="151.6535433070866" CONTENT="la" ID="tl_31_3" STYLEREFS="FONT0"/>
            <SP HEIGHT="30.04724409448819" WIDTH="11.338582677165354" VPOS="1156.251968503937" HPOS="219.4015748031496"/>
            <String HEIGHT="30.04724409448819" WIDTH="135.7795275590551" VPOS="1156.251968503937" HPOS="185.38582677165354" CONTENT="sagacité" ID="tl_31_4" STYLEREFS="FONT0"/>
            <SP HEIGHT="30.04724409448819" WIDTH="11.338582677165354" VPOS="1156.251968503937" HPOS="321.4488188976378"/>
            <String HEIGHT="30.04724409448819" WIDTH="79.37007874015748" VPOS="1156.251968503937" HPOS="287.43307086614175" CONTENT="qui" ID="tl_31_5" STYLEREFS="FONT0"/>
            <SP HEIGHT="30.04724409448819" WIDTH="11.338582677165354" VPOS="1156.251968503937" HPOS="366.5196850393701"/>
            <String HEIGHT="30.04724409448819" WIDTH="124.44094488188976" VPOS="1156.251968503937" HPOS="332.78740157480314" CONTENT="invente" ID="tl_31_6" STYLEREFS="FONT0"/>
            <SP HEIGHT="30.04724409448819" WIDTH="11.338582677165354" VPOS="1156.251968503937" HPOS="457.2283464566929"/>
            <String HEIGHT="30.04724409448819" WIDTH="68.03149606299213" VPOS="1156.251968503937" HPOS="423.21259842519686" CONTENT="et" ID="tl_31_7" STYLEREFS="FONT0"/>
            <SP HEIGHT="30.04724409448819" WIDTH="11.338582677165354" VPOS="1156.251968503937" HPOS="491.244094488189"/>
            <String HEIGHT="30.04724409448819" WIDTH="113.10236220472441" VPOS="1156.251968503937" HPOS="457.2283464566929" CONTENT="dirige" ID="tl_31_8" STYLEREFS="FONT0"/>
            <SP HEIGHT="30.04724409448819" WIDTH="11.338582677165354" VPOS="1156.251968503937" HPOS="570.3307086614174"/>
            <String HEIGHT="30.04724409448819" WIDTH="79.37007874015748" VPOS="1156.251968503937" HPOS="536.3149606299213" CONTENT="des" ID="tl_31_9" STYLEREFS="FONT0"/>
            <SP HEIGHT="30.04724409448819" WIDTH="11.338582677165354" VPOS="1156.251968503937" HPOS="615.6850393700787"/>
            <String HEIGHT="30.04724409448819" WIDTH="113.10236220472441" VPOS="1156.251968503937" HPOS="581.6692913385826" CONTENT="menées" ID="tl_31_10" STYLEREFS="FONT0"/>
            <SP HEIGHT="30.04724409448819" WIDTH="11.338582677165354" VPOS="1156.251968503937" HPOS="694.7716535433071"/>
            <String HEIGHT="30.04724409448819" WIDTH="124.44094488188976" VPOS="1156.251968503937" HPOS="649.7007874015748" CONTENT="secrètes;" ID="tl_31_11" STYLEREFS="FONT0"/>
          </TextLine>
          <TextLine ID="tl_32" BASELINE="4307" HEIGHT="30.04724409448819" WIDTH="691.6535433070866" VPOS="1190.8346456692914" HPOS="83.05511811023622">
            <String HEIGHT="30.04724409448819" WIDTH="56.125984251968504" VPOS="1190.8346456692914" HPOS="73.7007874015748" CONTENT="il" ID="tl_32_1" STYLEREFS="FONT0"/>
            <SP HEIGHT="30.04724409448819" WIDTH="9.354330708661417" VPOS="1190.8346456692914" HPOS="129.82677165354332"/>
            <String HEIGHT="30.04724409448819" WIDTH="65.48031496062993" VPOS="1190.8346456692914" HPOS="101.76377952755905" CONTENT="est" ID="tl_32_2" STYLEREFS="FONT0"/>
            <SP HEIGHT="30.04724409448819" WIDTH="9.354330708661417" VPOS="1190.8346456692914" HPOS="167.24409448818898"/>
            <String HEIGHT="30.04724409448819" WIDTH="112.25196850393701" VPOS="1190.8346456692914" HPOS="139.1811023622047" CONTENT="synonyme" ID="tl_32_3" STYLEREFS="FONT0"/>
            <SP HEIGHT="30.04724409448819" WIDTH="9.354330708661417" VPOS="1190.8346456692914" HPOS="251.43307086614172"/>
            <String HEIGHT="30.04724409448819" WIDTH="56.125984251968504" VPOS="1190.8346456692914" HPOS="223.37007874015748" CONTENT="de" ID="tl_32_4" STYLEREFS="FONT0"/>
            <SP HEIGHT="30.04724409448819" WIDTH="9.354330708661417" VPOS="1190.8346456692914" HPOS="279.21259842519686"/>
            <String HEIGHT="30.04724409448819" WIDTH="168.3779527559055" VPOS="1190.8346456692914" HPOS="251.43307086614172" CONTENT="solers," ID="tl_32_5" STYLEREFS="FONT2"/>
            <SP HEIGHT="30.04724409448819" WIDTH="9.354330708661417" VPOS="1190.8346456692914" HPOS="419.5275590551181"/>
            <String HEIGHT="30.04724409448819" WIDTH="84.18897637795276" VPOS="1190.8346456692914" HPOS="391.46456692913387" CONTENT="rusé;" ID="tl_32_6" STYLEREFS="FONT0"/>
            <SP HEIGHT="30.04724409448819" WIDTH="9.354330708661417" VPOS="1190.8346456692914" HPOS="475.65354330708664"/>
            <String HEIGHT="30.04724409448819" WIDTH="177.4488188976378" VPOS="1190.8346456692914" HPOS="447.59055118110234" CONTENT="callidus" ID="tl_32_7" STYLEREFS="FONT2"/>
            <SP HEIGHT="30.04724409448819" WIDTH="9.354330708661417" VPOS="1190.8346456692914" HPOS="625.0393700787401"/>
            <String HEIGHT="30.04724409448819" WIDTH="56.125984251968504" VPOS="1190.8346456692914" HPOS="597.2598425196851" CONTENT="se" ID="tl_32_8" STYLEREFS="FONT0"/>
            <SP HEIGHT="30.04724409448819" WIDTH="9.354330708661417" VPOS="1190.8346456692914" HPOS="653.1023622047244"/>
            <String HEIGHT="30.04724409448819" WIDTH="65.48031496062993" VPOS="1190.8346456692914" HPOS="625.0393700787401" CONTENT="dit" ID="tl_32_9" STYLEREFS="FONT0"/>
            <SP HEIGHT="30.04724409448819" WIDTH="9.354330708661417" VPOS="1190.8346456692914" HPOS="690.5196850393701"/>
            <String HEIGHT="30.04724409448819" WIDTH="56.125984251968504" VPOS="1190.8346456692914" HPOS="662.4566929133858" CONTENT="de" ID="tl_32_10" STYLEREFS="FONT0"/>
            <SP HEIGHT="30.04724409448819" WIDTH="9.354330708661417" VPOS="1190.8346456692914" HPOS="718.5826771653543"/>
            <String HEIGHT="30.04724409448819" WIDTH="56.125984251968504" VPOS="1190.8346456692914" HPOS="690.5196850393701" CONTENT="la" ID="tl_32_11" STYLEREFS="FONT0"/>
            <SP HEIGHT="30.04724409448819" WIDTH="9.354330708661417" VPOS="1190.8346456692914" HPOS="746.6456692913385"/>
            <String HEIGHT="30.04724409448819" WIDTH="65.48031496062993" VPOS="1190.8346456692914" HPOS="709.2283464566929" CONTENT="péné" SUBS_TYPE="HypPart1" SUBS_CONTENT="pénétration" ID="tl_32_12" STYLEREFS="FONT0"/>
            <HYP CONTENT="-"/>
          </TextLine>
          <TextLine ID="tl_33" BASELINE="4427" HEIGHT="28.913385826771652" WIDTH="691.6535433070866" VPOS="1225.984251968504" HPOS="84.18897637795276">
            <String HEIGHT="28.913385826771652" WIDTH="126.70866141732283" VPOS="1225.984251968504" HPOS="72.56692913385827" CONTENT="tration" SUBS_TYPE="HypPart2" SUBS_CONTENT="pénétration" ID="tl_33_1" STYLEREFS="FONT0"/>
            <SP HEIGHT="28.913385826771652" WIDTH="11.622047244094489" VPOS="1225.984251968504" HPOS="199.55905511811022"/>
            <String HEIGHT="28.913385826771652" WIDTH="80.78740157480316" VPOS="1225.984251968504" HPOS="164.9763779527559" CONTENT="qui" ID="tl_33_2" STYLEREFS="FONT0"/>
            <SP HEIGHT="28.913385826771652" WIDTH="11.622047244094489" VPOS="1225.984251968504" HPOS="245.48031496062993"/>
            <String HEIGHT="28.913385826771652" WIDTH="161.29133858267716" VPOS="1225.984251968504" HPOS="210.89763779527559" CONTENT="débrouille" ID="tl_33_3" STYLEREFS="FONT0"/>
            <SP HEIGHT="28.913385826771652" WIDTH="11.622047244094489" VPOS="1225.984251968504" HPOS="372.4724409448819"/>
            <String HEIGHT="28.913385826771652" WIDTH="80.78740157480316" VPOS="1225.984251968504" HPOS="337.8897637795276" CONTENT="les" ID="tl_33_4" STYLEREFS="FONT0"/>
            <SP HEIGHT="28.913385826771652" WIDTH="11.622047244094489" VPOS="1225.984251968504" HPOS="418.3937007874016"/>
            <String HEIGHT="28.913385826771652" WIDTH="138.33070866141733" VPOS="1225.984251968504" HPOS="383.81102362204723" CONTENT="affaires" ID="tl_33_5" STYLEREFS="FONT0"/>
            <SP HEIGHT="28.913385826771652" WIDTH="11.622047244094489" VPOS="1225.984251968504" HPOS="522.1417322834645"/>
            <String HEIGHT="28.913385826771652" WIDTH="195.8740157480315" VPOS="1225.984251968504" HPOS="487.5590551181102" CONTENT="embarrassées," ID="tl_33_6" STYLEREFS="FONT0"/>
            <SP HEIGHT="28.913385826771652" WIDTH="11.622047244094489" VPOS="1225.984251968504" HPOS="683.7165354330708"/>
            <String HEIGHT="28.913385826771652" WIDTH="69.16535433070867" VPOS="1225.984251968504" HPOS="649.1338582677165" CONTENT="de" ID="tl_33_7" STYLEREFS="FONT0"/>
            <SP HEIGHT="28.913385826771652" WIDTH="11.622047244094489" VPOS="1225.984251968504" HPOS="718.2992125984252"/>
            <String HEIGHT="28.913385826771652" WIDTH="69.16535433070867" VPOS="1225.984251968504" HPOS="683.7165354330708" CONTENT="la" ID="tl_33_8" STYLEREFS="FONT0"/>
            <SP HEIGHT="28.913385826771652" WIDTH="11.622047244094489" VPOS="1225.984251968504" HPOS="752.8818897637796"/>
            <String HEIGHT="28.913385826771652" WIDTH="69.16535433070867" VPOS="1225.984251968504" HPOS="706.6771653543307" CONTENT="pru" SUBS_TYPE="HypPart1" SUBS_CONTENT="prudence" ID="tl_33_9" STYLEREFS="FONT0"/>
            <HYP CONTENT="-"/>
          </TextLine>
          <TextLine ID="tl_34" BASELINE="4553" HEIGHT="30.04724409448819" WIDTH="689.9527559055118" VPOS="1260.5669291338584" HPOS="85.88976377952756">
            <String HEIGHT="30.04724409448819" WIDTH="108.85039370078741" VPOS="1260.5669291338584" HPOS="73.7007874015748" CONTENT="dence" SUBS_TYPE="HypPart2" SUBS_CONTENT="prudence" ID="tl_34_1" STYLEREFS="FONT0"/>
            <SP HEIGHT="30.04724409448819" WIDTH="12.188976377952756" VPOS="1260.5669291338584" HPOS="182.83464566929135"/>
            <String HEIGHT="30.04724409448819" WIDTH="145.13385826771653" VPOS="1260.5669291338584" HPOS="146.5511811023622" CONTENT="pratique" ID="tl_34_2" STYLEREFS="FONT0"/>
            <SP HEIGHT="30.04724409448819" WIDTH="12.188976377952756" VPOS="1260.5669291338584" HPOS="291.68503937007875"/>
            <String HEIGHT="30.04724409448819" WIDTH="84.75590551181102" VPOS="1260.5669291338584" HPOS="255.4015748031496" CONTENT="qui" ID="tl_34_3" STYLEREFS="FONT0"/>
            <SP HEIGHT="30.04724409448819" WIDTH="12.188976377952756" VPOS="1260.5669291338584" HPOS="340.15748031496065"/>
            <String HEIGHT="30.04724409448819" WIDTH="145.13385826771653" VPOS="1260.5669291338584" HPOS="303.87401574803147" CONTENT="provient" ID="tl_34_4" STYLEREFS="FONT0"/>
            <SP HEIGHT="30.04724409448819" WIDTH="12.188976377952756" VPOS="1260.5669291338584" HPOS="449.00787401574803"/>
            <String HEIGHT="30.04724409448819" WIDTH="72.56692913385827" VPOS="1260.5669291338584" HPOS="412.7244094488189" CONTENT="de" ID="tl_34_5" STYLEREFS="FONT0"/>
            <SP HEIGHT="30.04724409448819" WIDTH="12.188976377952756" VPOS="1260.5669291338584" HPOS="485.29133858267716"/>
            <String HEIGHT="30.04724409448819" WIDTH="72.56692913385827" VPOS="1260.5669291338584" HPOS="449.00787401574803" CONTENT="la" ID="tl_34_6" STYLEREFS="FONT0"/>
            <SP HEIGHT="30.04724409448819" WIDTH="12.188976377952756" VPOS="1260.5669291338584" HPOS="521.5748031496063"/>
            <String HEIGHT="30.04724409448819" WIDTH="193.60629921259843" VPOS="1260.5669291338584" HPOS="485.29133858267716" CONTENT="connaissance" ID="tl_34_7" STYLEREFS="FONT0"/>
            <SP HEIGHT="30.04724409448819" WIDTH="12.188976377952756" VPOS="1260.5669291338584" HPOS="678.8976377952756"/>
            <String HEIGHT="30.04724409448819" WIDTH="84.75590551181102" VPOS="1260.5669291338584" HPOS="642.6141732283464" CONTENT="des" ID="tl_34_8" STYLEREFS="FONT0"/>
            <SP HEIGHT="30.04724409448819" WIDTH="12.188976377952756" VPOS="1260.5669291338584" HPOS="727.3700787401575"/>
            <String HEIGHT="30.04724409448819" WIDTH="96.94488188976378" VPOS="1260.5669291338584" HPOS="678.8976377952756" CONTENT="hommes" ID="tl_34_9" STYLEREFS="FONT0"/>
          </TextLine>
        </TextBlock>
      </PrintSpace>
    </Page>
  </Layout>
</alto>
