839.0551181102362 1397.1968503937007
34.86614173228347 125.5748031496063 55.55905511811024 19.275590551181104 14

340.15748031496065 129.54330708661416 114.80314960629921 17.007874015748033 MANUEL

51.023622047244096 172.62992125984252 245.1968503937008 28.913385826771652 individuellement;
261.07086614173227 172.62992125984252 198.4251968503937 28.913385826771652 penus,
424.34645669291336 172.62992125984252 81.63779527559055 28.913385826771652 par
471.11811023622045 172.62992125984252 128.40944881889763 28.913385826771652 rapport
564.3779527559055 172.62992125984252 58.39370078740158 28.913385826771652 à
587.9055118110236 172.62992125984252 163.2755905511811 28.913385826771652 l’économie
704.4094488188977 172.62992125984252 58.39370078740158 28.913385826771652 do-

55.55905511811024 207.7795275590551 117.92125984251969 28.346456692913385 mestique
144.28346456692913 207.7795275590551 58.960629921259844 28.346456692913385 de
173.76377952755905 207.7795275590551 88.44094488188976 28.346456692913385 toute
232.7244094488189 207.7795275590551 68.88188976377953 28.346456692913385 une
272.12598425196853 207.7795275590551 117.92125984251969 28.346456692913385 famille.
360.56692913385825 207.7795275590551 157.3228346456693 28.346456692913385 Cibus
488.40944881889766 207.7795275590551 58.960629921259844 28.346456692913385 et
517.8897637795276 207.7795275590551 147.68503937007873 28.346456692913385 esca
636.0944881889764 207.7795275590551 58.960629921259844 28.346456692913385 ne
665.5748031496063 207.7795275590551 58.960629921259844 28.346456692913385 se
685.1338582677165 207.7795275590551 78.80314960629921 28.346456692913385 disent

55.275590551181104 241.79527559055117 70.58267716535433 30.614173228346456 que
95.81102362204724 241.79527559055117 70.58267716535433 30.614173228346456 des
136.06299212598427 241.79527559055117 120.75590551181102 30.614173228346456 aliments
226.77165354330708 241.79527559055117 110.83464566929133 30.614173228346456 solides
307.2755905511811 241.79527559055117 70.58267716535433 30.614173228346456 par
347.5275590551181 241.79527559055117 141.16535433070865 30.614173228346456 opposition
458.3622047244094 241.79527559055117 50.45669291338583 30.614173228346456 à
478.48818897637796 241.79527559055117 171.21259842519686 30.614173228346456 potio.
609.4488188976378 241.79527559055117 151.08661417322836 30.614173228346456 Cibus,

54.70866141732284 276.37795275590554 117.63779527559055 28.913385826771652 aliment
140.31496062992127 276.37795275590554 106.86614173228347 28.913385826771652 fourni
215.1496062992126 276.37795275590554 74.83464566929133 28.913385826771652 par
257.9527559055118 276.37795275590554 64.06299212598425 28.913385826771652 la
289.98425196850394 276.37795275590554 117.63779527559055 28.913385826771652 nature,
375.59055118110234 276.37795275590554 138.89763779527559 28.913385826771652 ressource
482.45669291338584 276.37795275590554 171.21259842519686 28.913385826771652 alimentaire;
610.8661417322835 276.37795275590554 149.66929133858267 28.913385826771652 esca,

54.70866141732284 311.5275590551181 94.11023622047244 29.480314960629922 mets
113.66929133858268 311.5275590551181 82.48818897637796 29.480314960629922 qui
160.7244094488189 311.5275590551181 58.960629921259844 29.480314960629922 a
184.251968503937 311.5275590551181 94.11023622047244 29.480314960629922 subi
243.21259842519686 311.5275590551181 82.48818897637796 29.480314960629922 une
290.26771653543307 311.5275590551181 176.5984251968504 29.480314960629922 préparation
431.43307086614175 311.5275590551181 200.1259842519685 29.480314960629922 artificielle,
596.4094488188977 311.5275590551181 94.11023622047244 29.480314960629922 plat
643.4645669291339 311.5275590551181 117.63779527559055 29.480314960629922 apprêté.

56.40944881889764 345.54330708661416 179.43307086614172 29.480314960629922 Cibus
202.39370078740157 345.54330708661416 78.51968503937007 29.480314960629922 est
247.1811023622047 345.54330708661416 67.18110236220473 29.480314960629922 le
280.62992125984255 345.54330708661416 89.5748031496063 29.480314960629922 seul
336.755905511811 345.54330708661416 67.18110236220473 29.480314960629922 de
370.48818897637796 345.54330708661416 78.51968503937007 29.480314960629922 ces
415.2755905511811 345.54330708661416 89.5748031496063 29.480314960629922 deux
471.40157480314963 345.54330708661416 89.5748031496063 29.480314960629922 mots
527.2440944881889 345.54330708661416 78.51968503937007 29.480314960629922 qui
572.3149606299213 345.54330708661416 67.18110236220473 29.480314960629922 se
605.7637795275591 345.54330708661416 89.5748031496063 29.480314960629922 dise
661.8897637795276 345.54330708661416 100.91338582677166 29.480314960629922 aussi
718.0157480314961 345.54330708661416 44.78740157480315 29.480314960629922 de

56.125984251968504 380.6929133858268 66.33070866141732 29.480314960629922 la
89.29133858267717 380.6929133858268 154.48818897637796 29.480314960629922 nourriture
210.61417322834646 380.6929133858268 77.38582677165354 29.480314960629922 des
254.83464566929135 380.6929133858268 132.3779527559055 29.480314960629922 animaux;
354.3307086614173 380.6929133858268 176.5984251968504 29.480314960629922 esca,
497.76377952755905 380.6929133858268 66.33070866141732 29.480314960629922 le
530.9291338582677 380.6929133858268 88.44094488188976 29.480314960629922 seul
586.2047244094488 380.6929133858268 77.38582677165354 29.480314960629922 qui
630.4251968503937 380.6929133858268 143.43307086614172 29.480314960629922 convienne
729.6377952755905 380.6929133858268 33.16535433070866 29.480314960629922 à

54.70866141732284 415.2755905511811 138.61417322834646 29.480314960629922 l’appât
155.33858267716536 415.2755905511811 113.38582677165354 29.480314960629922 qu’on
231.0236220472441 415.2755905511811 100.62992125984252 29.480314960629922 leur
293.9527559055118 415.2755905511811 138.61417322834646 29.480314960629922 prépare
394.5826771653543 415.2755905511811 75.68503937007874 29.480314960629922 et
432.56692913385825 415.2755905511811 113.38582677165354 29.480314960629922 qu’on
507.9685039370079 415.2755905511811 100.62992125984252 29.480314960629922 leur
570.8976377952756 415.2755905511811 163.84251968503938 29.480314960629922 présente.
684.2834645669292 415.2755905511811 75.68503937007874 29.480314960629922 CIC.

55.84251968503937 450.4251968503937 67.18110236220473 28.913385826771652 N.
89.5748031496063 450.4251968503937 67.18110236220473 28.913385826771652 D.
123.30708661417323 450.4251968503937 78.51968503937007 28.913385826771652 II,
168.09448818897638 450.4251968503937 78.51968503937007 28.913385826771652 47.
212.88188976377953 450.4251968503937 134.36220472440945 28.913385826771652 Animalia
313.51181102362204 450.4251968503937 179.1496062992126 28.913385826771652 cibum
459.21259842519686 450.4251968503937 111.96850393700787 28.913385826771652 partim
537.7322834645669 450.4251968503937 134.36220472440945 28.913385826771652 dentibus
627.3070866141733 450.4251968503937 134.36220472440945 28.913385826771652 capessunt.

55.55905511811024 485.5748031496063 77.10236220472441 22.677165354330707 Un
94.11023622047244 485.5748031496063 141.4488188976378 22.677165354330707 certain
197.00787401574803 485.5748031496063 128.69291338582678 22.677165354330707 nombre
287.1496062992126 485.5748031496063 167.24409448818898 22.677165354330707 d’animaux
415.84251968503935 485.5748031496063 180.28346456692913 22.677165354330707 saisissent
557.2913385826772 485.5748031496063 102.89763779527559 22.677165354330707 leur
608.8818897637796 485.5748031496063 154.48818897637796 22.677165354330707 nourriture

55.275590551181104 520.1574803149606 89.85826771653544 27.77952755905512 avec
111.4015748031496 520.1574803149606 78.51968503937007 27.77952755905512 les
156.4724409448819 520.1574803149606 112.25196850393701 27.77952755905512 dents.
234.99212598425197 520.1574803149606 134.64566929133858 27.77952755905512 Comparez
336.18897637795277 520.1574803149606 89.85826771653544 27.77952755905512 avec
392.31496062992125 520.1574803149606 78.51968503937007 27.77952755905512 II,
437.1023622047244 520.1574803149606 78.51968503937007 27.77952755905512 23.
482.1732283464567 520.1574803149606 78.51968503937007 27.77952755905512 Dii
526.9606299212599 520.1574803149606 78.51968503937007 27.77952755905512 nec
572.0314960629921 520.1574803149606 179.71653543307087 27.77952755905512 escis
706.6771653543307 520.1574803149606 56.125984251968504 27.77952755905512 nec

54.70866141732284 554.7401574803149 174.04724409448818 28.913385826771652 potionibus
191.33858267716536 554.7401574803149 174.04724409448818 28.913385826771652 vescuntur.
327.9685039370079 554.7401574803149 87.02362204724409 28.913385826771652 Les
377.8582677165354 554.7401574803149 111.68503937007874 28.913385826771652 dieux
452.12598425196853 554.7401574803149 74.55118110236221 28.913385826771652 se
489.54330708661416 554.7401574803149 136.62992125984252 28.913385826771652 passent
589.0393700787401 554.7401574803149 99.49606299212599 28.913385826771652 pour
651.1181102362204 554.7401574803149 111.68503937007874 28.913385826771652 vivre
713.1968503937007 554.7401574803149 49.60629921259842 28.913385826771652 de

55.84251968503937 589.8897637795276 130.6771653543307 22.677165354330707 cuisine
150.8031496062992 589.8897637795276 71.14960629921259 22.677165354330707 et
186.51968503937007 589.8897637795276 71.14960629921259 22.677165354330707 de
210.33070866141733 589.8897637795276 83.05511811023622 22.677165354330707 cave.

85.03937007874016 623.3385826771654 63.496062992125985 27.77952755905512 2.
116.78740157480316 623.3385826771654 200.9763779527559 27.77952755905512 Cibaria,
285.73228346456693 623.3385826771654 116.22047244094489 27.77952755905512 denrées
370.48818897637796 623.3385826771654 169.22834645669292 27.77952755905512 alimentaires
507.9685039370079 623.3385826771654 147.96850393700788 27.77952755905512 ordinaires
624.1889763779527 623.3385826771654 63.496062992125985 27.77952755905512 et
645.4488188976378 623.3385826771654 116.22047244094489 27.77952755905512 usuelles;

56.40944881889764 657.9212598425197 204.66141732283464 27.77952755905512 edulia,
226.77165354330708 657.9212598425197 136.3464566929134 27.77952755905512 morceaux
329.1023622047244 657.9212598425197 125.00787401574803 27.77952755905512 friands
420.09448818897636 657.9212598425197 68.31496062992126 27.77952755905512 et
454.1102362204724 657.9212598425197 170.36220472440945 27.77952755905512 recherchés.
590.7401574803149 657.9212598425197 102.33070866141732 27.77952755905512 SUET.
658.7716535433071 657.9212598425197 90.99212598425197 27.77952755905512 Tib.
704.4094488188977 657.9212598425197 56.69291338582677 27.77952755905512 46.

57.54330708661417 692.503937007874 119.33858267716535 29.480314960629922 Comites
144.28346456692913 692.503937007874 119.33858267716535 29.480314960629922 nunquam
231.0236220472441 692.503937007874 130.11023622047244 29.480314960629922 salario,
328.81889763779526 692.503937007874 206.07874015748033 29.480314960629922 cibariis
502.2992125984252 692.503937007874 108.56692913385827 29.480314960629922 tantum
578.2677165354331 692.503937007874 173.76377952755905 29.480314960629922 sustentavit.
708.6614173228346 692.503937007874 54.14173228346457 29.480314960629922 Les

56.976377952755904 727.6535433070866 90.99212598425197 30.614173228346456 gens
113.95275590551181 727.6535433070866 68.31496062992126 30.614173228346456 de
147.96850393700788 727.6535433070866 68.31496062992126 30.614173228346456 sa
182.26771653543307 727.6535433070866 102.33070866141732 30.614173228346456 suite
250.58267716535434 727.6535433070866 68.31496062992126 30.614173228346456 ne
284.59842519685037 727.6535433070866 136.62992125984252 30.614173228346456 tiraient
387.21259842519686 727.6535433070866 68.31496062992126 30.614173228346456 de
421.2283464566929 727.6535433070866 79.65354330708661 30.614173228346456 lui
466.86614173228344 727.6535433070866 79.65354330708661 30.614173228346456 que
512.2204724409448 727.6535433070866 79.65354330708661 30.614173228346456 des
557.8582677165355 727.6535433070866 125.29133858267717 30.614173228346456 vivres,
648.8503937007874 727.6535433070866 113.95275590551181 30.614173228346456 jamais
717.1653543307086 727.6535433070866 45.63779527559055 30.614173228346456 de

58.67716535433071 762.8031496062993 128.1259842519685 28.346456692913385 salaire.
155.0551181102362 762.8031496062993 128.1259842519685 28.346456692913385 Comparez
251.1496062992126 762.8031496062993 85.60629921259843 28.346456692913385 avec
304.4409448818898 762.8031496062993 85.60629921259843 28.346456692913385 Cal.
358.01574803149606 762.8031496062993 74.83464566929133 28.346456692913385 40.
400.53543307086613 762.8031496062993 74.83464566929133 28.346456692913385 Pro
443.33858267716533 762.8031496062993 192.18897637795277 28.346456692913385 eduliis
603.7795275590552 762.8031496062993 106.86614173228347 28.346456692913385 certum
667.8425196850394 762.8031496062993 96.09448818897638 28.346456692913385 statum-

58.67716535433071 797.3858267716536 83.33858267716535 30.04724409448819 que
106.2992125984252 797.3858267716536 178.58267716535434 30.04724409448819 exigebatur.
249.16535433070865 797.3858267716536 71.43307086614173 30.04724409448819 Il
284.88188976377955 797.3858267716536 107.14960629921259 30.04724409448819 avait
356.31496062992125 797.3858267716536 83.33858267716535 30.04724409448819 mis
403.93700787401576 797.3858267716536 71.43307086614173 30.04724409448819 un
439.65354330708664 797.3858267716536 107.14960629921259 30.04724409448819 droit
511.0866141732283 797.3858267716536 83.33858267716535 30.04724409448819 sur
558.7086614173228 797.3858267716536 83.33858267716535 30.04724409448819 les
594.4251968503937 797.3858267716536 166.6771653543307 30.04724409448819 comestibles.

85.03937007874016 831.9685039370079 69.16535433070867 28.346456692913385 3.
119.62204724409449 831.9685039370079 207.21259842519686 28.346456692913385 Cibare,
292.251968503937 831.9685039370079 126.4251968503937 28.346456692913385 nourrir
384.37795275590554 831.9685039370079 69.16535433070867 28.346456692913385 de
418.6771653543307 831.9685039370079 69.16535433070867 28.346456692913385 sa
453.25984251968504 831.9685039370079 115.08661417322834 28.346456692913385 propre
533.7637795275591 831.9685039370079 92.1259842519685 28.346456692913385 main
591.3070866141733 831.9685039370079 103.46456692913385 28.346456692913385 comme
660.4724409448819 831.9685039370079 80.50393700787401 28.346456692913385 une
694.7716535433071 831.9685039370079 69.16535433070867 28.346456692913385 mère

57.826771653543304 867.1181102362204 69.44881889763779 28.346456692913385 ou
92.69291338582677 867.1181102362204 81.07086614173228 28.346456692913385 une
138.89763779527559 867.1181102362204 104.31496062992126 28.346456692913385 bonne
208.3464566929134 867.1181102362204 162.14173228346456 28.346456692913385 d’enfants;
335.62204724409446 867.1181102362204 219.96850393700788 28.346456692913385 pascere,
521.007874015748 867.1181102362204 127.2755905511811 28.346456692913385 fournir
613.4173228346457 867.1181102362204 150.51968503937007 28.346456692913385 seulement
717.7322834645669 867.1181102362204 46.20472440944882 28.346456692913385 la

57.826771653543304 901.7007874015748 161.5748031496063 27.77952755905512 nourriture
184.8188976377953 901.7007874015748 69.16535433070867 27.77952755905512 en
219.4015748031496 901.7007874015748 126.99212598425197 27.77952755905512 qualité
311.81102362204723 901.7007874015748 69.16535433070867 27.77952755905512 de
346.3937007874016 901.7007874015748 115.37007874015748 27.77952755905512 tuteur
427.18110236220474 901.7007874015748 69.16535433070867 27.77952755905512 ou
461.76377952755905 901.7007874015748 69.16535433070867 27.77952755905512 de
496.34645669291336 901.7007874015748 126.99212598425197 27.77952755905512 maître.
588.7559055118111 901.7007874015748 103.74803149606299 27.77952755905512 SUET.
657.9212598425197 901.7007874015748 92.40944881889764 27.77952755905512 Tib.
704.1259842519685 901.7007874015748 57.826771653543304 27.77952755905512 72.

57.826771653543304 936.2834645669292 140.5984251968504 29.480314960629922 Draconem
163.2755905511811 936.2834645669292 93.8267716535433 29.480314960629922 manu
221.95275590551182 936.2834645669292 81.92125984251969 29.480314960629922 sua
268.7244094488189 936.2834645669292 246.04724409448818 29.480314960629922 cibaturus.
479.62204724409446 936.2834645669292 140.5984251968504 29.480314960629922 Comparez
585.3543307086615 936.2834645669292 93.8267716535433 29.480314960629922 avec
643.7480314960629 936.2834645669292 105.44881889763779 29.480314960629922 Vesp.
702.4251968503937 936.2834645669292 58.67716535433071 29.480314960629922 18.

59.24409448818898 970.8661417322835 119.05511811023622 29.480314960629922 Sineret
145.98425196850394 970.8661417322835 64.91338582677166 29.480314960629922 se
178.29921259842519 970.8661417322835 151.6535433070866 29.480314960629922 plebeculam
297.6377952755906 970.8661417322835 205.79527559055117 29.480314960629922 pascere.
470.8346456692913 970.8661417322835 64.91338582677166 29.480314960629922 Un
503.43307086614175 970.8661417322835 108.28346456692914 29.480314960629922 dragon
579.1181102362204 970.8661417322835 108.28346456692914 29.480314960629922 auquel
655.0866141732283 970.8661417322835 64.91338582677166 29.480314960629922 il
676.6299212598425 970.8661417322835 86.74015748031496 29.480314960629922 allait

56.976377952755904 1006.5826771653543 129.82677165354332 28.346456692913385 donner
147.96850393700788 1006.5826771653543 64.91338582677166 28.346456692913385 à
173.76377952755905 1006.5826771653543 129.82677165354332 28.346456692913385 manger
264.755905511811 1006.5826771653543 77.95275590551181 28.346456692913385 de
303.59055118110234 1006.5826771653543 77.95275590551181 28.346456692913385 sa
342.4251968503937 1006.5826771653543 116.78740157480316 28.346456692913385 main.
420.37795275590554 1006.5826771653543 77.95275590551181 28.346456692913385 Il
459.21259842519686 1006.5826771653543 90.70866141732283 28.346456692913385 lui
511.0866141732283 1006.5826771653543 142.86614173228347 28.346456692913385 demanda
614.8346456692914 1006.5826771653543 77.95275590551181 28.346456692913385 la
640.9133858267717 1006.5826771653543 116.78740157480316 28.346456692913385 permis-

58.960629921259844 1041.1653543307086 93.8267716535433 28.346456692913385 sion
117.35433070866142 1041.1653543307086 70.2992125984252 28.346456692913385 de
152.50393700787401 1041.1653543307086 128.9763779527559 28.346456692913385 laisser
246.33070866141733 1041.1653543307086 70.2992125984252 28.346456692913385 au
281.4803149606299 1041.1653543307086 105.44881889763779 28.346456692913385 petit
351.7795275590551 1041.1653543307086 117.07086614173228 28.346456692913385 peuple
433.7007874015748 1041.1653543307086 70.2992125984252 28.346456692913385 sa
457.2283464566929 1041.1653543307086 163.84251968503938 28.346456692913385 subsistance.

61.79527559055118 1094.4566929133857 129.82677165354332 26.64566929133858 ALIQUANDO,
163.84251968503938 1094.4566929133857 55.55905511811024 26.64566929133858 v.
191.90551181102362 1094.4566929133857 204.09448818897638 26.64566929133858 Nonnunquam.
367.93700787401576 1094.4566929133857 102.04724409448819 26.64566929133858 ALITES,
442.20472440944883 1094.4566929133857 55.55905511811024 26.64566929133858 v.
460.9133858267717 1094.4566929133857 166.96062992125985 26.64566929133858 Volucres.

88.15748031496064 1143.7795275590552 135.21259842519686 28.913385826771652 ALLOQUI.
189.63779527559055 1143.7795275590552 157.88976377952756 28.913385826771652 APPELLARE.
313.51181102362204 1143.7795275590552 123.8740157480315 28.913385826771652 AFFARI.
403.93700787401576 1143.7795275590552 214.01574803149606 28.913385826771652 Alloqui,
584.2204724409448 1143.7795275590552 135.21259842519686 28.913385826771652 adresser
685.7007874015748 1143.7795275590552 67.74803149606299 28.913385826771652 la
708.0944881889764 1143.7795275590552 56.40944881889764 28.913385826771652 pa-

60.09448818897638 1177.7952755905512 93.8267716535433 30.04724409448819 role
118.77165354330708 1177.7952755905512 58.67716535433071 30.04724409448819 à
142.29921259842519 1177.7952755905512 164.40944881889763 30.04724409448819 quelqu’un,
271.2755905511811 1177.7952755905512 82.20472440944881 30.04724409448819 lui
318.3307086614173 1177.7952755905512 105.73228346456693 30.04724409448819 faire
388.62992125984255 1177.7952755905512 152.78740157480314 30.04724409448819 l’honneur
506.26771653543307 1177.7952755905512 70.58267716535433 30.04724409448819 de
541.4173228346457 1177.7952755905512 70.58267716535433 30.04724409448819 le
576.5669291338583 1177.7952755905512 117.35433070866142 30.04724409448819 saluer
658.7716535433071 1177.7952755905512 70.58267716535433 30.04724409448819 et
693.9212598425197 1177.7952755905512 70.58267716535433 30.04724409448819 de
717.4488188976378 1177.7952755905512 47.05511811023622 30.04724409448819 le

61.22834645669291 1212.9448818897638 176.03149606299212 29.480314960629922 reconnaître;
204.3779527559055 1212.9448818897638 231.0236220472441 29.480314960629922 appellare,
402.5196850393701 1212.9448818897638 121.03937007874016 29.480314960629922 prendre
490.3937007874016 1212.9448818897638 77.10236220472441 29.480314960629922 les
534.6141732283464 1212.9448818897638 121.03937007874016 29.480314960629922 devants
622.488188976378 1212.9448818897638 88.15748031496064 29.480314960629922 pour
666.7086614173228 1212.9448818897638 98.92913385826772 29.480314960629922 engager

61.511811023622045 1247.5275590551182 86.45669291338582 28.346456692913385 une
111.11811023622047 1247.5275590551182 148.251968503937 28.346456692913385 personne
222.23622047244095 1247.5275590551182 98.92913385826772 28.346456692913385 dans
284.0314960629921 1247.5275590551182 86.45669291338582 28.346456692913385 une
333.3543307086614 1247.5275590551182 210.04724409448818 28.346456692913385 conversation,
506.26771653543307 1247.5275590551182 86.45669291338582 28.346456692913385 lui
555.5905511811023 1247.5275590551182 148.251968503937 28.346456692913385 adresser
666.7086614173228 1247.5275590551182 86.45669291338582 28.346456692913385 des
703.8425196850394 1247.5275590551182 61.79527559055118 28.346456692913385 pa-

62.07874015748032 1282.1102362204724 95.81102362204724 28.346456692913385 roles
126.14173228346456 1282.1102362204724 149.10236220472441 28.346456692913385 sérieuses,
243.21259842519686 1282.1102362204724 106.2992125984252 28.346456692913385 sortir
317.4803149606299 1282.1102362204724 74.55118110236221 28.346456692913385 des
360.2834645669291 1282.1102362204724 117.07086614173228 28.346456692913385 phrases
445.3228346456693 1282.1102362204724 127.55905511811024 28.346456692913385 banales;
541.1338582677165 1282.1102362204724 191.6220472440945 28.346456692913385 affari,
689.9527559055118 1282.1102362204724 74.55118110236221 28.346456692913385 apos
