839.0551181102362 1397.1968503937007
290.8346456692913 126.70866141732283 79.37007874015748 17.007874015748033 DE
330.5196850393701 126.70866141732283 171.7795275590551 17.007874015748033 SYNONYMIE
449.5748031496063 126.70866141732283 118.77165354330708 17.007874015748033 LATINE.

732.1889763779527 124.44094488188976 49.889763779527556 19.275590551181104 11

100.06299212598425 169.22834645669292 136.3464566929134 23.811023622047244 AGERE.
195.30708661417322 169.22834645669292 149.95275590551182 23.811023622047244 FACERE.
304.4409448818898 169.22834645669292 149.95275590551182 23.811023622047244 GERERE.
413.5748031496063 169.22834645669292 122.74015748031496 23.811023622047244 OPUS.
495.21259842519686 169.22834645669292 149.95275590551182 23.811023622047244 FACTUM.
604.3464566929134 169.22834645669292 109.13385826771653 23.811023622047244 AGE.
672.3779527559055 169.22834645669292 68.03149606299213 23.811023622047244 I
685.9842519685039 169.22834645669292 95.5275590551181 23.811023622047244 NUNC.

75.11811023622047 203.81102362204723 123.8740157480315 28.913385826771652 DEGERE.
165.25984251968504 203.81102362204723 67.46456692913385 28.913385826771652 1.
198.99212598425197 203.81102362204723 191.6220472440945 28.913385826771652 Agere,
356.88188976377955 203.81102362204723 112.53543307086615 28.913385826771652 marque
435.68503937007875 203.81102362204723 67.46456692913385 28.913385826771652 un
469.4173228346457 203.81102362204723 101.48031496062993 28.913385826771652 effet
537.1653543307086 203.81102362204723 78.80314960629921 28.913385826771652 qui
582.2362204724409 203.81102362204723 78.80314960629921 28.913385826771652 n'a
627.3070866141733 203.81102362204723 90.14173228346456 28.913385826771652 lieu
683.4330708661417 203.81102362204723 78.80314960629921 28.913385826771652 que
717.4488188976378 203.81102362204723 67.46456692913385 28.913385826771652 dans

75.11811023622047 238.96062992125985 67.46456692913385 28.913385826771652 le
108.85039370078741 238.96062992125985 112.53543307086615 28.913385826771652 temps,
187.93700787401573 238.96062992125985 101.48031496062993 28.913385826771652 comme
255.4015748031496 238.96062992125985 101.48031496062993 28.913385826771652 agir;
323.1496062992126 238.96062992125985 202.6771653543307 28.913385826771652 facere,
492.09448818897636 238.96062992125985 67.46456692913385 28.913385826771652 un
525.8267716535433 238.96062992125985 101.48031496062993 28.913385826771652 effet
593.2913385826772 238.96062992125985 78.80314960629921 28.913385826771652 qui
638.3622047244095 238.96062992125985 67.46456692913385 28.913385826771652 se
661.0393700787401 238.96062992125985 123.8740157480315 28.913385826771652 développe

76.81889763779527 272.9763779527559 87.30708661417323 28.346456692913385 dans
131.24409448818898 272.9763779527559 141.73228346456693 28.346456692913385 l’espace,
240.3779527559055 272.9763779527559 98.07874015748031 28.346456692913385 comme
305.5748031496063 272.9763779527559 109.13385826771653 28.346456692913385 faire.
382.1102362204724 272.9763779527559 76.25196850393701 28.346456692913385 Les
425.76377952755905 272.9763779527559 163.55905511811022 28.346456692913385 acta
556.4409448818898 272.9763779527559 87.30708661417323 28.346456692913385 sont
611.1496062992126 272.9763779527559 109.13385826771653 28.346456692913385 passés
676.3464566929134 272.9763779527559 109.13385826771653 28.346456692913385 aussitôt

77.10236220472441 308.12598425196853 73.98425196850394 28.913385826771652 que
119.33858267716535 308.12598425196853 190.20472440944883 28.913385826771652 l'agens
277.79527559055117 308.12598425196853 137.48031496062993 28.913385826771652 s’arrête,
383.5275590551181 308.12598425196853 147.96850393700788 28.913385826771652 deviennent
499.748031496063 308.12598425196853 73.98425196850394 28.913385826771652 dès
541.9842519685039 308.12598425196853 84.4724409448819 28.913385826771652 lors
594.7086614173228 308.12598425196853 158.45669291338584 28.913385826771652 invisibles,
721.4173228346457 308.12598425196853 63.496062992125985 28.913385826771652 et
742.6771653543307 308.12598425196853 42.23622047244095 28.913385826771652 ne

77.10236220472441 342.70866141732284 148.251968503937 28.913385826771652 subsistent
193.3228346456693 342.70866141732284 84.75590551181102 28.913385826771652 plus
246.33070866141733 342.70866141732284 73.98425196850394 28.913385826771652 que
288.56692913385825 342.70866141732284 73.98425196850394 28.913385826771652 par
331.0866141732283 342.70866141732284 63.496062992125985 28.913385826771652 le
362.8346456692913 342.70866141732284 137.48031496062993 28.913385826771652 souvenir;
468.56692913385825 342.70866141732284 73.98425196850394 28.913385826771652 les
510.8031496062992 342.70866141732284 169.22834645669292 28.913385826771652 facta
648.5669291338583 342.70866141732284 63.496062992125985 28.913385826771652 ne
680.3149606299213 342.70866141732284 84.75590551181102 28.913385826771652 sont
722.5511811023622 342.70866141732284 63.496062992125985 28.913385826771652 com-

74.83464566929133 377.29133858267716 99.77952755905511 28.913385826771652 plets
141.4488188976378 377.29133858267716 77.66929133858268 28.913385826771652 que
185.66929133858267 377.29133858267716 99.77952755905511 28.913385826771652 quand
252.28346456692913 377.29133858267716 66.61417322834646 28.913385826771652 le
285.73228346456693 377.29133858267716 199.84251968503938 28.913385826771652 faciens
452.12598425196853 377.29133858267716 144.28346456692913 28.913385826771652 s’arrête,
562.9606299212599 377.29133858267716 66.61417322834646 28.913385826771652 et
596.4094488188977 377.29133858267716 66.61417322834646 28.913385826771652 ne
629.5748031496063 377.29133858267716 133.22834645669292 28.913385826771652 prennent
718.2992125984252 377.29133858267716 66.61417322834646 28.913385826771652 qu’à

73.13385826771653 411.87401574803147 122.74015748031496 28.913385826771652 partir
159.0236220472441 411.87401574803147 73.7007874015748 28.913385826771652 de
195.8740157480315 411.87401574803147 73.7007874015748 28.913385826771652 ce
232.7244094488189 411.87401574803147 122.74015748031496 28.913385826771652 moment
318.61417322834643 411.87401574803147 85.88976377952756 28.913385826771652 une
367.65354330708664 411.87401574803147 159.59055118110237 28.913385826771652 existence
490.3937007874016 411.87401574803147 134.9291338582677 28.913385826771652 propre.
588.4724409448819 411.87401574803147 98.07874015748031 28.913385826771652 Cela
649.9842519685039 411.87401574803147 98.07874015748031 28.913385826771652 doit
699.0236220472441 411.87401574803147 85.88976377952756 28.913385826771652 s’en-

75.68503937007874 447.0236220472441 97.22834645669292 28.913385826771652 tendre
143.71653543307087 447.0236220472441 136.06299212598427 28.913385826771652 d’ailleurs
250.29921259842519 447.0236220472441 164.9763779527559 28.913385826771652 d'acta
386.3622047244094 447.0236220472441 58.39370078740158 28.913385826771652 et
415.5590551181102 447.0236220472441 58.39370078740158 28.913385826771652 de
444.4724409448819 447.0236220472441 155.33858267716536 28.913385826771652 facta
570.8976377952756 447.0236220472441 136.06299212598427 28.913385826771652 considérés
667.8425196850394 447.0236220472441 116.50393700787401 28.913385826771652 exclusive-

73.98425196850394 481.6062992125984 96.37795275590551 29.480314960629922 ment
134.07874015748033 481.6062992125984 108.28346456692914 29.480314960629922 comme
206.36220472440945 481.6062992125984 180.56692913385828 29.480314960629922 participes,
350.92913385826773 481.6062992125984 84.18897637795276 29.480314960629922 non
399.11811023622045 481.6062992125984 108.28346456692914 29.480314960629922 comme
471.11811023622045 481.6062992125984 192.75590551181102 29.480314960629922 substantifs.
615.6850393700787 481.6062992125984 168.66141732283464 29.480314960629922 Agens

75.4015748031496 516.1889763779527 94.96062992125984 29.480314960629922 donne
138.61417322834646 516.1889763779527 105.44881889763779 29.480314960629922 l’idée
212.5984251968504 516.1889763779527 63.21259842519685 29.480314960629922 de
244.3464566929134 516.1889763779527 147.68503937007873 29.480314960629922 l’activité
360.2834645669291 516.1889763779527 63.21259842519685 29.480314960629922 en
392.0314960629921 516.1889763779527 126.70866141732283 29.480314960629922 général,
486.99212598425197 516.1889763779527 189.92125984251967 29.480314960629922 faciens
645.4488188976378 516.1889763779527 105.44881889763779 29.480314960629922 l’idée
708.6614173228346 516.1889763779527 73.98425196850394 29.480314960629922 d’une

74.26771653543307 550.7716535433071 139.46456692913387 29.480314960629922 activité
167.24409448818898 550.7716535433071 127.84251968503936 29.480314960629922 pratique.

103.46456692913385 586.488188976378 60.94488188976378 28.346456692913385 2.
134.07874015748033 586.488188976378 172.3464566929134 28.346456692913385 Agere,
276.09448818897636 586.488188976378 81.07086614173228 28.346456692913385 agir
326.8346456692913 586.488188976378 81.07086614173228 28.346456692913385 dans
377.29133858267716 586.488188976378 71.14960629921259 28.346456692913385 son
418.1102362204724 586.488188976378 101.48031496062993 28.346456692913385 propre
488.9763779527559 586.488188976378 121.60629921259843 28.346456692913385 intérêt;
580.2519685039371 586.488188976378 182.5511811023622 28.346456692913385 gerere,
722.2677165354331 586.488188976378 60.94488188976378 28.346456692913385 dans

73.13385826771653 620.503937007874 158.45669291338584 28.913385826771652 l’intérêt
195.0236220472441 620.503937007874 97.51181102362204 28.913385826771652 d’un
255.96850393700788 620.503937007874 109.7007874015748 28.913385826771652 autre
329.1023622047244 620.503937007874 73.13385826771653 28.913385826771652 et
365.6692913385827 620.503937007874 85.32283464566929 28.913385826771652 par
414.4251968503937 620.503937007874 182.83464566929135 28.913385826771652 commission.
560.9763779527559 620.503937007874 97.51181102362204 28.913385826771652 CIC.
621.9212598425197 620.503937007874 109.7007874015748 28.913385826771652 Verr.
695.0551181102362 620.503937007874 73.13385826771653 28.913385826771652 I,
719.4330708661417 620.503937007874 60.94488188976378 28.913385826771652 38.

73.7007874015748 655.0866141732283 77.66929133858268 28.913385826771652 Quæ
117.92125984251969 655.0866141732283 121.88976377952756 28.913385826771652 etiamsi
206.64566929133858 655.0866141732283 144.0 28.913385826771652 voluntate
317.4803149606299 655.0866141732283 144.0 28.913385826771652 Dolabellæ
428.0314960629921 655.0866141732283 210.61417322834646 28.913385826771652 fiebant,
605.4803149606299 655.0866141732283 77.66929133858268 28.913385826771652 per
649.7007874015748 655.0866141732283 99.77952755905511 28.913385826771652 istum
704.9763779527559 655.0866141732283 77.66929133858268 28.913385826771652 tamen

72.85039370078741 689.6692913385826 98.07874015748031 29.480314960629922 omnia
138.04724409448818 689.6692913385826 239.81102362204723 29.480314960629922 gerebantur.
345.25984251968504 689.6692913385826 87.30708661417323 29.480314960629922 Tout
399.9685039370079 689.6692913385826 65.48031496062993 29.480314960629922 se
432.56692913385825 689.6692913385826 119.90551181102362 29.480314960629922 faisait
519.8740157480315 689.6692913385826 76.25196850393701 29.480314960629922 par
563.5275590551181 689.6692913385826 65.48031496062993 29.480314960629922 la
596.1259842519685 689.6692913385826 119.90551181102362 29.480314960629922 volonté
683.4330708661417 689.6692913385826 65.48031496062993 29.480314960629922 de
705.2598425196851 689.6692913385826 76.25196850393701 29.480314960629922 Dola-

70.86614173228347 724.2519685039371 121.88976377952756 28.346456692913385 bella,
156.18897637795277 724.2519685039371 97.51181102362204 28.346456692913385 mais
217.13385826771653 724.2519685039371 85.32283464566929 28.346456692913385 par
265.8897637795276 724.2519685039371 182.83464566929135 28.346456692913385 l’entremise
412.15748031496065 724.2519685039371 73.13385826771653 28.346456692913385 de
436.53543307086613 724.2519685039371 109.7007874015748 28.346456692913385 Verrès.

101.48031496062993 758.8346456692914 66.89763779527559 30.04724409448819 3.
134.9291338582677 758.8346456692914 178.58267716535434 30.04724409448819 Opus,
279.7795275590551 758.8346456692914 111.68503937007874 30.04724409448819 œuvre,
358.01574803149606 758.8346456692914 111.68503937007874 30.04724409448819 ἔργον,
436.251968503937 758.8346456692914 78.23622047244095 30.04724409448819 est
480.755905511811 758.8346456692914 66.89763779527559 30.04724409448819 le
514.2047244094488 758.8346456692914 156.18897637795277 30.04724409448819 substantif
636.9448818897638 758.8346456692914 78.23622047244095 30.04724409448819 qui
681.7322834645669 758.8346456692914 111.68503937007874 30.04724409448819 répond
748.6299212598425 758.8346456692914 33.44881889763779 30.04724409448819 à

73.7007874015748 793.9842519685039 159.0236220472441 28.913385826771652 facere;
206.36220472440945 793.9842519685039 150.23622047244095 28.913385826771652 factum
329.9527559055118 793.9842519685039 79.65354330708661 28.913385826771652 (pris
382.96062992125985 793.9842519685039 79.65354330708661 28.913385826771652 comme
436.251968503937 793.9842519685039 141.4488188976378 28.913385826771652 substantif),
551.0551181102362 793.9842519685039 97.22834645669292 28.913385826771652 action,
621.9212598425197 793.9842519685039 79.65354330708661 28.913385826771652 celui
666.1417322834645 793.9842519685039 114.80314960629921 28.913385826771652 d'a

73.41732283464567 828.5669291338583 134.36220472440945 30.04724409448819 gere;
182.5511811023622 828.5669291338583 83.90551181102362 30.04724409448819 res
241.51181102362204 828.5669291338583 117.63779527559055 30.04724409448819 gestæ,
333.6377952755906 828.5669291338583 75.68503937007874 30.04724409448819 actes
384.09448818897636 828.5669291338583 125.85826771653544 30.04724409448819 importants,
484.7244094488189 828.5669291338583 75.68503937007874 30.04724409448819 hauts
535.1811023622047 828.5669291338583 83.90551181102362 30.04724409448819 faits,
593.8582677165355 828.5669291338583 100.62992125984252 30.04724409448819 πράξεις;
661.0393700787401 828.5669291338583 117.63779527559055 30.04724409448819 acta,

73.13385826771653 863.1496062992126 121.32283464566929 29.480314960629922 mesures
161.5748031496063 863.1496062992126 165.54330708661416 29.480314960629922 politiques.
293.9527559055118 863.1496062992126 88.44094488188976 29.480314960629922 CIC.
349.2283464566929 863.1496062992126 88.44094488188976 29.480314960629922 Att.
404.503937007874 863.1496062992126 88.44094488188976 29.480314960629922 XIV,
459.496062992126 863.1496062992126 77.38582677165354 29.480314960629922 17.
503.7165354330709 863.1496062992126 99.49606299212599 29.480314960629922 Multa
570.0472440944882 863.1496062992126 66.33070866141732 29.480314960629922 de
603.2125984251968 863.1496062992126 176.5984251968504 29.480314960629922 facto
735.5905511811023 863.1496062992126 44.22047244094488 29.480314960629922 ac

72.0 898.2992125984252 63.496062992125985 30.04724409448819 de
103.74803149606299 898.2992125984252 95.24409448818898 30.04724409448819 re
166.96062992125985 898.2992125984252 147.96850393700788 30.04724409448819 gesta,
283.46456692913387 898.2992125984252 63.496062992125985 30.04724409448819 de
315.21259842519686 898.2992125984252 126.99212598425197 30.04724409448819 nombreux
410.1732283464567 898.2992125984252 126.99212598425197 30.04724409448819 détails,
505.4173228346457 898.2992125984252 84.4724409448819 30.04724409448819 tant
558.4251968503937 898.2992125984252 73.98425196850394 30.04724409448819 sur
600.6614173228346 898.2992125984252 95.24409448818898 30.04724409448819 cette
653.3858267716536 898.2992125984252 126.99212598425197 30.04724409448819 entreprise

72.56692913385827 933.4488188976378 77.38582677165354 28.913385826771652 que
116.78740157480316 933.4488188976378 77.38582677165354 28.913385826771652 sur
161.00787401574803 933.4488188976378 66.33070866141732 28.913385826771652 ce
194.17322834645668 933.4488188976378 99.49606299212599 28.913385826771652 grand
260.503937007874 933.4488188976378 99.49606299212599 28.913385826771652 acte:
326.8346456692913 933.4488188976378 66.33070866141732 28.913385826771652 le
360.0 933.4488188976378 132.66141732283464 28.913385826771652 premier,
459.7795275590551 933.4488188976378 187.93700787401573 28.913385826771652 facto,
614.5511811023622 933.4488188976378 176.88188976377953 28.913385826771652 s’appliquant
747.2125984251968 933.4488188976378 33.16535433070866 28.913385826771652 à

71.14960629921259 967.4645669291339 65.48031496062993 30.04724409448819 la
103.74803149606299 967.4645669291339 141.73228346456693 30.04724409448819 tentative
212.88188976377953 967.4645669291339 152.78740157480314 30.04724409448819 d’Amatius,
332.78740157480314 967.4645669291339 65.48031496062993 30.04724409448819 le
365.38582677165357 967.4645669291339 119.90551181102362 30.04724409448819 second,
452.6929133858268 967.4645669291339 98.07874015748031 30.04724409448819 re
518.1732283464567 967.4645669291339 152.78740157480314 30.04724409448819 gesta,
638.0787401574803 967.4645669291339 65.48031496062993 30.04724409448819 au
659.9055118110236 967.4645669291339 119.90551181102362 30.04724409448819 châtiment

71.43307086614173 1001.4803149606299 85.32283464566929 31.181102362204726 que
120.18897637795276 1001.4803149606299 85.32283464566929 31.181102362204726 lui
168.9448818897638 1001.4803149606299 60.94488188976378 31.181102362204726 a
193.3228346456693 1001.4803149606299 134.36220472440945 31.181102362204726 infligé
291.11811023622045 1001.4803149606299 158.74015748031496 31.181102362204726 Dolabella
413.00787401574803 1001.4803149606299 97.51181102362204 31.181102362204726 avec
474.23622047244095 1001.4803149606299 122.1732283464567 31.181102362204726 autant
559.5590551181102 1001.4803149606299 73.13385826771653 31.181102362204726 de
596.1259842519685 1001.4803149606299 134.36220472440945 31.181102362204726 sagesse
693.9212598425197 1001.4803149606299 85.32283464566929 31.181102362204726 que
730.488188976378 1001.4803149606299 48.75590551181102 31.181102362204726 de

56.69291338582677 1042.8661417322835 129.82677165354332 22.677165354330707 courage.

100.34645669291339 1071.7795275590552 63.496062992125985 28.913385826771652 4.
132.09448818897638 1071.7795275590552 158.45669291338584 28.913385826771652 Age,
258.8031496062992 1071.7795275590552 190.20472440944883 28.913385826771652 agedum,
417.25984251968504 1071.7795275590552 179.71653543307087 28.913385826771652 encouragement
565.2283464566929 1071.7795275590552 94.96062992125984 28.913385826771652 donné
617.9527559055118 1071.7795275590552 158.45669291338584 28.913385826771652 sérieusement;

72.56692913385827 1106.3622047244094 84.4724409448819 29.480314960629922 i
125.29133858267717 1106.3622047244094 137.1968503937008 29.480314960629922 nunc,
230.74015748031496 1106.3622047244094 179.43307086614172 29.480314960629922 encouragement
367.93700787401576 1106.3622047244094 115.93700787401575 29.480314960629922 ironique.

102.04724409448819 1140.9448818897638 56.40944881889764 30.614173228346456 5.
130.11023622047244 1140.9448818897638 159.8740157480315 30.614173228346456 Agere,
261.9212598425197 1140.9448818897638 84.75590551181102 30.614173228346456 mener
318.3307086614173 1140.9448818897638 65.76377952755905 30.614173228346456 une
356.0314960629921 1140.9448818897638 65.76377952755905 30.614173228346456 vie
393.4488188976378 1140.9448818897638 94.11023622047244 30.614173228346456 active
459.496062992126 1140.9448818897638 56.40944881889764 30.614173228346456 et
487.5590551181102 1140.9448818897638 122.1732283464567 30.614173228346456 affairée;
581.6692913385826 1140.9448818897638 169.22834645669292 30.614173228346456 degere,
713.4803149606299 1140.9448818897638 65.76377952755905 30.614173228346456 vivre

70.2992125984252 1175.5275590551182 96.37795275590551 30.614173228346456 dans
130.6771653543307 1175.5275590551182 180.8503937007874 30.614173228346456 l’oisiveté,
275.244094488189 1175.5275590551182 96.37795275590551 30.614173228346456 soit
335.62204724409446 1175.5275590551182 108.56692913385827 30.614173228346456 parce
407.90551181102364 1175.5275590551182 84.4724409448819 30.614173228346456 que
456.09448818897636 1175.5275590551182 156.75590551181102 30.614173228346456 l’aisance
576.5669291338583 1175.5275590551182 96.37795275590551 30.614173228346456 nous
636.9448818897638 1175.5275590551182 144.56692913385828 30.614173228346456 dispense
733.3228346456693 1175.5275590551182 48.188976377952756 30.614173228346456 de

69.44881889763779 1210.1102362204724 186.8031496062992 29.480314960629922 travailler,
219.11811023622047 1210.1102362204724 99.77952755905511 29.480314960629922 soit
281.1968503937008 1210.1102362204724 112.25196850393701 29.480314960629922 parce
356.0314960629921 1210.1102362204724 87.30708661417323 29.480314960629922 que
405.9212598425197 1210.1102362204724 99.77952755905511 29.480314960629922 nous
468.2834645669291 1210.1102362204724 124.7244094488189 29.480314960629922 sommes
555.5905511811023 1210.1102362204724 137.1968503937008 29.480314960629922 réduits
655.0866141732283 1210.1102362204724 62.36220472440945 29.480314960629922 à
667.5590551181102 1210.1102362204724 112.25196850393701 29.480314960629922 l’inac-

68.03149606299213 1245.259842519685 120.75590551181102 30.614173228346456 tion.
148.53543307086613 1245.259842519685 107.14960629921259 30.614173228346456 TAC.
215.43307086614172 1245.259842519685 107.14960629921259 30.614173228346456 Ann.
282.61417322834643 1245.259842519685 93.8267716535433 30.614173228346456 XV,
336.18897637795277 1245.259842519685 93.8267716535433 30.614173228346456 74.
389.76377952755905 1245.259842519685 107.14960629921259 30.614173228346456 Deûm
456.9448818897638 1245.259842519685 120.75590551181102 30.614173228346456 honor
537.1653543307086 1245.259842519685 161.00787401574803 30.614173228346456 principi
657.9212598425197 1245.259842519685 93.8267716535433 30.614173228346456 non
698.1732283464567 1245.259842519685 80.50393700787401 30.614173228346456 ante

69.73228346456693 1279.8425196850394 122.1732283464567 28.913385826771652 habetur
158.45669291338584 1279.8425196850394 99.77952755905511 28.913385826771652 quara
225.0708661417323 1279.8425196850394 177.4488188976378 28.913385826771652 agere
369.3543307086614 1279.8425196850394 99.77952755905511 28.913385826771652 inter
435.9685039370079 1279.8425196850394 122.1732283464567 28.913385826771652 homines
524.6929133858267 1279.8425196850394 144.28346456692913 28.913385826771652 desierit.
635.5275590551181 1279.8425196850394 99.77952755905511 28.913385826771652 Avant
702.1417322834645 1279.8425196850394 66.61417322834646 28.913385826771652 de
724.2519685039371 1279.8425196850394 55.55905511811024 28.913385826771652 ren
