845.2913385826772 1422.1417322834645
285.4488188976378 120.75590551181102 80.22047244094489 18.141732283464567 DE
325.4173228346457 120.75590551181102 174.04724409448818 18.141732283464567 SYNONYMIE
445.8897637795276 120.75590551181102 120.4724409448819 18.141732283464567 LATINE.

723.9685039370079 118.77165354330708 56.69291338582677 19.84251968503937 29

76.53543307086615 164.1259842519685 58.110236220472444 30.614173228346456 Ne
105.44881889763779 164.1259842519685 77.38582677165354 30.614173228346456 sint
153.92125984251967 164.1259842519685 116.22047244094489 30.614173228346456 fragilia
240.9448818897638 164.1259842519685 58.110236220472444 30.614173228346456 et
270.1417322834646 164.1259842519685 154.77165354330708 30.614173228346456 arida
395.7165354330709 164.1259842519685 96.66141732283465 30.614173228346456 potius
463.46456692913387 164.1259842519685 77.38582677165354 30.614173228346456 quam
511.93700787401576 164.1259842519685 154.77165354330708 30.614173228346456 sicca
637.7952755905512 164.1259842519685 96.66141732283465 30.614173228346456 folia.
705.5433070866142 164.1259842519685 58.110236220472444 30.614173228346456 De
724.8188976377953 164.1259842519685 58.110236220472444 30.614173228346456 peur

75.4015748031496 198.70866141732284 83.90551181102362 29.480314960629922 que
123.30708661417323 198.70866141732284 83.90551181102362 29.480314960629922 les
171.21259842519686 198.70866141732284 143.71653543307087 29.480314960629922 feuilles
278.92913385826773 198.70866141732284 71.71653543307086 29.480314960629922 ne
314.92913385826773 198.70866141732284 119.62204724409449 29.480314960629922 soient
398.5511811023622 198.70866141732284 155.6220472440945 29.480314960629922 cassantes
518.4566929133858 198.70866141732284 71.71653543307086 29.480314960629922 et
554.1732283464567 198.70866141732284 95.81102362204724 29.480314960629922 tout
614.2677165354331 198.70866141732284 59.811023622047244 29.480314960629922 à
638.0787401574803 198.70866141732284 95.81102362204724 29.480314960629922 fait
685.9842519685039 198.70866141732284 95.81102362204724 29.480314960629922 dessé-

72.56692913385827 233.29133858267716 124.44094488188976 30.04724409448819 chées,
159.59055118110237 233.29133858267716 74.55118110236221 30.04724409448819 au
197.00787401574803 233.29133858267716 99.49606299212599 30.04724409448819 lieu
259.37007874015745 233.29133858267716 124.44094488188976 30.04724409448819 d’être
346.3937007874016 233.29133858267716 174.33070866141733 30.04724409448819 simplement
483.3070866141732 233.29133858267716 136.91338582677164 30.04724409448819 sèches.
582.8031496062993 233.29133858267716 74.55118110236221 30.04724409448819 Et
619.9370078740158 233.29133858267716 87.02362204724409 30.04724409448819 XV,
669.8267716535433 233.29133858267716 87.02362204724409 30.04724409448819 29:
707.2440944881889 233.29133858267716 74.55118110236221 30.04724409448819 Cato

75.68503937007874 267.87401574803147 98.07874015748031 31.748031496062993 docuit
144.56692913385828 267.87401574803147 88.44094488188976 31.748031496062993 vinum
203.24409448818898 267.87401574803147 88.44094488188976 31.748031496062993 fieri
262.20472440944883 267.87401574803147 58.960629921259844 31.748031496062993 ex
291.68503937007875 267.87401574803147 88.44094488188976 31.748031496062993 nigra
350.6456692913386 267.87401574803147 88.44094488188976 31.748031496062993 myrta
409.3228346456693 267.87401574803147 176.5984251968504 31.748031496062993 siccata
556.7244094488188 267.87401574803147 88.44094488188976 31.748031496062993 usque
615.4015748031496 267.87401574803147 58.960629921259844 31.748031496062993 in
635.2440944881889 267.87401574803147 147.11811023622047 31.748031496062993 aridi

73.7007874015748 302.45669291338584 177.16535433070865 31.748031496062993 tatem
217.41732283464566 302.45669291338584 66.33070866141732 31.748031496062993 in
250.58267716535434 302.45669291338584 110.55118110236221 31.748031496062993 umbra.
328.251968503937 302.45669291338584 99.49606299212599 31.748031496062993 Caton
394.5826771653543 302.45669291338584 55.275590551181104 31.748031496062993 a
416.6929133858268 302.45669291338584 132.66141732283464 31.748031496062993 enseigné
516.1889763779527 302.45669291338584 99.49606299212599 31.748031496062993 qu’on
582.5196850393701 302.45669291338584 88.44094488188976 31.748031496062993 peut
638.0787401574803 302.45669291338584 143.71653543307087 31.748031496062993 fabriquer
737.5748031496063 302.45669291338584 44.22047244094488 31.748031496062993 du

72.0 337.6062992125984 81.35433070866142 30.614173228346456 vin
118.48818897637796 337.6062992125984 92.97637795275591 30.614173228346456 avec
176.5984251968504 337.6062992125984 81.35433070866142 30.614173228346456 les
223.08661417322836 337.6062992125984 104.5984251968504 30.614173228346456 baies
293.1023622047244 337.6062992125984 69.73228346456693 30.614173228346456 de
327.9685039370079 337.6062992125984 104.5984251968504 30.614173228346456 myrte
397.7007874015748 337.6062992125984 92.97637795275591 30.614173228346456 noir
455.81102362204723 337.6062992125984 104.5984251968504 30.614173228346456 qu’on
525.5433070866142 337.6062992125984 92.97637795275591 30.614173228346456 fait
583.6535433070866 337.6062992125984 116.22047244094489 30.614173228346456 sécher
665.2913385826772 337.6062992125984 58.110236220472444 30.614173228346456 à
676.9133858267717 337.6062992125984 104.5984251968504 30.614173228346456 l’ombre

71.43307086614173 372.755905511811 128.40944881889763 29.763779527559056 jusqu’à
164.69291338582678 372.755905511811 70.01574803149606 29.763779527559056 ce
199.84251968503938 372.755905511811 81.63779527559055 29.763779527559056 que
246.61417322834646 372.755905511811 70.01574803149606 29.763779527559056 la
281.4803149606299 372.755905511811 186.8031496062992 29.763779527559056 dessiccation
433.4173228346457 372.755905511811 93.54330708661418 29.763779527559056 soit
480.18897637795277 372.755905511811 128.40944881889763 29.763779527559056 parfaite.

74.26771653543307 423.21259842519686 120.18897637795276 26.929133858267715 ARISTA,
161.85826771653544 423.21259842519686 65.48031496062993 26.929133858267715 v.
194.74015748031496 423.21259842519686 196.7244094488189 26.929133858267715 Culmus.
358.5826771653543 423.21259842519686 142.29921259842519 26.929133858267715 ARMENTUM,
468.0 423.21259842519686 65.48031496062993 26.929133858267715 v.
489.8267716535433 423.21259842519686 164.1259842519685 26.929133858267715 Pecus.

102.61417322834646 471.40157480314963 121.03937007874016 27.77952755905512 ARMUS.
187.37007874015748 471.40157480314963 145.13385826771653 27.77952755905512 HUMERUS.
296.2204724409449 471.40157480314963 96.66141732283465 27.77952755905512 ALA.
356.59842519685037 471.40157480314963 132.9448818897638 27.77952755905512 AXILLA.
453.25984251968504 471.40157480314963 205.51181102362204 27.77952755905512 Armus,
622.488188976378 471.40157480314963 72.56692913385827 27.77952755905512 le
658.7716535433071 471.40157480314963 121.03937007874016 27.77952755905512 sommet
731.3385826771654 471.40157480314963 48.47244094488189 27.77952755905512 du

71.43307086614173 504.8503937007874 103.18110236220473 30.04724409448819 bras
136.06299212598427 504.8503937007874 103.18110236220473 30.04724409448819 chez
200.69291338582678 504.8503937007874 154.77165354330708 30.04724409448819 l’homme,
316.9133858267717 504.8503937007874 77.38582677165354 30.04724409448819 de
355.46456692913387 504.8503937007874 77.38582677165354 30.04724409448819 la
394.2992125984252 504.8503937007874 116.22047244094489 30.04724409448819 jambe
471.68503937007875 504.8503937007874 77.38582677165354 30.04724409448819 de
510.5196850393701 504.8503937007874 128.9763779527559 30.04724409448819 devant
600.6614173228346 504.8503937007874 103.18110236220473 30.04724409448819 chez
665.2913385826772 504.8503937007874 90.4251968503937 30.04724409448819 les
704.1259842519685 504.8503937007874 77.38582677165354 30.04724409448819 ani-

74.26771653543307 540.0 97.79527559055119 29.480314960629922 maux,
139.46456692913387 540.0 87.02362204724409 29.480314960629922 mais
193.60629921259843 540.0 108.56692913385827 29.480314960629922 partie
269.8582677165354 540.0 65.19685039370079 29.480314960629922 du
302.45669291338584 540.0 97.79527559055119 29.480314960629922 corps
367.65354330708664 540.0 108.56692913385827 29.480314960629922 entier
443.62204724409446 540.0 54.425196850393704 29.480314960629922 à
465.4488188976378 540.0 65.19685039370079 29.480314960629922 la
498.0472440944882 540.0 152.2204724409449 29.480314960629922 différence
617.6692913385826 540.0 65.19685039370079 29.480314960629922 de
639.496062992126 540.0 141.16535433070865 29.480314960629922 sca

69.16535433070867 574.5826771653543 180.0 31.181102362204726 pula,
215.71653543307087 574.5826771653543 168.9448818897638 31.181102362204726 l’omoplate,
350.6456692913386 574.5826771653543 78.80314960629921 31.181102362204726 qui
395.7165354330709 574.5826771653543 101.19685039370079 31.181102362204726 n’est
463.18110236220474 574.5826771653543 112.53543307086615 31.181102362204726 qu’une
541.9842519685039 574.5826771653543 112.53543307086615 31.181102362204726 partie
620.7874015748032 574.5826771653543 67.46456692913385 31.181102362204726 du
643.1811023622047 574.5826771653543 135.21259842519686 31.181102362204726 squelette,

72.0 609.7322834645669 100.91338582677166 30.614173228346456 ὦμος;
139.46456692913387 609.7322834645669 213.16535433070865 30.614173228346456 humerus,
318.8976377952756 609.7322834645669 67.18110236220473 30.614173228346456 la
352.62992125984255 609.7322834645669 123.30708661417323 30.614173228346456 surface
442.48818897637796 609.7322834645669 100.91338582677166 30.614173228346456 plane
509.6692913385827 609.7322834645669 78.51968503937007 30.614173228346456 qui
554.4566929133858 609.7322834645669 112.25196850393701 30.614173228346456 existe
632.9763779527559 609.7322834645669 89.85826771653544 30.614173228346456 chez
678.0472440944882 609.7322834645669 100.91338582677166 30.614173228346456 l’homme

72.85039370078741 643.7480314960629 122.45669291338582 30.614173228346456 au-dessus
166.96062992125985 643.7480314960629 56.40944881889764 30.614173228346456 du
195.30708661417322 643.7480314960629 84.75590551181102 30.614173228346456 bras,
251.71653543307087 643.7480314960629 122.45669291338582 30.614173228346456 l’épaule,
345.8267716535433 643.7480314960629 103.46456692913385 30.614173228346456 ἐπωμίς;
421.2283464566929 643.7480314960629 131.81102362204723 30.614173228346456 ala
524.6929133858267 643.7480314960629 56.40944881889764 30.614173228346456 et
553.0393700787401 643.7480314960629 169.51181102362204 30.614173228346456 axilla,
694.2047244094488 643.7480314960629 56.40944881889764 30.614173228346456 le
712.9133858267717 643.7480314960629 66.04724409448819 30.614173228346456 creux

71.43307086614173 678.3307086614174 83.62204724409449 31.181102362204726 qui
119.33858267716535 678.3307086614174 71.71653543307086 31.181102362204726 se
155.0551181102362 678.3307086614174 107.71653543307086 31.181102362204726 forme
226.77165354330708 678.3307086614174 95.5275590551181 31.181102362204726 sous
286.5826771653543 678.3307086614174 71.71653543307086 31.181102362204726 le
322.2992125984252 678.3307086614174 107.71653543307086 31.181102362204726 bras,
394.01574803149606 678.3307086614174 179.43307086614172 31.181102362204726 l’aisselle,
537.7322834645669 678.3307086614174 143.43307086614172 31.181102362204726 μασχάλη.
645.1653543307086 678.3307086614174 107.71653543307086 31.181102362204726 OVID.
704.9763779527559 678.3307086614174 71.71653543307086 31.181102362204726 Met.

71.43307086614173 714.0472440944882 83.05511811023622 29.480314960629922 XII,
123.59055118110236 714.0472440944882 83.05511811023622 29.480314960629922 396.
175.46456692913387 714.0472440944882 62.36220472440945 29.480314960629922 Ex
206.64566929133858 714.0472440944882 186.8031496062992 29.480314960629922 humeris
362.26771653543307 714.0472440944882 103.74803149606299 29.480314960629922 medios
434.8346456692913 714.0472440944882 83.05511811023622 29.480314960629922 coma
486.70866141732284 714.0472440944882 145.41732283464566 29.480314960629922 dependebat
600.9448818897638 714.0472440944882 62.36220472440945 29.480314960629922 in
621.9212598425197 714.0472440944882 155.6220472440945 29.480314960629922 armos.

69.44881889763779 747.496062992126 87.02362204724409 31.748031496062993 Des
119.05511811023622 747.496062992126 149.10236220472441 31.748031496062993 épaules,
231.0236220472441 747.496062992126 74.55118110236221 31.748031496062993 sa
268.15748031496065 747.496062992126 161.5748031496063 31.748031496062993 chevelure
392.59842519685037 747.496062992126 174.04724409448818 31.748031496062993 descendait
529.2283464566929 747.496062992126 248.31496062992127 31.748031496062993 jusqu’au-dessous
727.9370078740158 747.496062992126 49.60629921259842 31.748031496062993 de

69.44881889763779 782.6456692913385 72.0 31.181102362204726 la
105.44881889763779 782.6456692913385 155.90551181102362 31.181102362204726 naissance
225.35433070866142 782.6456692913385 83.90551181102362 31.181102362204726 des
273.54330708661416 782.6456692913385 132.09448818897638 31.181102362204726 jambes.
369.3543307086614 782.6456692913385 83.90551181102362 31.181102362204726 (Il
417.54330708661416 782.6456692913385 119.90551181102362 31.181102362204726 s’agit
501.4488188976378 782.6456692913385 72.0 31.181102362204726 du
537.4488188976378 782.6456692913385 144.0 31.181102362204726 centaure
633.5433070866142 782.6456692913385 144.0 31.181102362204726 Cyllarus.)

71.14960629921259 829.7007874015748 143.1496062992126 26.929133858267715 ARROGANTIA,
185.95275590551182 829.7007874015748 57.25984251968504 26.929133858267715 v.
214.58267716535434 829.7007874015748 191.0551181102362 26.929133858267715 Superbia.
376.7244094488189 829.7007874015748 95.5275590551181 26.929133858267715 ARTES,
443.62204724409446 829.7007874015748 57.25984251968504 26.929133858267715 v.
462.61417322834643 829.7007874015748 162.4251968503937 26.929133858267715 Litteræ.

70.2992125984252 862.5826771653543 133.79527559055117 26.929133858267715 ARTIFEX,
170.64566929133858 862.5826771653543 66.89763779527559 26.929133858267715 v.
204.09448818897638 862.5826771653543 189.63779527559055 26.929133858267715 Faber.
360.2834645669291 862.5826771653543 111.68503937007874 26.929133858267715 ARTUS,
438.5196850393701 862.5826771653543 66.89763779527559 26.929133858267715 v.
460.9133858267717 862.5826771653543 189.63779527559055 26.929133858267715 Membrum.

69.16535433070867 894.3307086614174 118.20472440944881 25.79527559055118 ARUNDO,
155.33858267716536 894.3307086614174 64.62992125984252 25.79527559055118 v.
187.37007874015748 894.3307086614174 193.60629921259843 25.79527559055118 Culmus.
348.66141732283467 894.3307086614174 107.43307086614173 25.79527559055118 ARVUM,
424.06299212598424 894.3307086614174 64.62992125984252 25.79527559055118 v.
445.6062992125984 894.3307086614174 161.29133858267716 25.79527559055118 Villa.

97.22834645669292 939.1181102362204 115.08661417322834 30.04724409448819 ASCIA,
178.01574803149606 939.1181102362204 138.04724409448818 30.04724409448819 SECURIS.
281.4803149606299 939.1181102362204 195.8740157480315 30.04724409448819 Ascia,
442.7716535433071 939.1181102362204 69.16535433070867 30.04724409448819 la
477.3543307086614 939.1181102362204 103.74803149606299 30.04724409448819 hache
546.5196850393701 939.1181102362204 69.16535433070867 30.04724409448819 du
580.8188976377953 939.1181102362204 172.62992125984252 30.04724409448819 charpentier
707.5275590551181 939.1181102362204 69.16535433070867 30.04724409448819 pour

69.73228346456693 973.7007874015748 119.05511811023622 30.614173228346456 débiter
156.18897637795277 973.7007874015748 64.91338582677166 30.614173228346456 le
188.78740157480314 973.7007874015748 97.51181102362204 30.614173228346456 bois;
253.70078740157481 973.7007874015748 205.79527559055117 30.614173228346456 securis,
426.8976377952756 973.7007874015748 64.91338582677166 30.614173228346456 le
459.496062992126 973.7007874015748 129.82677165354332 30.614173228346456 couperet
556.7244094488188 973.7007874015748 64.91338582677166 30.614173228346456 du
589.3228346456693 973.7007874015748 119.05511811023622 30.614173228346456 boucher
675.7795275590552 973.7007874015748 86.74015748031496 30.614173228346456 pour
719.1496062992126 973.7007874015748 54.14173228346457 30.614173228346456 dé-

67.46456692913385 1008.2834645669292 107.43307086614173 29.19685039370079 pecer
139.1811023622047 1008.2834645669292 71.71653543307086 29.19685039370079 la
162.99212598425197 1008.2834645669292 107.43307086614173 29.19685039370079 viande.

68.88188976377953 1054.2047244094488 105.44881889763779 29.480314960629922 ASPER,
142.58267716535434 1054.2047244094488 63.21259842519685 29.480314960629922 v.
174.33070866141733 1054.2047244094488 210.89763779527559 29.480314960629922 Horridus.
353.4803149606299 1054.2047244094488 147.4015748031496 29.480314960629922 ASPERNARI,
469.13385826771656 1054.2047244094488 63.21259842519685 29.480314960629922 v.
490.3937007874016 1054.2047244094488 189.63779527559055 29.480314960629922 Spernere.

97.22834645669292 1101.259842519685 152.50393700787401 28.346456692913385 ASSENTIRI.
216.8503937007874 1101.259842519685 152.50393700787401 28.346456692913385 ASSENTARI.
336.755905511811 1101.259842519685 141.4488188976378 28.346456692913385 BLANDIRI.
445.6062992125984 1101.259842519685 130.6771653543307 28.346456692913385 ADULARI.
543.4015748031496 1101.259842519685 65.19685039370079 28.346456692913385 1.
565.2283464566929 1101.259842519685 206.9291338582677 28.346456692913385 Assentiri,

67.46456692913385 1135.275590551181 110.55118110236221 30.04724409448819 donner
144.8503937007874 1135.275590551181 77.38582677165354 30.04724409448819 son
189.0708661417323 1135.275590551181 165.54330708661416 30.04724409448819 assentiment
321.4488188976378 1135.275590551181 77.38582677165354 30.04724409448819 par
365.6692913385827 1135.275590551181 165.54330708661416 30.04724409448819 conviction;
498.0472440944882 1135.275590551181 132.3779527559055 30.04724409448819 l’opposé
597.5433070866142 1135.275590551181 77.38582677165354 30.04724409448819 est
630.7086614173228 1135.275590551181 143.43307086614172 30.04724409448819 dis

67.46456692913385 1169.8582677165355 186.8031496062992 30.04724409448819 sentire;
224.78740157480314 1169.8582677165355 206.36220472440945 30.04724409448819 assentari,
401.6692913385827 1169.8582677165355 117.92125984251969 30.04724409448819 exprimer
490.1102362204724 1169.8582677165355 68.88188976377953 30.04724409448819 son
529.511811023622 1169.8582677165355 157.3228346456693 30.04724409448819 assentiment,
657.3543307086615 1169.8582677165355 68.88188976377953 30.04724409448819 que
696.7559055118111 1169.8582677165355 58.960629921259844 30.04724409448819 ce
716.3149606299213 1169.8582677165355 58.960629921259844 30.04724409448819 soit

66.61417322834646 1204.4409448818897 75.96850393700787 30.614173228346456 par
109.98425196850394 1204.4409448818897 151.93700787401573 30.614173228346456 conviction
229.3228346456693 1204.4409448818897 65.19685039370079 30.614173228346456 ou
261.6377952755906 1204.4409448818897 75.96850393700787 30.614173228346456 par
305.00787401574803 1204.4409448818897 162.70866141732284 30.614173228346456 hypocrisie,
435.11811023622045 1204.4409448818897 130.11023622047244 30.614173228346456 l’opposé
532.9133858267717 1204.4409448818897 75.96850393700787 30.614173228346456 est
565.2283464566929 1204.4409448818897 206.07874015748033 30.614173228346456 adversari.

94.96062992125984 1239.5905511811025 64.62992125984252 28.913385826771652 2.
127.2755905511811 1239.5905511811025 215.1496062992126 28.913385826771652 Assentari
310.1102362204724 1239.5905511811025 118.48818897637796 28.913385826771652 désigne
396.2834645669291 1239.5905511811025 64.62992125984252 28.913385826771652 la
428.59842519685037 1239.5905511811025 140.03149606299212 28.913385826771652 flatterie
536.3149606299213 1239.5905511811025 75.4015748031496 28.913385826771652 qui
579.4015748031496 1239.5905511811025 53.85826771653543 28.913385826771652 a
600.9448818897638 1239.5905511811025 118.48818897637796 28.913385826771652 horreur
686.8346456692914 1239.5905511811025 64.62992125984252 28.913385826771652 de
708.3779527559055 1239.5905511811025 64.62992125984252 28.913385826771652 con-

66.61417322834646 1274.1732283464567 128.40944881889763 30.04724409448819 tredire,
162.99212598425197 1274.1732283464567 96.37795275590551 30.04724409448819 comme
227.0551181102362 1274.1732283464567 138.89763779527559 30.04724409448819 θωπεύειν;
333.9212598425197 1274.1732283464567 213.73228346456693 30.04724409448819 blandiri,
515.9055118110236 1274.1732283464567 96.37795275590551 30.04724409448819 celle
579.9685039370079 1274.1732283464567 74.83464566929133 30.04724409448819 qui
622.7716535433071 1274.1732283464567 85.60629921259843 30.04724409448819 fait
676.0629921259842 1274.1732283464567 85.60629921259843 30.04724409448819 dire
718.8661417322835 1274.1732283464567 53.574803149606296 30.04724409448819 des
