845.2913385826772 1432.6299212598426
291.40157480314963 131.81102362204723 79.37007874015748 17.5748031496063 DE
331.0866141732283 131.81102362204723 172.06299212598427 17.5748031496063 SYNONYMIE
450.4251968503937 131.81102362204723 119.05511811023622 17.5748031496063 LATINE.

731.6220472440945 130.11023622047244 53.29133858267716 19.84251968503937 13

83.33858267716535 173.76377952755905 91.2755905511811 24.944881889763778 ALACER,
149.66929133858267 173.76377952755905 49.889763779527556 24.944881889763778 v.
166.39370078740157 173.76377952755905 141.16535433070865 24.944881889763778 Gaudere.

108.28346456692914 218.5511811023622 114.80314960629921 30.04724409448819 ALAPA.
188.78740157480314 218.5511811023622 149.38582677165354 30.04724409448819 COLAPHUS.
303.59055118110234 218.5511811023622 195.30708661417322 30.04724409448819 Alapa,
464.59842519685037 218.5511811023622 149.38582677165354 30.04724409448819 soufflet,
579.4015748031496 218.5511811023622 91.84251968503936 30.04724409448819 coup
636.6614173228346 218.5511811023622 137.76377952755905 30.04724409448819 appliqué
728.503937007874 218.5511811023622 57.54330708661417 30.04724409448819 sur

79.08661417322834 252.56692913385828 70.58267716535433 30.614173228346456 la
114.51968503937007 252.56692913385828 117.63779527559055 30.614173228346456 figure
197.00787401574803 252.56692913385828 94.11023622047244 30.614173228346456 avec
255.68503937007873 252.56692913385828 70.58267716535433 30.614173228346456 le
291.11811023622045 252.56692913385828 94.11023622047244 30.614173228346456 plat
350.0787401574803 252.56692913385828 70.58267716535433 30.614173228346456 de
385.2283464566929 252.56692913385828 70.58267716535433 30.614173228346456 la
420.66141732283467 252.56692913385828 106.01574803149606 30.614173228346456 main,
491.244094488189 252.56692913385828 106.01574803149606 30.614173228346456 c’est
561.8267716535433 252.56692913385828 82.48818897637796 30.614173228346456 une
608.8818897637796 252.56692913385828 153.0708661417323 30.614173228346456 punition,
714.8976377952756 252.56692913385828 70.58267716535433 30.614173228346456 mais

79.65354330708661 287.7165354330709 136.62992125984252 29.480314960629922 infligée
182.26771653543307 287.7165354330709 91.2755905511811 29.480314960629922 avec
239.24409448818898 287.7165354330709 170.9291338582677 29.480314960629922 modération;
375.87401574803147 287.7165354330709 227.90551181102362 29.480314960629922 colaphus,
569.4803149606299 287.7165354330709 91.2755905511811 29.480314960629922 coup
626.4566929133858 287.7165354330709 113.95275590551181 29.480314960629922 assené
706.3937007874016 287.7165354330709 79.65354330708661 29.480314960629922 sur
740.4094488188977 287.7165354330709 45.63779527559055 29.480314960629922 la

78.23622047244095 322.2992125984252 97.79527559055119 31.181102362204726 tête
139.1811023622047 322.2992125984252 97.79527559055119 31.181102362204726 avec
200.40944881889763 322.2992125984252 73.41732283464567 31.181102362204726 le
236.9763779527559 322.2992125984252 109.98425196850394 31.181102362204726 poing
310.3937007874016 322.2992125984252 109.98425196850394 31.181102362204726 fermé
383.81102362204723 322.2992125984252 73.41732283464567 31.181102362204726 et
420.37795275590554 322.2992125984252 97.79527559055119 31.181102362204726 avec
481.6062992125984 322.2992125984252 85.60629921259843 31.181102362204726 des
530.3622047244095 322.2992125984252 134.36220472440945 31.181102362204726 marques
628.1574803149606 322.2992125984252 73.41732283464567 31.181102362204726 de
665.007874015748 322.2992125984252 122.1732283464567 31.181102362204726 colère
738.4251968503937 322.2992125984252 48.75590551181102 31.181102362204726 et

80.22047244094489 357.4488188976378 71.43307086614173 22.677165354330707 de
104.03149606299213 357.4488188976378 107.14960629921259 22.677165354330707 fureur.

108.28346456692914 393.1653543307087 109.13385826771653 27.212598425196852 ALBUS.
184.8188976377953 393.1653543307087 142.01574803149606 27.212598425196852 CANDIDUS.
293.9527559055118 393.1653543307087 130.96062992125985 27.212598425196852 ALBIDUS.
392.31496062992125 393.1653543307087 65.48031496062993 27.212598425196852 1.
425.1968503937008 393.1653543307087 185.66929133858267 27.212598425196852 Albus,
577.9842519685039 393.1653543307087 65.48031496062993 27.212598425196852 le
610.8661417322835 393.1653543307087 98.36220472440945 27.212598425196852 blanc
665.2913385826772 393.1653543307087 120.18897637795276 27.212598425196852 considéré

78.80314960629921 427.18110236220474 75.68503937007874 28.913385826771652 en
116.78740157480316 427.18110236220474 138.89763779527559 28.913385826771652 général
217.70078740157481 427.18110236220474 113.66929133858268 28.913385826771652 comme
293.6692913385827 427.18110236220474 164.1259842519685 28.913385826771652 l’absence
419.81102362204723 427.18110236220474 75.68503937007874 28.913385826771652 de
457.79527559055117 427.18110236220474 113.66929133858268 28.913385826771652 toute
533.4803149606299 427.18110236220474 151.6535433070866 28.913385826771652 couleur,
647.1496062992126 427.18110236220474 75.68503937007874 28.913385826771652 ce
685.1338582677165 427.18110236220474 88.44094488188976 28.913385826771652 qui
722.8346456692914 427.18110236220474 63.21259842519685 28.913385826771652 n’a

80.22047244094489 462.3307086614173 79.37007874015748 28.913385826771652 pas
125.5748031496063 462.3307086614173 68.03149606299213 28.913385826771652 de
159.59055118110237 462.3307086614173 136.06299212598427 28.913385826771652 couleur;
261.6377952755906 462.3307086614173 227.0551181102362 28.913385826771652 candidus,
454.6771653543307 462.3307086614173 68.03149606299213 28.913385826771652 le
488.6929133858268 462.3307086614173 102.04724409448819 28.913385826771652 blanc
556.7244094488188 462.3307086614173 90.70866141732283 28.913385826771652 pris
613.7007874015748 462.3307086614173 102.04724409448819 28.913385826771652 comme
681.7322834645669 462.3307086614173 79.37007874015748 28.913385826771652 une
715.7480314960629 462.3307086614173 68.03149606299213 28.913385826771652 cou-

79.37007874015748 496.9133858267717 94.11023622047244 28.913385826771652 leur
138.04724409448818 496.9133858267717 152.78740157480314 28.913385826771652 positive,
255.68503937007873 496.9133858267717 70.58267716535433 28.913385826771652 la
290.8346456692913 496.9133858267717 94.11023622047244 28.913385826771652 plus
349.79527559055117 496.9133858267717 105.73228346456693 28.913385826771652 pure,
420.37795275590554 496.9133858267717 70.58267716535433 28.913385826771652 la
455.5275590551181 496.9133858267717 94.11023622047244 28.913385826771652 plus
514.488188976378 496.9133858267717 129.25984251968504 28.913385826771652 claire,
608.5984251968504 496.9133858267717 70.58267716535433 28.913385826771652 en
632.1259842519685 496.9133858267717 152.78740157480314 28.913385826771652 comparaison

79.65354330708661 532.0629921259842 74.26771653543307 28.346456692913385 de
116.78740157480316 532.0629921259842 148.53543307086613 28.346456692913385 laquelle
228.18897637795277 532.0629921259842 123.8740157480315 28.346456692913385 toutes
314.92913385826773 532.0629921259842 86.74015748031496 28.346456692913385 les
364.53543307086613 532.0629921259842 123.8740157480315 28.346456692913385 autres
451.2755905511811 532.0629921259842 173.48031496062993 28.346456692913385 paraissent
587.3385826771654 532.0629921259842 136.06299212598427 28.346456692913385 sombres
686.5511811023622 532.0629921259842 74.26771653543307 28.346456692913385 ou
711.2125984251968 532.0629921259842 74.26771653543307 28.346456692913385 même

79.93700787401575 566.6456692913385 110.26771653543307 29.480314960629922 sales;
157.03937007874015 566.6456692913385 99.21259842519684 29.480314960629922 c’est
223.37007874015748 566.6456692913385 66.04724409448819 29.480314960629922 un
256.251968503937 566.6456692913385 88.15748031496064 29.480314960629922 beau
311.5275590551181 566.6456692913385 99.21259842519684 29.480314960629922 blanc
377.5748031496063 566.6456692913385 143.43307086614172 29.480314960629922 éclatant.
487.84251968503935 566.6456692913385 209.48031496062993 29.480314960629922 L’album,
664.1574803149606 566.6456692913385 77.10236220472441 29.480314960629922 qui
708.3779527559055 566.6456692913385 54.99212598425197 29.480314960629922 a
719.4330708661417 566.6456692913385 66.04724409448819 29.480314960629922 pour

80.22047244094489 601.2283464566929 108.56692913385827 29.480314960629922 opposé
156.18897637795277 601.2283464566929 173.76377952755905 29.480314960629922 ater,
297.07086614173227 601.2283464566929 97.79527559055119 29.480314960629922 tire,
362.26771653543307 601.2283464566929 97.79527559055119 29.480314960629922 comme
427.46456692913387 601.2283464566929 65.19685039370079 29.480314960629922 le
460.06299212598424 601.2283464566929 119.33858267716535 29.480314960629922 λευκὸν,
546.8031496062993 601.2283464566929 75.96850393700787 29.480314960629922 sur
590.1732283464567 601.2283464566929 65.19685039370079 29.480314960629922 le
622.7716535433071 601.2283464566929 97.79527559055119 29.480314960629922 jaune
687.6850393700787 601.2283464566929 97.79527559055119 29.480314960629922 pâle;
742.1102362204724 601.2283464566929 43.37007874015748 29.480314960629922 le

79.93700787401575 636.3779527559055 201.25984251968504 30.614173228346456 candidum,
250.86614173228347 636.3779527559055 70.2992125984252 30.614173228346456 qui
291.11811023622045 636.3779527559055 50.173228346456696 30.614173228346456 a
311.244094488189 636.3779527559055 80.50393700787401 30.614173228346456 pour
361.4173228346457 636.3779527559055 100.62992125984252 30.614173228346456 opposé
431.7165354330709 636.3779527559055 170.9291338582677 30.614173228346456 niger,
572.5984251968504 636.3779527559055 90.4251968503937 30.614173228346456 tire,
632.9763779527559 636.3779527559055 90.4251968503937 30.614173228346456 comme
683.1496062992126 636.3779527559055 100.62992125984252 30.614173228346456 l'ἀργὸν,

79.37007874015748 670.9606299212599 77.38582677165354 30.04724409448819 sur
123.59055118110236 670.9606299212599 66.33070866141732 30.04724409448819 le
156.75590551181102 670.9606299212599 88.44094488188976 30.04724409448819 bleu
211.748031496063 670.9606299212599 99.49606299212599 30.04724409448819 pâle.
278.0787401574803 670.9606299212599 165.54330708661416 30.04724409448819 Alba
410.74015748031496 670.9606299212599 110.55118110236221 30.04724409448819 cutis,
487.84251968503935 670.9606299212599 88.44094488188976 30.04724409448819 peau
543.1181102362204 670.9606299212599 88.44094488188976 30.04724409448819 d’un
598.3937007874016 670.9606299212599 121.32283464566929 30.04724409448819 malade,
686.5511811023622 670.9606299212599 88.44094488188976 30.04724409448819 d’un
730.7716535433071 670.9606299212599 55.275590551181104 30.04724409448819 hy-

79.08661417322834 706.1102362204724 145.70078740157481 28.913385826771652 dropique;
191.33858267716536 706.1102362204724 212.88188976377953 28.913385826771652 candida,
370.7716535433071 706.1102362204724 100.91338582677166 28.913385826771652 d’une
437.9527559055118 706.1102362204724 134.64566929133858 28.913385826771652 personne
538.8661417322835 706.1102362204724 78.51968503937007 28.913385826771652 qui
583.6535433070866 706.1102362204724 78.51968503937007 28.913385826771652 est
628.4409448818898 706.1102362204724 89.5748031496063 28.913385826771652 dans
684.5669291338583 706.1102362204724 67.18110236220473 28.913385826771652 la
706.9606299212599 706.1102362204724 78.51968503937007 28.913385826771652 fleur

79.65354330708661 741.2598425196851 64.06299212598425 28.346456692913385 de
111.68503937007874 741.2598425196851 64.06299212598425 28.346456692913385 la
144.0 741.2598425196851 138.89763779527559 28.346456692913385 jeunesse.
250.86614173228347 741.2598425196851 64.06299212598425 28.346456692913385 Au
282.8976377952756 741.2598425196851 117.63779527559055 28.346456692913385 figuré,
368.503937007874 741.2598425196851 171.21259842519686 28.346456692913385 albor
507.40157480314963 741.2598425196851 74.83464566929133 28.346456692913385 est
550.2047244094488 741.2598425196851 64.06299212598425 28.346456692913385 le
582.2362204724409 741.2598425196851 117.63779527559055 28.346456692913385 symbole
667.8425196850394 741.2598425196851 64.06299212598425 28.346456692913385 du
689.1023622047244 741.2598425196851 96.37795275590551 28.346456692913385 bonheur

79.08661417322834 775.8425196850394 61.22834645669291 28.913385826771652 et
109.7007874015748 775.8425196850394 61.22834645669291 28.913385826771652 de
140.31496062992127 775.8425196850394 61.22834645669291 28.913385826771652 la
171.21259842519686 775.8425196850394 92.1259842519685 28.913385826771652 joie;
232.44094488188978 775.8425196850394 183.96850393700788 28.913385826771652 candor,
385.79527559055117 775.8425196850394 61.22834645669291 28.913385826771652 de
416.40944881889766 775.8425196850394 61.22834645669291 28.913385826771652 la
447.0236220472441 775.8425196850394 102.33070866141732 28.913385826771652 pureté
518.7401574803149 775.8425196850394 61.22834645669291 28.913385826771652 et
549.3543307086615 775.8425196850394 61.22834645669291 28.913385826771652 de
569.7637795275591 775.8425196850394 143.1496062992126 28.913385826771652 l’innocence.

108.28346456692914 810.4251968503937 53.574803149606296 27.77952755905512 2.
134.9291338582677 810.4251968503937 151.6535433070866 27.77952755905512 Albus,
259.65354330708664 810.4251968503937 89.29133858267717 27.77952755905512 blanc;
322.01574803149606 810.4251968503937 169.51181102362204 27.77952755905512 albidus,
455.81102362204723 810.4251968503937 115.93700787401575 27.77952755905512 blanchâtre.

106.2992125984252 842.7401574803149 112.81889763779527 30.614173228346456 ALERE.
185.38582677165354 842.7401574803149 135.49606299212599 30.614173228346456 NUTRIRE.
286.86614173228344 842.7401574803149 158.17322834645668 30.614173228346456 NUTRICARE.
411.3070866141732 842.7401574803149 191.90551181102362 30.614173228346456 Alere,
569.1968503937007 842.7401574803149 124.15748031496064 30.614173228346456 nourrir
659.6220472440945 842.7401574803149 67.74803149606299 30.614173228346456 de
682.2992125984252 842.7401574803149 101.48031496062993 30.614173228346456 manière

77.38582677165354 880.7244094488188 54.425196850393704 28.346456692913385 à
98.92913385826772 880.7244094488188 119.90551181102362 28.346456692913385 pousser
186.23622047244095 880.7244094488188 65.48031496062993 28.346456692913385 au
218.83464566929135 880.7244094488188 185.10236220472441 28.346456692913385 développement
371.33858267716533 880.7244094488188 65.48031496062993 28.346456692913385 et
404.2204724409449 880.7244094488188 54.425196850393704 28.346456692913385 à
426.0472440944882 880.7244094488188 65.48031496062993 28.346456692913385 la
458.6456692913386 880.7244094488188 163.55905511811022 28.346456692913385 croissance;
589.3228346456693 880.7244094488188 196.15748031496062 28.346456692913385 nutrire
741.8267716535433 880.7244094488188 43.653543307086615 28.346456692913385 et

77.38582677165354 915.3070866141733 227.6220472440945 28.346456692913385 nutricare,
272.40944881889766 915.3070866141733 119.33858267716535 28.346456692913385 nourrir
359.1496062992126 915.3070866141733 86.74015748031496 28.346456692913385 pour
413.5748031496063 915.3070866141733 140.88188976377953 28.346456692913385 prolonger
521.8582677165355 915.3070866141733 65.19685039370079 28.346456692913385 et
554.4566929133858 915.3070866141733 119.33858267716535 28.346456692913385 assurer
630.4251968503937 915.3070866141733 151.93700787401573 28.346456692913385 l’existence.

77.95275590551181 949.8897637795276 61.511811023622045 27.77952755905512 En
108.56692913385827 949.8897637795276 122.74015748031496 27.77952755905512 d’autres
200.69291338582678 949.8897637795276 112.53543307086615 27.77952755905512 termes:
282.61417322834643 949.8897637795276 194.45669291338584 27.77952755905512 alimenta
446.1732283464567 949.8897637795276 132.9448818897638 27.77952755905512 adjuvant,
548.503937007874 949.8897637795276 214.86614173228347 27.77952755905512 nutrimenta
722.2677165354331 949.8897637795276 61.511811023622045 27.77952755905512 sus-

75.68503937007874 984.4724409448819 148.53543307086613 28.346456692913385 tentant.
187.08661417322836 984.4724409448819 86.74015748031496 28.346456692913385 Les
236.69291338582678 984.4724409448819 148.53543307086613 28.346456692913385 aliments
348.09448818897636 984.4724409448819 173.1968503937008 28.346456692913385 profitent,
484.15748031496065 984.4724409448819 74.26771653543307 28.346456692913385 la
521.2913385826772 984.4724409448819 173.1968503937008 28.346456692913385 nourriture
644.8818897637796 984.4724409448819 136.06299212598427 28.346456692913385 soutient.

79.08661417322834 1019.6220472440945 72.28346456692914 29.480314960629922 CIC.
124.44094488188976 1019.6220472440945 54.425196850393704 29.480314960629922 N.
151.37007874015748 1019.6220472440945 54.425196850393704 29.480314960629922 D.
178.58267716535434 1019.6220472440945 63.21259842519685 29.480314960629922 II,
214.86614173228347 1019.6220472440945 63.21259842519685 29.480314960629922 63.
251.1496062992126 1019.6220472440945 81.35433070866142 29.480314960629922 Neque
305.29133858267716 1019.6220472440945 135.7795275590551 29.480314960629922 ali,
413.8582677165354 1019.6220472440945 81.35433070866142 29.480314960629922 neque
468.2834645669291 1019.6220472440945 198.99212598425197 29.480314960629922 sustentari.
640.0629921259842 1019.6220472440945 90.4251968503937 29.480314960629922 N'être
703.5590551181102 1019.6220472440945 54.425196850393704 29.480314960629922 ni
721.7007874015748 1019.6220472440945 63.21259842519685 29.480314960629922 gras-

77.10236220472441 1054.2047244094488 127.55905511811024 28.913385826771652 sement,
169.79527559055117 1054.2047244094488 69.44881889763779 28.913385826771652 ni
204.66141732283464 1054.2047244094488 92.69291338582677 28.913385826771652 même
262.48818897637796 1054.2047244094488 162.14173228346456 28.913385826771652 pauvrement
390.0472440944882 1054.2047244094488 127.55905511811024 28.913385826771652 nourri.
482.45669291338584 1054.2047244094488 219.96850393700788 28.913385826771652 Nutrire,
667.8425196850394 1054.2047244094488 104.31496062992126 28.913385826771652 terme
725.9527559055118 1054.2047244094488 57.826771653543304 28.913385826771652 gé-

76.81889763779527 1089.3543307086613 106.86614173228347 28.913385826771652 néral;
151.6535433070866 1089.3543307086613 224.50393700787401 28.913385826771652 nutricare,
344.12598425196853 1089.3543307086613 96.09448818897638 28.913385826771652 terme
408.18897637795277 1089.3543307086613 160.15748031496062 28.913385826771652 particulier
536.3149606299213 1089.3543307086613 96.09448818897638 28.913385826771652 usité
600.3779527559055 1089.3543307086613 64.06299212598425 28.913385826771652 de
632.4094488188977 1089.3543307086613 149.66929133858267 28.913385826771652 préférence
739.2755905511812 1089.3543307086613 42.803149606299215 28.913385826771652 en

73.7007874015748 1125.0708661417323 141.16535433070865 28.913385826771652 parlant
176.31496062992127 1125.0708661417323 89.85826771653544 28.913385826771652 des
214.86614173228347 1125.0708661417323 128.40944881889763 28.913385826771652 animaux.

75.96850393700787 1171.5590551181103 102.04724409448819 26.078740157480315 ALGERE,
150.23622047244095 1171.5590551181103 111.4015748031496 26.078740157480315 ALGIDUS,
233.85826771653544 1171.5590551181103 55.55905511811024 26.078740157480315 v.
261.6377952755906 1171.5590551181103 176.31496062992127 26.078740157480315 Frigere.
410.1732283464567 1171.5590551181103 139.1811023622047 26.078740157480315 ALIENIGENA,
521.5748031496063 1171.5590551181103 55.55905511811024 26.078740157480315 v.
540.2834645669292 1171.5590551181103 166.96062992125985 26.078740157480315 Externus.

103.18110236220473 1215.7795275590552 160.15748031496062 24.37795275590551 ALIMENTA.
226.20472440944883 1215.7795275590552 123.02362204724409 24.37795275590551 PENUS.
312.37795275590554 1215.7795275590552 123.02362204724409 24.37795275590551 CIBUS.
398.5511811023622 1215.7795275590552 110.83464566929133 24.37795275590551 ESCA.
472.53543307086613 1215.7795275590552 135.49606299212599 24.37795275590551 EDULIA.
570.8976377952756 1215.7795275590552 135.49606299212599 24.37795275590551 CIBARE.
657.3543307086615 1215.7795275590552 123.02362204724409 24.37795275590551 PASCERE.

76.53543307086615 1249.7952755905512 59.52755905511811 31.181102362204726 1.
106.2992125984252 1249.7952755905512 188.78740157480314 31.181102362204726 Alimenta
265.3228346456693 1249.7952755905512 59.52755905511811 31.181102362204726 et
295.0866141732283 1249.7952755905512 168.66141732283464 31.181102362204726 penus,
433.98425196850394 1249.7952755905512 99.21259842519684 31.181102362204726 vivres
503.43307086614175 1249.7952755905512 158.74015748031496 31.181102362204726 quelconques,
632.6929133858267 1249.7952755905512 109.13385826771653 31.181102362204726 solides
712.0629921259842 1249.7952755905512 59.52755905511811 31.181102362204726 ou
731.9055118110236 1249.7952755905512 49.60629921259842 31.181102362204726 li-

74.83464566929133 1282.1102362204724 121.32283464566929 35.1496062992126 quides:
162.99212598425197 1282.1102362204724 220.53543307086613 35.1496062992126 alimenta,
350.3622047244094 1282.1102362204724 66.04724409448819 35.1496062992126 en
383.5275590551181 1282.1102362204724 132.3779527559055 35.1496062992126 général,
482.74015748031496 1282.1102362204724 77.10236220472441 35.1496062992126 par
526.9606299212599 1282.1102362204724 121.32283464566929 35.1496062992126 rapport
615.1181102362204 1282.1102362204724 54.99212598425197 35.1496062992126 à
636.9448818897638 1282.1102362204724 121.32283464566929 35.1496062992126 l’homme
714.3307086614174 1282.1102362204724 66.04724409448819 35.1496062992126 pris
