839.0551181102362 1397.1968503937007
268.15748031496065 96.66141732283465 79.93700787401575 17.007874015748033 DE
308.12598425196853 96.66141732283465 173.1968503937008 17.007874015748033 SYNONYMIE
428.0314960629921 96.66141732283465 119.90551181102362 17.007874015748033 LATINE.

709.511811023622 96.09448818897638 49.889763779527556 18.708661417322833 21

49.889763779527556 138.61417322834646 87.8740157480315 28.913385826771652 avec
104.88188976377953 138.61417322834646 175.748031496063 28.913385826771652 mens,
247.46456692913387 138.61417322834646 65.76377952755905 28.913385826771652 la
280.34645669291336 138.61417322834646 120.75590551181102 28.913385826771652 faculté
368.2204724409449 138.61417322834646 142.58267716535434 28.913385826771652 pensante,
477.9212598425197 138.61417322834646 87.8740157480315 28.913385826771652 dans
532.9133858267717 138.61417322834646 65.76377952755905 28.913385826771652 le
565.7952755905512 138.61417322834646 120.75590551181102 28.913385826771652 rapport
653.6692913385826 138.61417322834646 65.76377952755905 28.913385826771652 du
686.5511811023622 138.61417322834646 87.8740157480315 28.913385826771652 tout
730.488188976378 138.61417322834646 32.881889763779526 28.913385826771652 à

47.62204724409449 173.1968503937008 85.03937007874016 30.04724409448819 une
96.09448818897638 173.1968503937008 72.85039370078741 30.04724409448819 de
132.66141732283464 173.1968503937008 85.03937007874016 30.04724409448819 ses
181.13385826771653 173.1968503937008 145.70078740157481 30.04724409448819 parties.
290.26771653543307 173.1968503937008 96.94488188976378 30.04724409448819 CIC.
350.92913385826773 173.1968503937008 96.94488188976378 30.04724409448819 Rep.
411.59055118110234 173.1968503937008 85.03937007874016 30.04724409448819 II,
460.06299212598424 173.1968503937008 85.03937007874016 30.04724409448819 40.
508.53543307086613 173.1968503937008 72.85039370078741 30.04724409448819 Ea
545.1023622047244 173.1968503937008 85.03937007874016 30.04724409448819 quæ
593.5748031496063 173.1968503937008 109.13385826771653 30.04724409448819 latet
666.4251968503937 173.1968503937008 72.85039370078741 30.04724409448819 in
690.5196850393701 173.1968503937008 72.85039370078741 30.04724409448819 ani-

47.62204724409449 208.3464566929134 81.07086614173228 28.913385826771652 mis
93.8267716535433 208.3464566929134 127.2755905511811 28.913385826771652 hominum
186.51968503937007 208.3464566929134 115.65354330708661 28.913385826771652 quæque
267.3070866141732 208.3464566929134 92.40944881889764 28.913385826771652 pars
325.13385826771656 208.3464566929134 138.61417322834646 28.913385826771652 animi
429.1653543307087 208.3464566929134 138.61417322834646 28.913385826771652 mens
533.1968503937007 208.3464566929134 138.61417322834646 28.913385826771652 vocatur.
625.8897637795276 208.3464566929134 138.61417322834646 28.913385826771652 L’intelli-

45.92125984251968 242.9291338582677 119.90551181102362 30.614173228346456 gence
125.85826771653544 242.9291338582677 146.5511811023622 30.614173228346456 enfouie
232.44094488188978 242.9291338582677 106.58267716535433 30.614173228346456 dans
299.0551181102362 242.9291338582677 93.25984251968504 30.614173228346456 nos
352.34645669291336 242.9291338582677 106.58267716535433 30.614173228346456 âmes
418.6771653543307 242.9291338582677 79.93700787401575 30.614173228346456 et
458.6456692913386 242.9291338582677 119.90551181102362 30.614173228346456 qu’on
538.5826771653543 242.9291338582677 106.58267716535433 30.614173228346456 peut
605.1968503937007 242.9291338582677 146.5511811023622 30.614173228346456 appeler
698.4566929133858 242.9291338582677 66.61417322834646 30.614173228346456 une

46.488188976377955 278.0787401574803 127.84251968503936 30.04724409448819 partie
136.06299212598427 278.0787401574803 76.81889763779527 30.04724409448819 de
174.33070866141733 278.0787401574803 127.84251968503936 30.04724409448819 l’âme.
263.62204724409446 278.0787401574803 102.33070866141732 30.04724409448819 Mais
327.68503937007875 278.0787401574803 115.08661417322834 30.04724409448819 comme
404.2204724409449 278.0787401574803 102.33070866141732 30.04724409448819 dans
468.2834645669291 278.0787401574803 76.81889763779527 30.04724409448819 la
506.5511811023622 278.0787401574803 89.5748031496063 30.04724409448819 vie
557.8582677165355 278.0787401574803 115.08661417322834 30.04724409448819 l’âme
634.3937007874016 278.0787401574803 102.33070866141732 30.04724409448819 vaut
685.4173228346457 278.0787401574803 76.81889763779527 30.04724409448819 sur-

49.039370078740156 312.66141732283467 86.74015748031496 28.913385826771652 tout
103.18110236220473 312.66141732283467 75.96850393700787 28.913385826771652 par
146.5511811023622 312.66141732283467 64.91338582677166 28.913385826771652 la
179.1496062992126 312.66141732283467 130.11023622047244 28.913385826771652 volonté,
276.66141732283467 312.66141732283467 184.251968503937 28.913385826771652 animus
428.31496062992125 312.66141732283467 119.33858267716535 28.913385826771652 devient
515.0551181102362 312.66141732283467 54.14173228346457 28.913385826771652 à
536.8818897637796 312.66141732283467 75.96850393700787 28.913385826771652 son
580.2519685039371 312.66141732283467 86.74015748031496 28.913385826771652 tour
634.3937007874016 312.66141732283467 75.96850393700787 28.913385826771652 une
666.992125984252 312.66141732283467 97.51181102362204 28.913385826771652 faculté

47.62204724409449 347.81102362204723 76.81889763779527 30.614173228346456 de
85.88976377952756 347.81102362204723 127.84251968503936 30.614173228346456 l’âme,
175.46456692913387 347.81102362204723 115.08661417322834 30.614173228346456 celle
252.28346456692913 347.81102362204723 76.81889763779527 30.614173228346456 du
290.5511811023622 347.81102362204723 166.39370078740157 30.614173228346456 sentiment
418.6771653543307 347.81102362204723 76.81889763779527 30.614173228346456 et
456.9448818897638 347.81102362204723 76.81889763779527 30.614173228346456 de
495.21259842519686 347.81102362204723 76.81889763779527 30.614173228346456 la
533.7637795275591 347.81102362204723 140.5984251968504 30.614173228346456 volonté
636.0944881889764 347.81102362204723 89.5748031496063 30.614173228346456 qui
674.3622047244095 347.81102362204723 89.5748031496063 30.614173228346456 prend

49.889763779527556 382.3937007874016 94.11023622047244 28.913385826771652 place
112.81889763779527 382.3937007874016 52.44094488188976 28.913385826771652 à
133.51181102362204 382.3937007874016 83.62204724409449 28.913385826771652 côté
185.95275590551182 382.3937007874016 62.92913385826772 28.913385826771652 de
217.41732283464566 382.3937007874016 198.99212598425197 28.913385826771652 l’intelligence,
384.9448818897638 382.3937007874016 62.92913385826772 28.913385826771652 de
416.12598425196853 382.3937007874016 62.92913385826772 28.913385826771652 la
447.59055118110234 382.3937007874016 157.03937007874015 28.913385826771652 conscience,
573.1653543307086 382.3937007874016 167.5275590551181 28.913385826771652 mens.
698.7401574803149 382.3937007874016 62.92913385826772 28.913385826771652 TAC.

50.45669291338583 416.9763779527559 62.92913385826772 29.480314960629922 H.
81.92125984251969 416.9763779527559 62.92913385826772 29.480314960629922 I,
113.38582677165354 416.9763779527559 73.41732283464567 29.480314960629922 84.
155.33858267716536 416.9763779527559 83.90551181102362 29.480314960629922 Quem
208.06299212598427 416.9763779527559 94.39370078740157 29.480314960629922 nobis
270.99212598425197 416.9763779527559 189.0708661417323 29.480314960629922 animum,
428.59842519685037 416.9763779527559 83.90551181102362 29.480314960629922 quas
481.03937007874015 416.9763779527559 178.58267716535434 29.480314960629922 mentes
617.3858267716536 416.9763779527559 147.11811023622047 29.480314960629922 imprecentur?

47.90551181102362 451.5590551181102 121.60629921259843 29.480314960629922 Quels
128.9763779527559 451.5590551181102 202.6771653543307 29.480314960629922 sentiments,
291.40157480314963 451.5590551181102 148.8188976377953 29.480314960629922 quelles
399.40157480314963 451.5590551181102 216.28346456692913 29.480314960629922 dispositions
575.1496062992126 451.5590551181102 162.14173228346456 29.480314960629922 d’esprit
683.4330708661417 451.5590551181102 81.07086614173228 29.480314960629922 nous

50.45669291338583 486.1417322834646 256.53543307086613 27.77952755905512 souhaiteraient-ils?
273.54330708661416 486.1417322834646 89.29133858267717 27.77952755905512 TER.
329.38582677165357 486.1417322834646 100.34645669291339 27.77952755905512 Andr.
396.2834645669291 486.1417322834646 66.89763779527559 27.77952755905512 I,
429.73228346456693 486.1417322834646 66.89763779527559 27.77952755905512 1,
463.18110236220474 486.1417322834646 89.29133858267717 27.77952755905512 137.
519.0236220472441 486.1417322834646 89.29133858267717 27.77952755905512 Mala
574.8661417322835 486.1417322834646 178.58267716535434 27.77952755905512 mens,
708.6614173228346 486.1417322834646 55.84251968503937 27.77952755905512 ma-

50.45669291338583 521.2913385826772 77.95275590551181 28.346456692913385 lus
94.96062992125984 521.2913385826772 200.69291338582678 28.346456692913385 animus.
262.20472440944883 521.2913385826772 133.79527559055117 28.346456692913385 Mauvaise
362.5511811023622 521.2913385826772 100.34645669291339 28.346456692913385 tête,
429.4488188976378 521.2913385826772 122.74015748031496 28.346456692913385 mauvais
518.7401574803149 521.2913385826772 100.34645669291339 28.346456692913385 cœur.
585.6377952755905 521.2913385826772 66.89763779527559 28.346456692913385 Et
619.0866141732283 521.2913385826772 111.4015748031496 28.346456692913385 enfin,
685.9842519685039 521.2913385826772 77.95275590551181 28.346456692913385 comme

49.32283464566929 556.4409448818898 72.85039370078741 28.913385826771652 la
85.88976377952756 556.4409448818898 121.32283464566929 28.913385826771652 pensée
170.64566929133858 556.4409448818898 133.51181102362204 28.913385826771652 précède
267.59055118110234 556.4409448818898 72.85039370078741 28.913385826771652 la
304.15748031496065 556.4409448818898 145.70078740157481 28.913385826771652 volonté,
413.29133858267716 556.4409448818898 85.03937007874016 28.913385826771652 que
461.76377952755905 556.4409448818898 72.85039370078741 28.913385826771652 la
498.3307086614173 556.4409448818898 133.51181102362204 28.913385826771652 volonté
595.2755905511812 556.4409448818898 96.94488188976378 28.913385826771652 sert
643.7480314960629 556.4409448818898 121.32283464566929 28.913385826771652 d’inter-

51.023622047244096 591.0236220472441 140.5984251968504 29.480314960629922 médiaire
156.18897637795277 591.0236220472441 105.44881889763779 29.480314960629922 entre
226.48818897637796 591.0236220472441 70.2992125984252 29.480314960629922 la
261.6377952755906 591.0236220472441 117.07086614173228 29.480314960629922 pensée
343.5590551181102 591.0236220472441 70.2992125984252 29.480314960629922 et
378.70866141732284 591.0236220472441 152.2204724409449 29.480314960629922 l’action,
495.7795275590551 591.0236220472441 128.69291338582678 29.480314960629922 qu’elle
589.6062992125984 591.0236220472441 93.54330708661418 29.480314960629922 peut
648.0 591.0236220472441 93.54330708661418 29.480314960629922 être
694.7716535433071 591.0236220472441 70.2992125984252 29.480314960629922 con-

49.32283464566929 625.6062992125984 145.70078740157481 28.346456692913385 sidérée
155.33858267716536 625.6062992125984 119.05511811023622 28.346456692913385 comme
234.70866141732284 625.6062992125984 79.37007874015748 28.346456692913385 la
274.3937007874016 625.6062992125984 159.0236220472441 28.346456692913385 servante
393.73228346456693 625.6062992125984 79.37007874015748 28.346456692913385 de
433.4173228346457 625.6062992125984 79.37007874015748 28.346456692913385 la
473.1023622047244 625.6062992125984 145.70078740157481 28.346456692913385 pensée,
579.1181102362204 625.6062992125984 106.01574803149606 28.346456692913385 tout
645.4488188976378 625.6062992125984 119.05511811023622 28.346456692913385 comme
711.496062992126 625.6062992125984 53.00787401574803 28.346456692913385 le

51.59055118110236 659.6220472440945 98.64566929133858 30.614173228346456 corps
117.35433070866142 659.6220472440945 76.81889763779527 30.614173228346456 est
161.29133858267716 659.6220472440945 65.76377952755905 30.614173228346456 le
194.17322834645668 659.6220472440945 142.58267716535434 30.614173228346456 serviteur
303.87401574803147 659.6220472440945 65.76377952755905 30.614173228346456 de
336.755905511811 659.6220472440945 65.76377952755905 30.614173228346456 la
369.6377952755906 659.6220472440945 131.5275590551181 30.614173228346456 volonté,
468.2834645669291 659.6220472440945 197.29133858267716 30.614173228346456 réciproquement
621.9212598425197 659.6220472440945 142.58267716535434 30.614173228346456 mens

51.59055118110236 693.0708661417323 68.88188976377953 31.181102362204726 se
86.1732283464567 693.0708661417323 137.76377952755905 31.181102362204726 trouvera
189.63779527559055 693.0708661417323 91.84251968503936 31.181102362204726 avec
246.89763779527559 693.0708661417323 195.30708661417322 31.181102362204726 animus
407.90551181102364 693.0708661417323 91.84251968503936 31.181102362204726 dans
465.1653543307087 693.0708661417323 68.88188976377953 31.181102362204726 le
499.748031496063 693.0708661417323 126.4251968503937 31.181102362204726 ràpport
591.5905511811023 693.0708661417323 91.84251968503936 31.181102362204726 d’un
649.1338582677165 693.0708661417323 91.84251968503936 31.181102362204726 tout
706.3937007874016 693.0708661417323 57.54330708661417 31.181102362204726 à
718.0157480314961 693.0708661417323 45.92125984251968 31.181102362204726 sa

52.724409448818896 730.488188976378 108.56692913385827 29.480314960629922 partie.
131.81102362204723 730.488188976378 79.08661417322834 29.480314960629922 CIC.
181.13385826771653 730.488188976378 89.00787401574803 29.480314960629922 Tusc.
240.3779527559055 730.488188976378 79.08661417322834 29.480314960629922 ΙII,
289.7007874015748 730.488188976378 59.24409448818898 29.480314960629922 5.
319.46456692913387 730.488188976378 148.251968503937 29.480314960629922 Mens
437.9527559055118 730.488188976378 69.16535433070867 29.480314960629922 cui
477.3543307086614 730.488188976378 98.64566929133858 29.480314960629922 regnum
546.5196850393701 730.488188976378 98.64566929133858 29.480314960629922 totius
615.6850393700787 730.488188976378 158.17322834645668 29.480314960629922 animi
734.1732283464567 730.488188976378 29.763779527559056 29.480314960629922 a

51.59055118110236 764.503937007874 120.75590551181102 29.480314960629922 natura
136.06299212598427 764.503937007874 144.8503937007874 29.480314960629922 tributum
244.62992125984252 764.503937007874 96.37795275590551 29.480314960629922 est.
305.00787401574803 764.503937007874 72.28346456692914 29.480314960629922 La
341.29133858267716 764.503937007874 120.75590551181102 29.480314960629922 raison
425.76377952755905 764.503937007874 84.4724409448819 29.480314960629922 qui
473.9527559055118 764.503937007874 120.75590551181102 29.480314960629922 exerce
558.4251968503937 764.503937007874 84.4724409448819 29.480314960629922 une
606.6141732283464 764.503937007874 144.8503937007874 29.480314960629922 autorité
702.992125984252 764.503937007874 60.37795275590551 29.480314960629922 na-

51.59055118110236 799.0866141732283 129.54330708661416 24.37795275590551 turelle
145.70078740157481 799.0866141732283 82.48818897637796 24.37795275590551 sur
192.75590551181102 799.0866141732283 94.11023622047244 24.37795275590551 tous
251.43307086614172 799.0866141732283 82.48818897637796 24.37795275590551 les
286.86614173228344 799.0866141732283 153.0708661417323 24.37795275590551 sentiments.

79.65354330708661 834.8031496062993 203.81102362204723 23.244094488188978 ANIMADVERTERE.
249.73228346456693 834.8031496062993 124.7244094488189 23.244094488188978 NOTARE.
340.15748031496065 834.8031496062993 271.84251968503935 23.244094488188978 Animadvertere
578.2677165354331 834.8031496062993 68.03149606299213 23.244094488188978 se
612.0 834.8031496062993 79.37007874015748 23.244094488188978 dit
657.3543307086615 834.8031496062993 68.03149606299213 23.244094488188978 de
680.0314960629921 834.8031496062993 79.37007874015748 23.244094488188978 l’es-

52.44094488188976 869.9527559055118 94.39370078740157 28.913385826771652 prit
111.68503937007874 869.9527559055118 82.77165354330708 28.913385826771652 qui
158.74015748031496 869.9527559055118 141.73228346456693 28.913385826771652 remarque
265.03937007874015 869.9527559055118 70.86614173228347 28.913385826771652 et
300.4724409448819 869.9527559055118 141.73228346456693 28.913385826771652 observe;
406.7716535433071 869.9527559055118 212.5984251968504 28.913385826771652 notare,
583.9370078740158 869.9527559055118 106.2992125984252 28.913385826771652 d’une
654.8031496062993 869.9527559055118 118.20472440944881 28.913385826771652 marque
725.6692913385826 869.9527559055118 35.43307086614173 28.913385826771652 à

52.44094488188976 905.1023622047244 143.71653543307087 29.480314960629922 laquelle
160.15748031496062 905.1023622047244 71.71653543307086 29.480314960629922 on
195.8740157480315 905.1023622047244 59.811023622047244 29.480314960629922 a
219.96850393700788 905.1023622047244 131.5275590551181 29.480314960629922 recours
315.496062992126 905.1023622047244 95.81102362204724 29.480314960629922 pour
375.59055118110234 905.1023622047244 131.5275590551181 29.480314960629922 attirer
459.21259842519686 905.1023622047244 167.5275590551181 29.480314960629922 l’attention.

80.78740157480316 939.1181102362204 123.30708661417323 23.811023622047244 ANIMAL.
170.64566929133858 939.1181102362204 134.64566929133858 23.811023622047244 ANIMANS.
271.5590551181102 939.1181102362204 123.30708661417323 23.811023622047244 BELLUA.
361.4173228346457 939.1181102362204 123.30708661417323 23.811023622047244 BESTIA.
450.99212598425197 939.1181102362204 112.25196850393701 23.811023622047244 PECUS.
529.511811023622 939.1181102362204 100.91338582677166 23.811023622047244 FERA.
596.9763779527559 939.1181102362204 67.18110236220473 23.811023622047244 1.
619.3700787401575 939.1181102362204 145.70078740157481 23.811023622047244 Ani

54.70866141732284 973.7007874015748 143.71653543307087 28.346456692913385 mal
167.5275590551181 973.7007874015748 61.511811023622045 28.346456692913385 et
198.4251968503937 973.7007874015748 195.0236220472441 28.346456692913385 animans,
362.8346456692913 973.7007874015748 72.0 28.346456692913385 les
403.93700787401576 973.7007874015748 113.10236220472441 28.346456692913385 animaux
486.1417322834646 973.7007874015748 143.71653543307087 28.346456692913385 considérés
598.9606299212599 973.7007874015748 92.40944881889764 28.346456692913385 comme
660.7559055118111 973.7007874015748 72.0 28.346456692913385 des
691.3700787401575 973.7007874015748 72.0 28.346456692913385 êtres

54.70866141732284 1008.2834645669292 106.58267716535433 29.480314960629922 doués
125.85826771653544 1008.2834645669292 70.86614173228347 29.480314960629922 de
161.29133858267716 1008.2834645669292 94.67716535433071 29.480314960629922 vie,
220.251968503937 1008.2834645669292 130.11023622047244 29.480314960629922 l’homme
314.92913385826773 1008.2834645669292 142.01574803149606 29.480314960629922 compris:
421.51181102362204 1008.2834645669292 200.9763779527559 29.480314960629922 animal
587.0551181102362 1008.2834645669292 177.4488188976378 29.480314960629922 caractérise
717.1653543307086 1008.2834645669292 47.338582677165356 29.480314960629922 la

54.70866141732284 1042.8661417322835 118.20472440944881 28.913385826771652 nature
137.48031496062993 1042.8661417322835 70.86614173228347 28.913385826771652 de
172.91338582677164 1042.8661417322835 130.11023622047244 28.913385826771652 l’être;
267.59055118110234 1042.8661417322835 94.67716535433071 28.913385826771652 quel
326.5511811023622 1042.8661417322835 82.77165354330708 28.913385826771652 que
373.8897637795276 1042.8661417322835 94.67716535433071 28.913385826771652 soit
433.13385826771656 1042.8661417322835 82.77165354330708 28.913385826771652 son
480.18897637795277 1042.8661417322835 130.11023622047244 28.913385826771652 aspect,
574.8661417322835 1042.8661417322835 70.86614173228347 28.913385826771652 il
610.2992125984252 1042.8661417322835 165.54330708661416 28.913385826771652 appartient
728.503937007874 1042.8661417322835 35.43307086614173 28.913385826771652 à

55.275590551181104 1077.4488188976377 64.34645669291339 28.913385826771652 la
87.59055118110236 1077.4488188976377 107.14960629921259 28.913385826771652 classe
162.4251968503937 1077.4488188976377 75.11811023622047 28.913385826771652 des
205.51181102362204 1077.4488188976377 96.37795275590551 28.913385826771652 êtres
269.5748031496063 1077.4488188976377 117.92125984251969 28.913385826771652 animés;
355.46456692913387 1077.4488188976377 128.69291338582678 28.913385826771652 l’opposé
451.84251968503935 1077.4488188976377 75.11811023622047 28.913385826771652 est
494.92913385826773 1077.4488188976377 214.29921259842519 28.913385826771652 inanimus,
666.4251968503937 1077.4488188976377 96.37795275590551 28.913385826771652 l’équi-

55.275590551181104 1112.0314960629921 112.25196850393701 29.480314960629922 valent
134.07874015748033 1112.0314960629921 89.85826771653544 29.480314960629922 grec
190.20472440944883 1112.0314960629921 134.64566929133858 29.480314960629922 ζῶον.
291.11811023622045 1112.0314960629921 168.3779527559055 29.480314960629922 Animans
426.0472440944882 1112.0314960629921 123.59055118110236 29.480314960629922 précise
515.9055118110236 1112.0314960629921 112.25196850393701 29.480314960629922 l’état
594.4251968503937 1112.0314960629921 89.85826771653544 29.480314960629922 dans
650.5511811023622 1112.0314960629921 112.25196850393701 29.480314960629922 lequel
718.0157480314961 1112.0314960629921 44.78740157480315 29.480314960629922 se

56.125984251968504 1147.748031496063 104.03149606299213 28.346456692913385 trouve
128.9763779527559 1147.748031496063 114.51968503937007 28.346456692913385 l’être:
212.31496062992127 1147.748031496063 62.36220472440945 28.346456692913385 il
243.49606299212599 1147.748031496063 83.05511811023622 28.346456692913385 vit,
295.37007874015745 1147.748031496063 62.36220472440945 28.346456692913385 il
326.5511811023622 1147.748031496063 124.7244094488189 28.346456692913385 respire;
420.09448818897636 1147.748031496063 124.7244094488189 28.346456692913385 l’opposé
513.9212598425197 1147.748031496063 72.85039370078741 28.346456692913385 est
555.3070866141733 1147.748031496063 208.06299212598427 28.346456692913385 exanimus.
721.7007874015748 1147.748031496063 41.669291338582674 28.346456692913385 On

56.69291338582677 1182.8976377952756 72.56692913385827 27.77952755905512 dit
98.36220472440945 1182.8976377952756 207.7795275590551 27.77952755905512 animalium
274.96062992125985 1182.8976377952756 134.9291338582677 27.77952755905512 cadavera;
378.70866141732284 1182.8976377952756 217.98425196850394 27.77952755905512 animantium
565.511811023622 1182.8976377952756 124.7244094488189 27.77952755905512 cadavera
659.0551181102362 1182.8976377952756 103.74803149606299 27.77952755905512 ferait
721.1338582677165 1182.8976377952756 41.669291338582674 27.77952755905512 un

58.67716535433071 1216.9133858267717 109.98425196850394 29.480314960629922 non-sens.
143.43307086614172 1216.9133858267717 152.50393700787401 29.480314960629922 Bellua,
270.4251968503937 1216.9133858267717 144.0 29.480314960629922 bestia
388.9133858267717 1216.9133858267717 50.74015748031496 29.480314960629922 et
414.4251968503937 1216.9133858267717 135.49606299212599 29.480314960629922 pecus
524.4094488188977 1216.9133858267717 59.24409448818898 29.480314960629922 ont
558.4251968503937 1216.9133858267717 76.25196850393701 29.480314960629922 trait
609.1653543307086 1216.9133858267717 42.23622047244095 29.480314960629922 à
617.6692913385826 1216.9133858267717 144.0 29.480314960629922 l’intelligence:

54.425196850393704 1252.0629921259842 115.93700787401575 29.480314960629922 c’est
131.5275590551181 1252.0629921259842 154.48818897637796 29.480314960629922 l'animal
247.46456692913387 1252.0629921259842 218.83464566929135 29.480314960629922 déraisonnable
427.46456692913387 1252.0629921259842 90.14173228346456 29.480314960629922 par
479.0551181102362 1252.0629921259842 167.24409448818898 29.480314960629922 contraste
607.7480314960629 1252.0629921259842 128.69291338582678 29.480314960629922 direct
685.1338582677165 1252.0629921259842 77.10236220472441 29.480314960629922 avec
