845.2913385826772 1417.8897637795276
284.0314960629921 133.51181102362204 79.37007874015748 17.007874015748033 DE
323.7165354330709 133.51181102362204 171.7795275590551 17.007874015748033 SYNONYMIE
442.7716535433071 133.51181102362204 118.77165354330708 17.007874015748033 LATINE.

737.2913385826772 130.11023622047244 39.118110236220474 19.84251968503937 9

100.34645669291339 176.03149606299212 59.811023622047244 29.480314960629922 2.
130.11023622047244 176.03149606299212 169.22834645669292 29.480314960629922 Morbus
269.5748031496063 176.03149606299212 59.811023622047244 29.480314960629922 et
299.62204724409446 176.03149606299212 189.35433070866142 29.480314960629922 valetudo
458.92913385826773 176.03149606299212 129.54330708661416 29.480314960629922 désignent
558.4251968503937 176.03149606299212 69.73228346456693 29.480314960629922 une
598.3937007874016 176.03149606299212 109.41732283464567 29.480314960629922 maladie
668.1259842519685 176.03149606299212 109.41732283464567 29.480314960629922 actuelle:

68.88188976377953 209.48031496062993 216.28346456692913 28.913385826771652 morbus,
248.88188976377953 209.48031496062993 108.0 28.913385826771652 comme
321.1653543307087 209.48031496062993 72.0 28.913385826771652 un
357.1653543307087 209.48031496062993 144.28346456692913 28.913385826771652 accident
465.1653543307087 209.48031496062993 120.18897637795276 28.913385826771652 auquel
549.3543307086615 209.48031496062993 132.09448818897638 28.913385826771652 l’homme
645.4488188976378 209.48031496062993 84.18897637795276 28.913385826771652 est
681.4488188976378 209.48031496062993 96.09448818897638 28.913385826771652 sujet;

69.44881889763779 243.49606299212599 224.2204724409449 27.77952755905512 valetudo,
259.93700787401576 243.49606299212599 100.91338582677166 27.77952755905512 comme
327.40157480314963 243.49606299212599 67.18110236220473 27.77952755905512 un
360.8503937007874 243.49606299212599 89.5748031496063 27.77952755905512 état
416.9763779527559 243.49606299212599 89.5748031496063 27.77952755905512 dont
472.81889763779526 243.49606299212599 67.18110236220473 27.77952755905512 le
506.5511811023622 243.49606299212599 111.96850393700787 27.77952755905512 malade
585.0708661417323 243.49606299212599 56.125984251968504 27.77952755905512 a
596.1259842519685 243.49606299212599 145.70078740157481 27.77952755905512 conscience.

68.03149606299213 299.62204724409446 110.26771653543307 25.511811023622048 ÆGRE,
141.4488188976378 299.62204724409446 73.41732283464567 25.511811023622048 v.
178.29921259842519 299.62204724409446 183.68503937007873 25.511811023622048 Vix.
325.13385826771656 299.62204724409446 159.30708661417322 25.511811023622048 ÆGRITUDO,
447.87401574803147 299.62204724409446 73.41732283464567 25.511811023622048 v.
472.251968503937 299.62204724409446 171.49606299212599 25.511811023622048 Cura.

69.16535433070867 331.93700787401576 132.09448818897638 26.078740157480315 ÆGROTUS,
168.3779527559055 331.93700787401576 66.04724409448819 26.078740157480315 v.
201.25984251968504 331.93700787401576 176.03149606299212 26.078740157480315 Æger.
344.40944881889766 331.93700787401576 143.1496062992126 26.078740157480315 ÆMULATIO,
454.3937007874016 331.93700787401576 66.04724409448819 26.078740157480315 v.
476.2204724409449 331.93700787401576 198.14173228346456 26.078740157480315 Imitatio.

70.2992125984252 363.68503937007875 132.66141732283464 25.511811023622048 ÆQUALIS,
169.79527559055117 363.68503937007875 66.33070866141732 25.511811023622048 v.
202.96062992125985 363.68503937007875 187.6535433070866 25.511811023622048 Æquus.
357.4488188976378 363.68503937007875 110.55118110236221 25.511811023622048 ÆQUOR,
434.8346456692913 363.68503937007875 66.33070866141732 25.511811023622048 v.
456.9448818897638 363.68503937007875 154.48818897637796 25.511811023622048 Mare.

95.81102362204724 416.9763779527559 128.40944881889763 24.944881889763778 ÆQUUS.
185.66929133858267 416.9763779527559 102.89763779527559 24.944881889763778 PAR.
250.01574803149606 416.9763779527559 154.20472440944883 24.944881889763778 ÆQUALIS.
365.6692913385827 416.9763779527559 154.20472440944883 24.944881889763778 PARILIS.
481.3228346456693 416.9763779527559 141.4488188976378 24.944881889763778 COMPAR.
584.2204724409448 416.9763779527559 128.40944881889763 24.944881889763778 IMPAR.
661.3228346456693 416.9763779527559 115.65354330708661 24.944881889763778 DISPAR.

69.44881889763779 451.5590551181102 67.74803149606299 29.480314960629922 1.
103.46456692913385 451.5590551181102 191.6220472440945 29.480314960629922 Æquum,
261.07086614173227 451.5590551181102 90.14173228346456 29.480314960629922 égal
317.4803149606299 451.5590551181102 67.74803149606299 29.480314960629922 en
351.496062992126 451.5590551181102 90.14173228346456 29.480314960629922 soi,
407.62204724409446 451.5590551181102 146.5511811023622 29.480314960629922 uniforme,
520.4409448818898 451.5590551181102 124.15748031496064 29.480314960629922 composé
610.5826771653543 451.5590551181102 67.74803149606299 29.480314960629922 de
644.5984251968504 451.5590551181102 124.15748031496064 29.480314960629922 parties
723.4015748031496 451.5590551181102 56.40944881889764 29.480314960629922 si-

70.01574803149606 486.1417322834646 133.51181102362204 30.614173228346456 milaires,
172.62992125984252 486.1417322834646 72.0 30.614173228346456 par
213.73228346456693 486.1417322834646 143.71653543307087 30.614173228346456 opposition
326.8346456692913 486.1417322834646 51.30708661417323 30.614173228346456 à
347.244094488189 486.1417322834646 184.8188976377953 30.614173228346456 varius;
501.4488188976378 486.1417322834646 154.20472440944883 30.614173228346456 par,
624.4724409448819 486.1417322834646 82.20472440944881 30.614173228346456 égal
676.0629921259842 486.1417322834646 51.30708661417323 30.614173228346456 à
686.2677165354331 486.1417322834646 92.40944881889764 30.614173228346456 quelque

67.18110236220473 521.2913385826772 116.50393700787401 29.480314960629922 chose
144.8503937007874 521.2913385826772 155.33858267716536 29.480314960629922 d’autre,
261.3543307086614 521.2913385826772 77.66929133858268 29.480314960629922 et
300.18897637795277 521.2913385826772 116.50393700787401 29.480314960629922 placé
377.5748031496063 521.2913385826772 77.66929133858268 29.480314960629922 au
416.40944881889766 521.2913385826772 103.46456692913385 29.480314960629922 même
481.3228346456693 521.2913385826772 116.50393700787401 29.480314960629922 degré
558.7086614173228 521.2913385826772 90.4251968503937 29.480314960629922 par
610.5826771653543 521.2913385826772 181.13385826771653 29.480314960629922 opposition
739.8425196850394 521.2913385826772 38.83464566929134 29.480314960629922 à

69.73228346456693 556.4409448818898 177.16535433070865 30.04724409448819 superior
219.11811023622047 556.4409448818898 55.84251968503937 30.04724409448819 et
246.89763779527559 556.4409448818898 186.51968503937007 30.04724409448819 inferior.
405.6377952755906 556.4409448818898 102.61417322834646 30.04724409448819 Æquo
480.18897637795277 556.4409448818898 121.32283464566929 30.04724409448819 Marte
573.4488188976378 556.4409448818898 111.96850393700787 30.04724409448819 présente
657.3543307086615 556.4409448818898 74.55118110236221 30.04724409448819 dans
704.1259842519685 556.4409448818898 65.19685039370079 30.04724409448819 son
731.9055118110236 556.4409448818898 46.77165354330709 30.04724409448819 en-

68.88188976377953 591.0236220472441 114.51968503937007 30.614173228346456 semble
148.8188976377953 591.0236220472441 68.5984251968504 30.614173228346456 le
183.4015748031496 591.0236220472441 114.51968503937007 30.614173228346456 combat
263.33858267716533 591.0236220472441 80.22047244094489 30.614173228346456 des
309.25984251968504 591.0236220472441 91.55905511811024 30.614173228346456 deux
366.5196850393701 591.0236220472441 125.85826771653544 30.614173228346456 partis;
458.0787401574803 591.0236220472441 125.85826771653544 30.614173228346456 pari
549.6377952755905 591.0236220472441 148.8188976377953 30.614173228346456 Marte
664.1574803149606 591.0236220472441 114.51968503937007 30.614173228346456 oppose
732.7559055118111 591.0236220472441 45.92125984251968 30.614173228346456 la

66.89763779527559 626.7401574803149 126.4251968503937 23.811023622047244 fortune
159.0236220472441 626.7401574803149 68.88188976377953 23.811023622047244 de
193.60629921259843 626.7401574803149 92.1259842519685 23.811023622047244 l’un
251.1496062992126 626.7401574803149 57.54330708661417 23.811023622047244 à
274.1102362204724 626.7401574803149 103.46456692913385 23.811023622047244 celle
342.99212598425197 626.7401574803149 68.88188976377953 23.811023622047244 de
365.9527559055118 626.7401574803149 115.08661417322834 23.811023622047244 l’autre.

96.37795275590551 661.3228346456693 66.61417322834646 30.04724409448819 2.
129.54330708661416 661.3228346456693 166.96062992125985 30.04724409448819 Par,
263.0551181102362 661.3228346456693 111.11811023622047 30.04724409448819 marque
341.00787401574803 661.3228346456693 77.95275590551181 30.04724409448819 une
385.51181102362204 661.3228346456693 122.45669291338582 30.04724409448819 égalité
474.5196850393701 661.3228346456693 66.61417322834646 30.04724409448819 de
507.68503937007875 661.3228346456693 144.56692913385828 30.04724409448819 grandeur,
619.0866141732283 661.3228346456693 66.61417322834646 30.04724409448819 de
641.1968503937007 661.3228346456693 133.51181102362204 30.04724409448819 puissance,

67.18110236220473 697.0393700787401 186.8031496062992 27.77952755905512 d’influence
216.8503937007874 697.0393700787401 74.83464566929133 27.77952755905512 ou
254.26771653543307 697.0393700787401 124.7244094488189 27.77952755905512 encore
341.29133858267716 697.0393700787401 74.83464566929133 27.77952755905512 de
378.70866141732284 697.0393700787401 137.1968503937008 27.77952755905512 nombre,
478.48818897637796 697.0393700787401 199.2755905511811 27.77952755905512 d’équilibre,
640.3464566929134 697.0393700787401 74.83464566929133 27.77952755905512 de
665.2913385826772 697.0393700787401 112.25196850393701 27.77952755905512 propor-

68.03149606299213 731.0551181102362 110.83464566929133 30.614173228346456 tions,
145.41732283464566 731.0551181102362 99.77952755905511 30.614173228346456 comme
212.03149606299212 731.0551181102362 99.77952755905511 30.614173228346456 ἴσος;
278.3622047244094 731.0551181102362 210.61417322834646 30.614173228346456 æqualis,
455.81102362204723 731.0551181102362 77.66929133858268 30.614173228346456 une
500.0314960629921 731.0551181102362 121.88976377952756 30.614173228346456 égalité
588.7559055118111 731.0551181102362 66.33070866141732 30.614173228346456 de
621.9212598425197 731.0551181102362 121.88976377952756 30.614173228346456 nature,
699.3070866141733 731.0551181102362 77.66929133858268 30.614173228346456 comme

66.89763779527559 766.7716535433071 122.1732283464567 29.480314960629922 ὅμοιος.
155.6220472440945 766.7716535433071 166.39370078740157 29.480314960629922 Par,
288.8503937007874 766.7716535433071 133.22834645669292 29.480314960629922 présente
388.62992125984255 766.7716535433071 55.55905511811024 29.480314960629922 à
410.74015748031496 766.7716535433071 133.22834645669292 29.480314960629922 l’esprit
510.8031496062992 766.7716535433071 110.83464566929133 29.480314960629922 l’idée
588.4724409448819 766.7716535433071 88.7244094488189 29.480314960629922 d’un
643.7480314960629 766.7716535433071 99.77952755905511 29.480314960629922 homme
699.3070866141733 766.7716535433071 77.66929133858268 29.480314960629922 d’ac-

67.74803149606299 801.3543307086615 94.67716535433071 28.913385826771652 tion
126.99212598425197 801.3543307086615 82.77165354330708 28.913385826771652 qui
174.33070866141733 801.3543307086615 82.77165354330708 28.913385826771652 est
221.66929133858267 801.3543307086615 94.67716535433071 28.913385826771652 pour
280.62992125984255 801.3543307086615 70.86614173228347 28.913385826771652 le
316.34645669291336 801.3543307086615 106.58267716535433 28.913385826771652 moins
387.21259842519686 801.3543307086615 94.67716535433071 28.913385826771652 prêt
446.45669291338584 801.3543307086615 70.86614173228347 28.913385826771652 et
481.8897637795276 801.3543307086615 118.20472440944881 28.913385826771652 résolu
564.6614173228346 801.3543307086615 59.24409448818898 28.913385826771652 à
588.1889763779527 801.3543307086615 118.20472440944881 28.913385826771652 entrer
670.9606299212599 801.3543307086615 70.86614173228347 28.913385826771652 en
694.7716535433071 801.3543307086615 82.77165354330708 28.913385826771652 lutte

70.2992125984252 836.503937007874 84.4724409448819 29.480314960629922 avec
123.02362204724409 836.503937007874 73.98425196850394 29.480314960629922 ses
165.25984251968504 836.503937007874 105.73228346456693 29.480314960629922 pairs;
239.24409448818898 836.503937007874 200.69291338582678 29.480314960629922 æqualis,
408.18897637795277 836.503937007874 105.73228346456693 29.480314960629922 l’idée
482.1732283464567 836.503937007874 84.4724409448819 29.480314960629922 d’un
535.1811023622047 836.503937007874 147.96850393700788 29.480314960629922 personnage
651.4015748031496 836.503937007874 126.70866141732283 29.480314960629922 inactif,
735.8740157480315 836.503937007874 42.23622047244095 29.480314960629922 et

68.88188976377953 871.6535433070866 74.55118110236221 28.913385826771652 le
106.2992125984252 871.6535433070866 86.74015748031496 28.913385826771652 mot
155.90551181102362 871.6535433070866 74.55118110236221 28.913385826771652 ne
193.03937007874015 871.6535433070866 74.55118110236221 28.913385826771652 se
230.17322834645668 871.6535433070866 111.68503937007874 28.913385826771652 prête
304.7244094488189 871.6535433070866 99.21259842519684 28.913385826771652 qu’à
366.5196850393701 871.6535433070866 86.74015748031496 28.913385826771652 des
416.12598425196853 871.6535433070866 198.4251968503937 28.913385826771652 comparaisons
577.4173228346457 871.6535433070866 74.55118110236221 28.913385826771652 et
614.5511811023622 871.6535433070866 62.07874015748032 28.913385826771652 à
639.496062992126 871.6535433070866 86.74015748031496 28.913385826771652 des
676.6299212598425 871.6535433070866 99.21259842519684 28.913385826771652 paral-

68.31496062992126 906.2362204724409 109.13385826771653 28.913385826771652 lèles.
144.56692913385828 906.2362204724409 185.38582677165354 28.913385826771652 Paria,
297.07086614173227 906.2362204724409 109.13385826771653 28.913385826771652 choses
373.6062992125984 906.2362204724409 65.48031496062993 28.913385826771652 ou
406.20472440944883 906.2362204724409 141.73228346456693 28.913385826771652 personnes
515.3385826771654 906.2362204724409 141.73228346456693 28.913385826771652 opposées,
624.1889763779527 906.2362204724409 141.73228346456693 28.913385826771652 hostiles,
722.5511811023622 906.2362204724409 54.425196850393704 28.913385826771652 ja-

66.33070866141732 940.8188976377953 122.1732283464567 29.480314960629922 louses,
155.0551181102362 940.8188976377953 77.66929133858268 29.480314960629922 qui
199.55905511811022 940.8188976377953 66.61417322834646 29.480314960629922 se
232.7244094488189 940.8188976377953 144.28346456692913 29.480314960629922 disputent
343.5590551181102 940.8188976377953 66.61417322834646 29.480314960629922 la
377.00787401574803 940.8188976377953 177.4488188976378 29.480314960629922 prééminence;
521.2913385826772 940.8188976377953 210.89763779527559 29.480314960629922 æqualia,
687.6850393700787 940.8188976377953 88.7244094488189 29.480314960629922 choses

63.21259842519685 975.4015748031496 77.66929133858268 28.913385826771652 ou
102.04724409448819 975.4015748031496 168.3779527559055 28.913385826771652 personnes
231.59055118110237 975.4015748031496 194.45669291338584 28.913385826771652 distinctes,
387.21259842519686 975.4015748031496 103.74803149606299 28.913385826771652 mais
451.84251968503935 975.4015748031496 129.54330708661416 28.913385826771652 unies,
542.5511811023622 975.4015748031496 116.50393700787401 28.913385826771652 comme
620.503937007874 975.4015748031496 90.70866141732283 28.913385826771652 des
659.3385826771654 975.4015748031496 116.50393700787401 28.913385826771652 parents

66.04724409448819 1010.5511811023622 75.96850393700787 29.480314960629922 qui
109.41732283464567 1010.5511811023622 75.96850393700787 29.480314960629922 ont
152.78740157480314 1010.5511811023622 75.96850393700787 29.480314960629922 des
196.15748031496062 1010.5511811023622 130.11023622047244 29.480314960629922 qualités
293.9527559055118 1010.5511811023622 65.19685039370079 29.480314960629922 et
326.26771653543307 1010.5511811023622 75.96850393700787 29.480314960629922 des
369.9212598425197 1010.5511811023622 151.93700787401573 29.480314960629922 sympathies
489.25984251968504 1010.5511811023622 141.16535433070865 29.480314960629922 communes.
586.7716535433071 1010.5511811023622 184.53543307086613 29.480314960629922 Pariter,

65.19685039370079 1044.5669291338584 66.33070866141732 29.480314960629922 au
98.36220472440945 1044.5669291338584 88.44094488188976 29.480314960629922 même
153.63779527559055 1044.5669291338584 110.55118110236221 29.480314960629922 degré,
231.30708661417322 1044.5669291338584 88.44094488188976 29.480314960629922 ἴσα;
286.5826771653543 1044.5669291338584 232.44094488188978 29.480314960629922 æqualiter,
485.8582677165354 1044.5669291338584 66.33070866141732 29.480314960629922 de
519.0236220472441 1044.5669291338584 66.33070866141732 29.480314960629922 la
552.1889763779527 1044.5669291338584 88.44094488188976 29.480314960629922 même
607.4645669291339 1044.5669291338584 110.55118110236221 29.480314960629922 façon,
674.0787401574803 1044.5669291338584 99.49606299212599 29.480314960629922 ὁμοίως,

47.05511811023622 1081.984251968504 82.48818897637796 27.77952755905512 ὁμῶς.

95.81102362204724 1113.732283464567 56.69291338582677 28.913385826771652 3.
124.15748031496064 1113.732283464567 141.73228346456693 28.913385826771652 Par,
237.54330708661416 1113.732283464567 75.68503937007874 28.913385826771652 tout
284.59842519685037 1113.732283464567 47.338582677165356 28.913385826771652 à
303.59055118110234 1113.732283464567 75.68503937007874 28.913385826771652 fait
350.6456692913386 1113.732283464567 85.03937007874016 28.913385826771652 égal;
407.33858267716533 1113.732283464567 179.43307086614172 28.913385826771652 parilis,
558.7086614173228 1113.732283464567 47.338582677165356 28.913385826771652 à
577.4173228346457 1113.732283464567 66.04724409448819 28.913385826771652 peu
615.1181102362204 1113.732283464567 75.68503937007874 28.913385826771652 près
662.4566929133858 1113.732283464567 85.03937007874016 28.913385826771652 égal,
709.7952755905512 1113.732283464567 66.04724409448819 28.913385826771652 c’est

66.61417322834646 1149.4488188976377 51.874015748031496 28.913385826771652 un
92.40944881889764 1149.4488188976377 147.11811023622047 28.913385826771652 intermédiaire
213.4488188976378 1149.4488188976377 77.95275590551181 28.913385826771652 entre
265.3228346456693 1149.4488188976377 121.03937007874016 28.913385826771652 par
360.56692913385825 1149.4488188976377 51.874015748031496 28.913385826771652 et
377.8582677165354 1149.4488188976377 147.11811023622047 28.913385826771652 similis.

93.8267716535433 1184.0314960629921 68.31496062992126 28.346456692913385 4.
127.84251968503936 1184.0314960629921 170.64566929133858 28.346456692913385 Par,
264.18897637795277 1184.0314960629921 90.99212598425197 28.346456692913385 égal
321.1653543307087 1184.0314960629921 56.976377952755904 28.346456692913385 à
343.84251968503935 1184.0314960629921 125.00787401574803 28.346456692913385 quelque
434.8346456692913 1184.0314960629921 102.33070866141732 28.346456692913385 chose
503.1496062992126 1184.0314960629921 68.31496062992126 28.346456692913385 ou
537.1653543307086 1184.0314960629921 56.976377952755904 28.346456692913385 à
559.8425196850394 1184.0314960629921 159.0236220472441 28.346456692913385 quelqu’un,
673.511811023622 1184.0314960629921 102.33070866141732 28.346456692913385 exprime

64.62992125984252 1219.1811023622047 65.48031496062993 28.913385826771652 un
97.51181102362204 1219.1811023622047 120.18897637795276 28.913385826771652 rapport
185.10236220472441 1219.1811023622047 120.18897637795276 28.913385826771652 simple;
272.40944881889766 1219.1811023622047 196.7244094488189 28.913385826771652 compar,
436.53543307086613 1219.1811023622047 76.53543307086615 28.913385826771652 qui
480.18897637795277 1219.1811023622047 65.48031496062993 28.913385826771652 se
513.0708661417323 1219.1811023622047 76.53543307086615 28.913385826771652 dit
556.7244094488188 1219.1811023622047 65.48031496062993 28.913385826771652 de
589.3228346456693 1219.1811023622047 142.01574803149606 28.913385826771652 plusieurs
687.9685039370079 1219.1811023622047 87.59055118110236 28.913385826771652 choses

63.21259842519685 1253.763779527559 75.11811023622047 28.913385826771652 ou
100.62992125984252 1253.763779527559 75.11811023622047 28.913385826771652 de
138.33070866141733 1253.763779527559 162.4251968503937 28.913385826771652 plusieurs
263.33858267716533 1253.763779527559 162.4251968503937 28.913385826771652 personnes
388.34645669291336 1253.763779527559 125.00787401574803 28.913385826771652 égales
475.65354330708664 1253.763779527559 112.53543307086615 28.913385826771652 entre
550.7716535433071 1253.763779527559 125.00787401574803 28.913385826771652 elles,
638.3622047244095 1253.763779527559 75.11811023622047 28.913385826771652 un
663.3070866141733 1253.763779527559 112.53543307086615 28.913385826771652 rapport

62.92913385826772 1288.3464566929133 180.8503937007874 29.480314960629922 réciproque,
207.7795275590551 1288.3464566929133 96.37795275590551 29.480314960629922 sans
268.15748031496065 1288.3464566929133 156.75590551181102 29.480314960629922 renchérir
388.62992125984255 1288.3464566929133 168.9448818897638 29.480314960629922 d’ailleurs
521.2913385826772 1288.3464566929133 84.4724409448819 29.480314960629922 sur
569.7637795275591 1288.3464566929133 72.28346456692914 29.480314960629922 le
605.7637795275591 1288.3464566929133 108.56692913385827 29.480314960629922 degré
678.3307086614174 1288.3464566929133 72.28346456692914 29.480314960629922 de
702.4251968503937 1288.3464566929133 72.28346456692914 29.480314960629922 res

647.1496062992126 1326.8976377952756 39.68503937007874 15.874015748031496 1.
