845.2913385826772 1420.1574803149606
34.2992125984252 122.1732283464567 55.55905511811024 19.84251968503937 12

337.8897637795276 125.5748031496063 114.23622047244095 17.007874015748033 MANUEL

49.889763779527556 167.5275590551181 88.44094488188976 30.614173228346456 dre
100.62992125984252 167.5275590551181 63.21259842519685 30.614173228346456 à
125.85826771653544 167.5275590551181 75.68503937007874 30.614173228346456 un
163.55905511811022 167.5275590551181 126.14173228346456 30.614173228346456 prince
252.0 167.5275590551181 88.44094488188976 30.614173228346456 les
302.45669291338584 167.5275590551181 151.6535433070866 30.614173228346456 honneurs
416.12598425196853 167.5275590551181 138.89763779527559 30.614173228346456 divins,
517.3228346456693 167.5275590551181 75.68503937007874 30.614173228346456 on
555.0236220472441 167.5275590551181 126.14173228346456 30.614173228346456 attend
643.4645669291339 167.5275590551181 113.66929133858268 30.614173228346456 qu’il
706.6771653543307 167.5275590551181 50.45669291338583 30.614173228346456 ne

50.45669291338583 203.24409448818898 92.40944881889764 28.913385826771652 soit
108.28346456692914 203.24409448818898 92.40944881889764 28.913385826771652 plus
166.11023622047244 203.24409448818898 92.40944881889764 28.913385826771652 mêlé
223.93700787401573 203.24409448818898 81.07086614173228 28.913385826771652 aux
270.1417322834646 203.24409448818898 138.89763779527559 28.913385826771652 affaires
374.45669291338584 203.24409448818898 69.44881889763779 28.913385826771652 de
409.03937007874015 203.24409448818898 69.44881889763779 28.913385826771652 la
443.62204724409446 203.24409448818898 92.40944881889764 28.913385826771652 vie.
501.4488188976378 203.24409448818898 138.89763779527559 28.913385826771652 Comparez
605.7637795275591 203.24409448818898 92.40944881889764 28.913385826771652 avec
663.5905511811023 203.24409448818898 81.07086614173228 28.913385826771652 IV,
698.1732283464567 203.24409448818898 57.826771653543304 28.913385826771652 41.

49.039370078740156 237.82677165354332 70.86614173228347 28.913385826771652 Ut
84.4724409448819 237.82677165354332 141.73228346456693 28.913385826771652 Tiberium
190.77165354330708 237.82677165354332 70.86614173228347 28.913385826771652 ad
226.20472440944883 237.82677165354332 106.2992125984252 28.913385826771652 vitam
297.07086614173227 237.82677165354332 118.20472440944881 28.913385826771652 procul
379.84251968503935 237.82677165354332 94.39370078740157 28.913385826771652 Roma
438.8031496062992 237.82677165354332 118.20472440944881 28.913385826771652 amœnis
521.5748031496063 237.82677165354332 106.2992125984252 28.913385826771652 locis
580.5354330708661 237.82677165354332 177.16535433070865 28.913385826771652 degen

49.60629921259842 272.9763779527559 159.59055118110237 29.480314960629922 dam
174.89763779527559 272.9763779527559 170.9291338582677 29.480314960629922 impelleret.
311.81102362204723 272.9763779527559 91.2755905511811 29.480314960629922 Afin
368.78740157480314 272.9763779527559 68.31496062992126 29.480314960629922 de
403.0866141732283 272.9763779527559 125.5748031496063 29.480314960629922 pousser
494.3622047244094 272.9763779527559 113.95275590551181 29.480314960629922 Tibère
574.0157480314961 272.9763779527559 56.976377952755904 29.480314960629922 à
596.9763779527559 272.9763779527559 102.61417322834646 29.480314960629922 vivre
665.2913385826772 272.9763779527559 91.2755905511811 29.480314960629922 loin
710.9291338582677 272.9763779527559 45.63779527559055 29.480314960629922 de

48.47244094488189 307.5590551181102 100.06299212598425 29.480314960629922 Rome
111.11811023622047 307.5590551181102 100.06299212598425 29.480314960629922 dans
173.48031496062993 307.5590551181102 75.11811023622047 29.480314960629922 le
211.1811023622047 307.5590551181102 112.53543307086615 29.480314960629922 repos
286.2992125984252 307.5590551181102 100.06299212598425 29.480314960629922 d’un
348.66141732283467 307.5590551181102 150.23622047244095 29.480314960629922 agréable
449.00787401574803 307.5590551181102 112.53543307086615 29.480314960629922 séjour.

51.30708661417323 355.18110236220474 80.78740157480316 23.811023622047244 AGERE
105.16535433070867 355.18110236220474 89.5748031496063 23.811023622047244 FERRE,
167.81102362204723 355.18110236220474 53.85826771653543 23.811023622047244 v.
185.95275590551182 355.18110236220474 152.2204724409449 23.811023622047244 Vastare.

77.10236220472441 398.8346456692913 105.16535433070867 28.913385826771652 AGGER
147.11811023622047 398.8346456692913 117.07086614173228 28.913385826771652 VALUM.
229.03937007874015 398.8346456692913 198.70866141732284 28.913385826771652 Agger,
392.88188976377955 398.8346456692913 117.07086614173228 28.913385826771652 simple
474.8031496062992 398.8346456692913 117.07086614173228 28.913385826771652 levée,
556.7244094488188 398.8346456692913 105.16535433070867 28.913385826771652 comme
626.7401574803149 398.8346456692913 81.92125984251969 28.913385826771652 une
661.8897637795276 398.8346456692913 93.54330708661418 28.913385826771652 digue;

51.30708661417323 434.5511811023622 174.04724409448818 28.346456692913385 vallum,
196.44094488188978 434.5511811023622 87.02362204724409 28.346456692913385 levée
254.26771653543307 434.5511811023622 67.74803149606299 28.346456692913385 qui
293.1023622047244 434.5511811023622 77.38582677165354 28.346456692913385 sert
341.29133858267716 434.5511811023622 48.47244094488189 28.346456692913385 à
360.56692913385825 434.5511811023622 87.02362204724409 28.346456692913385 clore
418.6771653543307 434.5511811023622 58.110236220472444 28.346456692913385 un
447.59055118110234 434.5511811023622 106.2992125984252 28.346456692913385 espace.
524.9763779527559 434.5511811023622 174.04724409448818 28.346456692913385 L’agger
670.1102362204724 434.5511811023622 77.38582677165354 28.346456692913385 peut
708.6614173228346 434.5511811023622 48.47244094488189 28.346456692913385 te-

49.60629921259842 469.7007874015748 83.90551181102362 23.244094488188978 nir
97.51181102362204 469.7007874015748 95.81102362204724 23.244094488188978 lieu
157.3228346456693 469.7007874015748 108.0 23.244094488188978 d’une
229.3228346456693 469.7007874015748 144.0 23.244094488188978 courtine
337.3228346456693 469.7007874015748 72.0 23.244094488188978 de
373.3228346456693 469.7007874015748 131.81102362204723 23.244094488188978 redoute
469.4173228346457 469.7007874015748 95.81102362204724 23.244094488188978 dans
529.2283464566929 469.7007874015748 83.90551181102362 23.244094488188978 des
565.2283464566929 469.7007874015748 191.90551181102362 23.244094488188978 fortifications

50.74015748031496 504.2834645669291 68.31496062992126 28.346456692913385 de
84.75590551181102 504.2834645669291 147.96850393700788 28.346456692913385 campagne;
198.70866141732284 504.2834645669291 68.31496062992126 28.346456692913385 le
232.7244094488189 504.2834645669291 193.60629921259843 28.346456692913385 vallum
392.31496062992125 504.2834645669291 68.31496062992126 28.346456692913385 ou
426.3307086614173 504.2834645669291 125.29133858267717 28.346456692913385 rempart
517.6062992125984 504.2834645669291 90.99212598425197 28.346456692913385 fait
574.2992125984252 504.2834645669291 136.62992125984252 28.346456692913385 toujours
665.5748031496063 504.2834645669291 90.99212598425197 28.346456692913385 partie

50.173228346456696 538.8661417322835 108.0 28.346456692913385 d’une
122.1732283464567 538.8661417322835 180.0 28.346456692913385 forteresse,
266.1732283464567 538.8661417322835 96.09448818897638 28.346456692913385 d’un
325.98425196850394 538.8661417322835 108.0 28.346456692913385 camp,
398.26771653543307 538.8661417322835 108.0 28.346456692913385 d’une
470.26771653543307 538.8661417322835 108.0 28.346456692913385 place
530.0787401574803 538.8661417322835 96.09448818897638 28.346456692913385 forte.

50.173228346456696 585.3543307086615 85.03937007874016 27.496062992125985 AGMEN,
109.7007874015748 585.3543307086615 51.023622047244096 27.496062992125985 v.
126.70866141732283 585.3543307086615 144.28346456692913 27.496062992125985 Caterva.

53.574803149606296 617.3858267716536 59.811023622047244 28.346456692913385 AIO,
90.70866141732283 617.3858267716536 44.78740157480315 28.346456692913385 v.
105.73228346456693 617.3858267716536 119.62204724409449 28.346456692913385 Dicere.

395.43307086614175 584.2204724409448 108.0 25.79527559055118 AGRESTIS,
478.48818897637796 584.2204724409448 49.889763779527556 25.79527559055118 v.
495.21259842519686 584.2204724409448 108.0 25.79527559055118 Rus.

77.66929133858268 662.4566929133858 91.84251968503936 28.913385826771652 ALA.
135.21259842519686 662.4566929133858 114.80314960629921 28.913385826771652 PENNA.
215.71653543307087 662.4566929133858 114.80314960629921 28.913385826771652 PLUMA.
295.93700787401576 662.4566929133858 114.80314960629921 28.913385826771652 PINNA.
376.4409448818898 662.4566929133858 68.88188976377953 28.913385826771652 1.
410.74015748031496 662.4566929133858 172.3464566929134 28.913385826771652 Ala,
548.7874015748032 662.4566929133858 68.88188976377953 28.913385826771652 la
583.0866141732283 662.4566929133858 160.7244094488189 28.913385826771652 charpente,
697.8897637795276 662.4566929133858 57.54330708661417 28.913385826771652 les

51.874015748031496 697.6062992125984 113.66929133858268 30.614173228346456 muscles
134.36220472440945 697.6062992125984 62.07874015748032 30.614173228346456 de
165.54330708661416 697.6062992125984 113.66929133858268 30.614173228346456 l’aile,
248.31496062992127 697.6062992125984 113.66929133858268 30.614173228346456 πτέρυξ;
330.8031496062992 697.6062992125984 175.748031496063 30.614173228346456 penna,
475.65354330708664 697.6062992125984 103.46456692913385 30.614173228346456 l’aile
547.9370078740158 697.6062992125984 144.8503937007874 30.614173228346456 restreinte
661.8897637795276 697.6062992125984 72.28346456692914 30.614173228346456 aux
692.7874015748032 697.6062992125984 62.07874015748032 30.614173228346456 plu-

49.32283464566929 732.1889763779527 84.75590551181102 30.614173228346456 mes
97.79527559055119 732.1889763779527 84.75590551181102 30.614173228346456 qui
146.26771653543307 732.1889763779527 169.51181102362204 30.614173228346456 concourent
279.496062992126 732.1889763779527 72.56692913385827 30.614173228346456 au
315.7795275590551 732.1889763779527 96.94488188976378 30.614173228346456 vol,
376.4409448818898 732.1889763779527 133.22834645669292 30.614173228346456 πτερόν.
473.38582677165357 732.1889763779527 121.03937007874016 30.614173228346456 PLAUT.
558.1417322834645 732.1889763779527 96.94488188976378 30.614173228346456 Pœn.
618.8031496062993 732.1889763779527 84.75590551181102 30.614173228346456 IV,
667.2755905511812 732.1889763779527 72.56692913385827 30.614173228346456 2,
691.3700787401575 732.1889763779527 60.661417322834644 30.614173228346456 48.

49.60629921259842 767.3385826771654 79.65354330708661 30.614173228346456 Meæ
94.96062992125984 767.3385826771654 113.66929133858268 30.614173228346456 alæ
174.61417322834646 767.3385826771654 159.0236220472441 30.614173228346456 pennas
299.62204724409446 767.3385826771654 79.65354330708661 30.614173228346456 non
344.9763779527559 767.3385826771654 125.00787401574803 30.614173228346456 habent.
435.9685039370079 767.3385826771654 68.31496062992126 30.614173228346456 Je
470.26771653543307 767.3385826771654 90.99212598425197 30.614173228346456 n’ai
526.9606299212599 767.3385826771654 79.65354330708661 30.614173228346456 pas
572.3149606299213 767.3385826771654 68.31496062992126 30.614173228346456 de
606.6141732283464 767.3385826771654 113.66929133858268 30.614173228346456 plumes
685.9842519685039 767.3385826771654 56.69291338582677 30.614173228346456 à
697.6062992125984 767.3385826771654 56.69291338582677 30.614173228346456 mes

39.968503937007874 803.6220472440945 81.63779527559055 22.11023622047244 ailes.

77.95275590551181 837.0708661417323 65.19685039370079 30.04724409448819 2.
110.55118110236221 837.0708661417323 185.10236220472441 30.04724409448819 Penna,
262.7716535433071 837.0708661417323 108.85039370078741 30.04724409448819 plumes
339.0236220472441 837.0708661417323 119.62204724409449 30.04724409448819 grandes
426.0472440944882 837.0708661417323 65.19685039370079 30.04724409448819 et
458.6456692913386 837.0708661417323 98.07874015748031 30.04724409448819 dures
524.1259842519685 837.0708661417323 76.25196850393701 30.04724409448819 qui
567.496062992126 837.0708661417323 119.62204724409449 30.04724409448819 servent
654.5196850393701 837.0708661417323 54.425196850393704 30.04724409448819 à
665.5748031496063 837.0708661417323 87.02362204724409 30.04724409448819 voler;

46.488188976377955 871.6535433070866 197.29133858267716 30.04724409448819 pluma,
208.91338582677164 871.6535433070866 115.93700787401575 30.04724409448819 duvet,
290.26771653543307 871.6535433070866 127.55905511811024 30.04724409448819 petites
382.96062992125985 871.6535433070866 115.93700787401575 30.04724409448819 plumes
464.31496062992125 871.6535433070866 162.4251968503937 30.04724409448819 moelleuses
591.8740157480315 871.6535433070866 81.35433070866142 30.04724409448819 qui
638.3622047244095 871.6535433070866 127.55905511811024 30.04724409448819 servent
719.4330708661417 871.6535433070866 34.86614173228347 30.04724409448819 à

47.05511811023622 906.2362204724409 115.08661417322834 28.913385826771652 vêtir
123.8740157480315 906.2362204724409 76.81889763779527 28.913385826771652 le
162.14173228346456 906.2362204724409 115.08661417322834 28.913385826771652 corps
238.96062992125985 906.2362204724409 76.81889763779527 28.913385826771652 de
277.51181102362204 906.2362204724409 166.39370078740157 28.913385826771652 l’oiseau,
405.3543307086614 906.2362204724409 115.08661417322834 28.913385826771652 comme
482.1732283464567 906.2362204724409 140.88188976377953 28.913385826771652 πτίλον.
584.503937007874 906.2362204724409 102.33070866141732 28.913385826771652 SEN.
648.5669291338583 906.2362204724409 89.5748031496063 28.913385826771652 Ep.
686.8346456692914 906.2362204724409 64.06299212598425 28.913385826771652 42.

46.20472440944882 941.3858267716536 183.4015748031496 29.480314960629922 Meministi,
190.20472440944883 941.3858267716536 104.88188976377953 29.480314960629922 quum
255.68503937007873 941.3858267716536 144.0 29.480314960629922 quemdam
360.2834645669291 941.3858267716536 183.4015748031496 29.480314960629922 affirmares
504.2834645669291 941.3858267716536 104.88188976377953 29.480314960629922 esse
569.7637795275591 941.3858267716536 78.51968503937007 29.480314960629922 in
609.1653543307086 941.3858267716536 91.55905511811024 29.480314960629922 tua
648.2834645669292 941.3858267716536 104.88188976377953 29.480314960629922 potes-

45.92125984251968 975.9685039370079 109.7007874015748 28.913385826771652 tate,
119.05511811023622 975.9685039370079 134.07874015748033 28.913385826771652 dixisse
216.56692913385828 975.9685039370079 73.13385826771653 28.913385826771652 me
253.13385826771653 975.9685039370079 158.45669291338584 28.913385826771652 volaticum
375.0236220472441 975.9685039370079 97.51181102362204 28.913385826771652 esse
436.251968503937 975.9685039370079 73.13385826771653 28.913385826771652 ac
472.81889763779526 975.9685039370079 121.88976377952756 28.913385826771652 levem,
558.1417322834645 975.9685039370079 73.13385826771653 28.913385826771652 et
594.7086614173228 975.9685039370079 73.13385826771653 28.913385826771652 te
631.2755905511812 975.9685039370079 85.32283464566929 28.913385826771652 non
667.8425196850394 975.9685039370079 85.32283464566929 28.913385826771652 pedem

48.47244094488189 1010.5511811023622 81.92125984251969 30.04724409448819 ejus
99.49606299212599 1010.5511811023622 112.53543307086615 30.04724409448819 tenere,
181.41732283464566 1010.5511811023622 71.71653543307086 30.04724409448819 sed
222.51968503937007 1010.5511811023622 184.251968503937 30.04724409448819 pennam;
376.15748031496065 1010.5511811023622 122.74015748031496 30.04724409448819 mentitus
468.2834645669291 1010.5511811023622 81.92125984251969 30.04724409448819 sum,
519.3070866141733 1010.5511811023622 163.84251968503938 30.04724409448819 pluma
642.3307086614174 1010.5511811023622 112.53543307086615 30.04724409448819 tenebatur

45.92125984251968 1045.1338582677165 97.51181102362204 30.04724409448819 quam
106.86614173228347 1045.1338582677165 134.36220472440945 30.04724409448819 remisit
204.66141732283464 1045.1338582677165 73.13385826771653 30.04724409448819 et
241.22834645669292 1045.1338582677165 122.1732283464567 30.04724409448819 fugit.
326.5511811023622 1045.1338582677165 73.13385826771653 30.04724409448819 Un
363.11811023622045 1045.1338582677165 109.7007874015748 30.04724409448819 jour,
436.53543307086613 1045.1338582677165 73.13385826771653 30.04724409448819 tu
473.1023622047244 1045.1338582677165 97.51181102362204 30.04724409448819 dois
534.0472440944882 1045.1338582677165 97.51181102362204 30.04724409448819 t’en
594.992125984252 1045.1338582677165 158.74015748031496 30.04724409448819 souvenir,
704.9763779527559 1045.1338582677165 48.75590551181102 30.04724409448819 tu

45.07086614173228 1079.716535433071 168.09448818897638 30.614173228346456 prétendais
176.88188976377953 1079.716535433071 108.0 30.614173228346456 avoir
249.16535433070865 1079.716535433071 83.90551181102362 30.614173228346456 une
297.07086614173227 1079.716535433071 144.0 30.614173228346456 personne
405.07086614173227 1079.716535433071 72.0 30.614173228346456 en
441.07086614173227 1079.716535433071 83.90551181102362 30.614173228346456 ton
488.9763779527559 1079.716535433071 144.0 30.614173228346456 pouvoir,
597.2598425196851 1079.716535433071 72.0 30.614173228346456 et
633.2598425196851 1079.716535433071 72.0 30.614173228346456 je
669.2598425196851 1079.716535433071 72.0 30.614173228346456 te
693.0708661417323 1079.716535433071 60.09448818897638 30.614173228346456 ré-

43.93700787401575 1114.2992125984251 129.82677165354332 30.04724409448819 pondais
138.33070866141733 1114.2992125984251 129.82677165354332 30.04724409448819 qu’elle
232.7244094488189 1114.2992125984251 106.2992125984252 30.04724409448819 était
303.59055118110234 1114.2992125984251 117.92125984251969 30.04724409448819 volage
386.3622047244094 1114.2992125984251 70.86614173228347 30.04724409448819 et
421.51181102362204 1114.2992125984251 129.82677165354332 30.04724409448819 légère,
515.9055118110236 1114.2992125984251 82.48818897637796 30.04724409448819 que
563.2440944881889 1114.2992125984251 70.86614173228347 30.04724409448819 tu
598.6771653543307 1114.2992125984251 70.86614173228347 30.04724409448819 ne
634.1102362204724 1114.2992125984251 70.86614173228347 30.04724409448819 la
657.6377952755905 1114.2992125984251 94.39370078740157 30.04724409448819 tenais

44.503937007874015 1149.4488188976377 108.0 29.480314960629922 point
116.50393700787401 1149.4488188976377 83.90551181102362 29.480314960629922 par
164.40944881889763 1149.4488188976377 72.0 29.480314960629922 le
200.40944881889763 1149.4488188976377 108.0 29.480314960629922 pied,
272.40944881889766 1149.4488188976377 95.81102362204724 29.480314960629922 mais
332.2204724409449 1149.4488188976377 83.90551181102362 29.480314960629922 par
380.12598425196853 1149.4488188976377 83.90551181102362 29.480314960629922 une
428.31496062992125 1149.4488188976377 119.90551181102362 29.480314960629922 plume.
512.2204724409448 1149.4488188976377 72.0 29.480314960629922 Eh
548.2204724409448 1149.4488188976377 108.0 29.480314960629922 bien,
620.2204724409448 1149.4488188976377 72.0 29.480314960629922 ce
644.0314960629921 1149.4488188976377 108.0 29.480314960629922 n’était

42.51968503937008 1184.0314960629921 88.44094488188976 29.480314960629922 pas
93.25984251968504 1184.0314960629921 113.66929133858268 29.480314960629922 vrai:
168.9448818897638 1184.0314960629921 75.68503937007874 29.480314960629922 tu
206.9291338582677 1184.0314960629921 75.68503937007874 29.480314960629922 ne
244.91338582677164 1184.0314960629921 75.68503937007874 29.480314960629922 la
282.61417322834643 1184.0314960629921 151.6535433070866 29.480314960629922 retenais
396.56692913385825 1184.0314960629921 88.44094488188976 29.480314960629922 que
447.0236220472441 1184.0314960629921 88.44094488188976 29.480314960629922 par
497.4803149606299 1184.0314960629921 88.44094488188976 29.480314960629922 une
548.2204724409448 1184.0314960629921 126.4251968503937 29.480314960629922 petite
636.6614173228346 1184.0314960629921 113.66929133858268 29.480314960629922 plume
699.8740157480315 1184.0314960629921 50.45669291338583 29.480314960629922 de

45.354330708661415 1218.0472440944882 98.36220472440945 28.913385826771652 duvet
111.11811023622047 1218.0472440944882 120.18897637795276 28.913385826771652 qu’elle
198.4251968503937 1218.0472440944882 76.53543307086615 28.913385826771652 t’a
242.36220472440945 1218.0472440944882 131.24409448818898 28.913385826771652 laissée,
340.7244094488189 1218.0472440944882 65.48031496062993 28.913385826771652 et
373.3228346456693 1218.0472440944882 65.48031496062993 28.913385826771652 la
406.20472440944883 1218.0472440944882 98.36220472440945 28.913385826771652 voilà
460.9133858267717 1218.0472440944882 98.36220472440945 28.913385826771652 partie.

73.98425196850394 1252.6299212598426 57.826771653543304 30.614173228346456 3.
102.89763779527559 1252.6299212598426 164.1259842519685 30.614173228346456 Penna,
238.11023622047244 1252.6299212598426 57.826771653543304 30.614173228346456 la
267.0236220472441 1252.6299212598426 87.02362204724409 30.614173228346456 plume
324.8503937007874 1252.6299212598426 115.93700787401575 30.614173228346456 entière,
411.87401574803147 1252.6299212598426 87.02362204724409 30.614173228346456 tuyau
469.7007874015748 1252.6299212598426 57.826771653543304 30.614173228346456 et
498.61417322834643 1252.6299212598426 106.2992125984252 30.614173228346456 barbes;
576.0 1252.6299212598426 164.1259842519685 30.614173228346456 pinna,
701.5748031496063 1252.6299212598426 48.188976377952756 30.614173228346456 les

43.08661417322835 1286.6456692913387 122.74015748031496 30.614173228346456 barbes
128.9763779527559 1286.6456692913387 122.74015748031496 30.614173228346456 seules
214.58267716535434 1286.6456692913387 85.88976377952756 30.614173228346456 par
263.62204724409446 1286.6456692913387 171.7795275590551 30.614173228346456 opposition
398.5511811023622 1286.6456692913387 73.7007874015748 30.614173228346456 au
423.21259842519686 1286.6456692913387 98.07874015748031 30.614173228346456 tuyau.
