845.2913385826772 1420.1574803149606
346.96062992125985 99.49606299212599 114.23622047244095 16.440944881889763 MANUEL

44.503937007874015 96.09448818897638 56.69291338582677 19.275590551181104 24

62.36220472440945 141.4488188976378 110.26771653543307 30.04724409448819 depuis
139.748031496063 141.4488188976378 209.48031496062993 30.04724409448819 très-longtemps;
316.06299212598424 141.4488188976378 231.59055118110237 30.04724409448819 pristinus,
514.7716535433071 141.4488188976378 88.15748031496064 30.04724409448819 d’un
569.7637795275591 141.4488188976378 99.21259842519684 30.04724409448819 temps
636.0944881889764 141.4488188976378 99.21259842519684 30.04724409448819 passé
691.3700787401575 141.4488188976378 77.10236220472441 30.04724409448819 quel-

60.94488188976378 177.16535433070865 138.61417322834646 30.614173228346456 conque,
161.5748031496063 177.16535433070865 113.38582677165354 30.614173228346456 comme
236.9763779527559 177.16535433070865 163.55905511811022 30.614173228346456 πρότερος,
350.3622047244094 177.16535433070865 151.08661417322836 30.614173228346456 antérieur.

64.91338582677166 232.15748031496062 92.1259842519685 26.078740157480315 ANTRUM,
132.09448818897638 232.15748031496062 50.173228346456696 26.078740157480315 v.
148.8188976377953 232.15748031496062 133.79527559055117 26.078740157480315 Specus.

91.84251968503936 282.0472440944882 89.5748031496063 28.346456692913385 ANUS.
151.6535433070866 282.0472440944882 109.7007874015748 28.346456692913385 VETULA.
231.30708661417322 282.0472440944882 159.59055118110237 28.346456692913385 Anus,
360.8503937007874 282.0472440944882 109.7007874015748 28.346456692913385 servant
440.78740157480314 282.0472440944882 59.811023622047244 28.346456692913385 de
470.5511811023622 282.0472440944882 109.7007874015748 28.346456692913385 féminin
550.2047244094488 282.0472440944882 49.889763779527556 28.346456692913385 à
570.3307086614174 282.0472440944882 169.51181102362204 28.346456692913385 senex,
699.8740157480315 282.0472440944882 69.73228346456693 28.346456692913385 femme

60.94488188976378 317.1968503937008 111.4015748031496 28.913385826771652 âgée,
135.21259842519686 317.1968503937008 98.92913385826772 28.913385826771652 avec
197.29133858267716 317.1968503937008 86.74015748031496 28.913385826771652 une
246.89763779527559 317.1968503937008 98.92913385826772 28.913385826771652 idée
308.6929133858268 317.1968503937008 74.26771653543307 28.913385826771652 de
345.8267716535433 317.1968503937008 148.53543307086613 28.913385826771652 respect,
457.2283464566929 317.1968503937008 74.26771653543307 28.913385826771652 ou
494.3622047244094 317.1968503937008 123.8740157480315 28.913385826771652 encore
581.1023622047244 317.1968503937008 136.06299212598427 28.913385826771652 vieille
667.8425196850394 317.1968503937008 98.92913385826772 28.913385826771652 femme,

60.661417322834644 351.7795275590551 98.07874015748031 28.346456692913385 avec
121.88976377952756 351.7795275590551 85.60629921259843 28.346456692913385 une
170.9291338582677 351.7795275590551 98.07874015748031 28.346456692913385 idée
232.15748031496062 351.7795275590551 73.41732283464567 28.346456692913385 de
268.7244094488189 351.7795275590551 159.30708661417322 28.346456692913385 défaveur,
391.18110236220474 351.7795275590551 85.60629921259843 28.346456692913385 par
440.2204724409449 351.7795275590551 146.83464566929135 28.346456692913385 allusion
550.488188976378 351.7795275590551 61.22834645669291 28.346456692913385 à
574.8661417322835 351.7795275590551 73.41732283464567 28.346456692913385 sa
611.4330708661417 351.7795275590551 171.49606299212599 28.346456692913385 faiblesse,
733.8897637795276 351.7795275590551 36.8503937007874 28.346456692913385 à

64.06299212598425 386.92913385826773 63.21259842519685 29.480314960629922 sa
95.5275590551181 386.92913385826773 147.68503937007873 29.480314960629922 crédulité,
211.46456692913387 386.92913385826773 52.724409448818896 29.480314960629922 à
232.7244094488189 386.92913385826773 73.7007874015748 29.480314960629922 son
274.6771653543307 386.92913385826773 147.68503937007873 29.480314960629922 bavardage;
390.61417322834643 386.92913385826773 189.63779527559055 29.480314960629922 vetula,
548.7874015748032 386.92913385826773 115.93700787401575 29.480314960629922 vieille
633.2598425196851 386.92913385826773 94.96062992125984 29.480314960629922 laide
696.4724409448819 386.92913385826773 63.21259842519685 29.480314960629922 et
717.4488188976378 386.92913385826773 52.724409448818896 29.480314960629922 qui

62.645669291338585 422.0787401574803 83.05511811023622 22.677165354330707 n’a
110.26771653543307 422.0787401574803 94.96062992125984 22.677165354330707 rien
157.60629921259843 422.0787401574803 142.58267716535434 22.677165354330707 d’aimable.

89.85826771653544 457.2283464566929 157.60629921259843 22.677165354330707 APERIRE.
208.06299212598427 457.2283464566929 197.00787401574803 22.677165354330707 PATEFACERE.
365.6692913385827 457.2283464566929 144.56692913385828 22.677165354330707 APERTE.
470.8346456692913 457.2283464566929 131.5275590551181 22.677165354330707 PALAM.
562.6771653543307 457.2283464566929 183.96850393700788 22.677165354330707 MANIFESTO.
694.2047244094488 457.2283464566929 78.80314960629921 22.677165354330707 PRO-

64.34645669291339 488.9763779527559 108.56692913385827 31.748031496062993 PALAM.
140.31496062992127 488.9763779527559 65.19685039370079 31.748031496062993 1.
172.91338582677164 488.9763779527559 206.07874015748033 31.748031496062993 Aperire,
346.3937007874016 488.9763779527559 141.16535433070865 31.748031496062993 découvrir
454.96062992125985 488.9763779527559 65.19685039370079 31.748031496062993 un
487.5590551181102 488.9763779527559 108.56692913385827 31.748031496062993 espace
563.5275590551181 488.9763779527559 97.79527559055119 31.748031496062993 fermé
628.4409448818898 488.9763779527559 75.96850393700787 31.748031496062993 par
671.8110236220473 488.9763779527559 65.19685039370079 31.748031496062993 le
693.6377952755905 488.9763779527559 75.96850393700787 31.748031496062993 haut,

61.511811023622045 526.3937007874016 199.2755905511811 28.913385826771652 c’est-à-dire
223.37007874015748 526.3937007874016 249.16535433070865 28.913385826771652 horizontalement,
435.11811023622045 526.3937007874016 87.30708661417323 28.913385826771652 par
485.00787401574803 526.3937007874016 136.91338582677164 28.913385826771652 exemple
584.503937007874 526.3937007874016 87.30708661417323 28.913385826771652 une
634.3937007874016 526.3937007874016 124.44094488188976 28.913385826771652 fosse,
708.9448818897638 526.3937007874016 62.36220472440945 28.913385826771652 une

64.34645669291339 561.5433070866142 117.07086614173228 29.480314960629922 source,
149.66929133858267 561.5433070866142 63.77952755905512 29.480314960629922 et
181.70078740157481 561.5433070866142 74.55118110236221 29.480314960629922 par
224.2204724409449 561.5433070866142 95.81102362204724 29.480314960629922 cette
288.0 561.5433070866142 138.33070866141733 29.480314960629922 opération
394.5826771653543 561.5433070866142 106.58267716535433 29.480314960629922 rendre
469.13385826771656 561.5433070866142 127.84251968503936 29.480314960629922 visible;
554.4566929133858 561.5433070866142 212.88188976377953 29.480314960629922 patefacere,

63.21259842519685 596.6929133858267 118.20472440944881 28.913385826771652 ouvrir
145.98425196850394 596.6929133858267 70.86614173228347 28.913385826771652 un
181.41732283464566 596.6929133858267 118.20472440944881 28.913385826771652 espace
264.18897637795277 596.6929133858267 106.2992125984252 28.913385826771652 fermé
335.0551181102362 596.6929133858267 82.77165354330708 28.913385826771652 par
382.1102362204724 596.6929133858267 70.86614173228347 28.913385826771652 le
417.54330708661416 596.6929133858267 106.2992125984252 28.913385826771652 côté,
488.40944881889766 596.6929133858267 189.0708661417323 28.913385826771652 c’est-à-dire
630.1417322834645 596.6929133858267 141.73228346456693 28.913385826771652 verticale-

62.92913385826772 629.5748031496063 109.7007874015748 31.748031496062993 ment,
136.06299212598427 629.5748031496063 85.32283464566929 31.748031496062993 par
184.8188976377953 629.5748031496063 85.32283464566929 31.748031496062993 des
233.5748031496063 629.5748031496063 134.07874015748033 31.748031496062993 portes,
331.0866141732283 629.5748031496063 85.32283464566929 31.748031496062993 des
379.84251968503935 629.5748031496063 170.64566929133858 31.748031496062993 barrières,
513.6377952755905 629.5748031496063 85.32283464566929 31.748031496062993 des
562.3937007874016 629.5748031496063 158.45669291338584 31.748031496062993 clôtures,
684.2834645669292 629.5748031496063 73.13385826771653 31.748031496062993 et
708.6614173228346 629.5748031496063 60.94488188976378 31.748031496062993 par

62.36220472440945 666.4251968503937 109.98425196850394 29.480314960629922 cette
135.49606299212599 666.4251968503937 158.74015748031496 29.480314960629922 opération
257.6692913385827 666.4251968503937 122.1732283464567 29.480314960629922 rendre
330.8031496062992 666.4251968503937 158.74015748031496 29.480314960629922 accessible.

91.84251968503936 701.5748031496063 66.89763779527559 28.913385826771652 2.
125.29133858267717 701.5748031496063 222.8031496062992 28.913385826771652 Returare,
314.6456692913386 701.5748031496063 111.4015748031496 28.913385826771652 donner
392.59842519685037 701.5748031496063 100.34645669291339 28.913385826771652 accès
459.496062992126 701.5748031496063 77.95275590551181 28.913385826771652 par
504.0 701.5748031496063 77.95275590551181 28.913385826771652 une
548.503937007874 701.5748031496063 144.8503937007874 28.913385826771652 ouverture
659.9055118110236 701.5748031496063 77.95275590551181 28.913385826771652 qui
693.3543307086615 701.5748031496063 77.95275590551181 28.913385826771652 était

63.21259842519685 736.1574803149606 141.73228346456693 29.480314960629922 bouchée;
169.51181102362204 736.1574803149606 248.03149606299212 29.480314960629922 recludere,
382.1102362204724 736.1574803149606 82.77165354330708 29.480314960629922 par
429.4488188976378 736.1574803149606 82.77165354330708 29.480314960629922 une
476.503937007874 736.1574803149606 153.63779527559055 29.480314960629922 ouverture
594.7086614173228 736.1574803149606 118.20472440944881 29.480314960629922 fermée
677.4803149606299 736.1574803149606 58.960629921259844 29.480314960629922 à
689.1023622047244 736.1574803149606 82.77165354330708 29.480314960629922 clef;

65.19685039370079 771.8740157480315 211.46456692913387 28.913385826771652 reserare,
244.91338582677164 771.8740157480315 73.98425196850394 28.913385826771652 par
287.1496062992126 771.8740157480315 73.98425196850394 28.913385826771652 une
329.38582677165357 771.8740157480315 137.48031496062993 28.913385826771652 ouverture
435.11811023622045 771.8740157480315 105.73228346456693 28.913385826771652 fermée
509.38582677165357 771.8740157480315 63.496062992125985 28.913385826771652 au
530.3622047244095 771.8740157480315 95.24409448818898 28.913385826771652 verrou.

92.97637795275591 807.0236220472441 65.76377952755905 29.480314960629922 3.
125.85826771653544 807.0236220472441 197.00787401574803 29.480314960629922 Aperte,
290.26771653543307 807.0236220472441 164.1259842519685 29.480314960629922 ouvertement
421.51181102362204 807.0236220472441 65.76377952755905 29.480314960629922 et
454.3937007874016 807.0236220472441 87.59055118110236 29.480314960629922 sans
509.1023622047244 807.0236220472441 65.76377952755905 29.480314960629922 se
541.9842519685039 807.0236220472441 120.4724409448819 29.480314960629922 cacher,
629.5748031496063 807.0236220472441 65.76377952755905 29.480314960629922 en
662.4566929133858 807.0236220472441 98.64566929133858 29.480314960629922 sorte
717.1653543307086 807.0236220472441 54.70866141732284 29.480314960629922 que

63.21259842519685 841.6062992125984 99.77952755905511 29.480314960629922 tout
125.5748031496063 841.6062992125984 74.83464566929133 29.480314960629922 le
162.99212598425197 841.6062992125984 112.25196850393701 29.480314960629922 monde
237.82677165354332 841.6062992125984 124.7244094488189 29.480314960629922 puisse
325.4173228346457 841.6062992125984 162.14173228346456 29.480314960629922 apprendre
450.1417322834646 841.6062992125984 74.83464566929133 29.480314960629922 et
487.5590551181102 841.6062992125984 124.7244094488189 29.480314960629922 savoir
574.8661417322835 841.6062992125984 87.30708661417323 29.480314960629922 les
625.0393700787401 841.6062992125984 137.1968503937008 29.480314960629922 choses,
712.3464566929134 841.6062992125984 62.36220472440945 29.480314960629922 par

66.89763779527559 876.1889763779527 139.46456692913387 30.614173228346456 opposition
176.5984251968504 876.1889763779527 49.889763779527556 30.614173228346456 à
196.44094488188978 876.1889763779527 189.35433070866142 30.614173228346456 occulte,
356.0314960629921 876.1889763779527 89.85826771653544 30.614173228346456 comme
415.84251968503935 876.1889763779527 119.62204724409449 30.614173228346456 φανερῶς;
505.4173228346457 876.1889763779527 169.51181102362204 30.614173228346456 palam,
635.2440944881889 876.1889763779527 139.46456692913387 30.614173228346456 publiquement

65.19685039370079 911.3385826771654 73.41732283464567 29.480314960629922 et
101.76377952755905 911.3385826771654 97.79527559055119 29.480314960629922 sans
162.99212598425197 911.3385826771654 134.36220472440945 29.480314960629922 secret,
260.78740157480314 911.3385826771654 73.41732283464567 29.480314960629922 en
297.3543307086614 911.3385826771654 109.98425196850394 29.480314960629922 sorte
370.7716535433071 911.3385826771654 85.60629921259843 29.480314960629922 que
419.5275590551181 911.3385826771654 97.79527559055119 29.480314960629922 tout
480.755905511811 911.3385826771654 73.41732283464567 29.480314960629922 le
517.3228346456693 911.3385826771654 109.98425196850394 29.480314960629922 monde
590.7401574803149 911.3385826771654 122.1732283464567 29.480314960629922 puisse
676.3464566929134 911.3385826771654 97.79527559055119 29.480314960629922 voir
725.3858267716536 911.3385826771654 48.75590551181102 29.480314960629922 et

66.04724409448819 945.9212598425197 145.98425196850394 31.181102362204726 entendre,
178.58267716535434 945.9212598425197 101.19685039370079 31.181102362204726 comme
245.76377952755905 945.9212598425197 157.3228346456693 31.181102362204726 ἀναφανδόν;
369.3543307086614 945.9212598425197 235.84251968503938 31.181102362204726 manifesto,
571.4645669291339 945.9212598425197 202.11023622047244 31.181102362204726 manifestement,
728.7874015748032 945.9212598425197 44.78740157480315 31.181102362204726 de

65.19685039370079 981.0708661417323 139.1811023622047 28.913385826771652 manière
166.6771653543307 981.0708661417323 63.21259842519685 28.913385826771652 à
191.90551181102362 981.0708661417323 126.70866141732283 28.913385826771652 rendre
280.34645669291336 981.0708661417323 177.16535433070865 28.913385826771652 superflues
419.81102362204723 981.0708661417323 88.7244094488189 28.913385826771652 les
470.26771653543307 981.0708661417323 189.92125984251967 28.913385826771652 recherches,
622.2047244094488 981.0708661417323 88.7244094488189 28.913385826771652 les
660.1889763779527 981.0708661417323 113.95275590551181 28.913385826771652 conjec-

65.19685039370079 1015.6535433070866 116.50393700787401 28.913385826771652 tures,
146.5511811023622 1015.6535433070866 69.73228346456693 28.913385826771652 le
181.70078740157481 1015.6535433070866 128.1259842519685 28.913385826771652 secours
274.6771653543307 1015.6535433070866 69.73228346456693 28.913385826771652 et
309.54330708661416 1015.6535433070866 139.748031496063 28.913385826771652 l’effort
414.4251968503937 1015.6535433070866 81.35433070866142 28.913385826771652 des
460.9133858267717 1015.6535433070866 93.25984251968504 28.913385826771652 sens
519.3070866141733 1015.6535433070866 69.73228346456693 28.913385826771652 et
554.1732283464567 1015.6535433070866 69.73228346456693 28.913385826771652 de
589.0393700787401 1015.6535433070866 151.37007874015748 28.913385826771652 l’esprit,
693.9212598425197 1015.6535433070866 81.35433070866142 28.913385826771652 comme

56.69291338582677 1053.0708661417323 84.75590551181102 24.944881889763778 δῆλον.

94.96062992125984 1085.9527559055118 70.58267716535433 30.04724409448819 4.
130.39370078740157 1085.9527559055118 188.50393700787401 30.04724409448819 Palam
283.748031496063 1085.9527559055118 117.92125984251969 30.04724409448819 marque
366.23622047244095 1085.9527559055118 106.01574803149606 30.04724409448819 qu’on
436.81889763779526 1085.9527559055118 117.92125984251969 30.04724409448819 expose
519.3070866141733 1085.9527559055118 82.48818897637796 30.04724409448819 les
566.6456692913385 1085.9527559055118 117.92125984251969 30.04724409448819 choses
649.1338582677165 1085.9527559055118 58.960629921259844 30.04724409448819 à
672.6614173228346 1085.9527559055118 70.58267716535433 30.04724409448819 la
708.0944881889764 1085.9527559055118 82.48818897637796 30.04724409448819 vue
743.2440944881889 1085.9527559055118 35.43307086614173 30.04724409448819 à

68.03149606299213 1120.5354330708662 110.26771653543307 30.614173228346456 public
145.13385826771653 1120.5354330708662 77.10236220472441 30.614173228346456 par
189.35433070866142 1120.5354330708662 176.31496062992127 30.614173228346456 effronterie;
332.503937007874 1120.5354330708662 220.251968503937 30.614173228346456 propalam,
519.5905511811023 1120.5354330708662 77.10236220472441 30.614173228346456 par
563.8110236220473 1120.5354330708662 121.03937007874016 30.614173228346456 dessein
640.9133858267717 1120.5354330708662 132.09448818897638 30.614173228346456 prémédité.

66.61417322834646 1155.6850393700788 96.09448818897638 30.04724409448819 CIC.
126.70866141732283 1155.6850393700788 108.28346456692914 30.04724409448819 Orat.
198.70866141732284 1155.6850393700788 72.0 30.04724409448819 I,
234.70866141732284 1155.6850393700788 84.18897637795276 30.04724409448819 35.
282.8976377952756 1155.6850393700788 108.28346456692914 30.04724409448819 Neque
355.18110236220474 1155.6850393700788 156.18897637795277 30.04724409448819 proposito
475.37007874015745 1155.6850393700788 132.3779527559055 30.04724409448819 argento
571.4645669291339 1155.6850393700788 108.28346456692914 30.04724409448819 neque
643.4645669291339 1155.6850393700788 132.3779527559055 30.04724409448819 tabulis
727.6535433070866 1155.6850393700788 48.188976377952756 30.04724409448819 et

68.88188976377953 1190.267716535433 107.14960629921259 29.480314960629922 signis
144.0 1190.267716535433 203.5275590551181 29.480314960629922 propalam
315.496062992126 1190.267716535433 160.7244094488189 29.480314960629922 collocatis,
444.18897637795277 1190.267716535433 171.49606299212599 29.480314960629922 c’est-à-dire
583.3700787401575 1190.267716535433 53.574803149606296 29.480314960629922 à
604.9133858267717 1190.267716535433 171.49606299212599 29.480314960629922 l’admiration
733.6062992125984 1190.267716535433 42.803149606299215 29.480314960629922 de

67.74803149606299 1225.4173228346456 90.14173228346456 30.04724409448819 tout
124.15748031496064 1225.4173228346456 67.46456692913385 30.04724409448819 le
157.88976377952756 1225.4173228346456 112.53543307086615 30.04724409448819 monde.
236.69291338582678 1225.4173228346456 135.21259842519686 30.04724409448819 Comparez
337.8897637795276 1225.4173228346456 90.14173228346456 30.04724409448819 avec
394.2992125984252 1225.4173228346456 90.14173228346456 30.04724409448819 Pis.
450.4251968503937 1225.4173228346456 78.80314960629921 30.04724409448819 36.
495.496062992126 1225.4173228346456 112.53543307086615 30.04724409448819 Mensis
574.2992125984252 1225.4173228346456 180.0 30.04724409448819 palam
709.511811023622 1225.4173228346456 67.46456692913385 30.04724409448819 pro-

68.5984251968504 1258.8661417322835 139.748031496063 29.480314960629922 positis,
173.48031496062993 1258.8661417322835 186.23622047244095 29.480314960629922 c’est-à-dire
324.8503937007874 1258.8661417322835 186.23622047244095 29.480314960629922 effrontément
476.2204724409449 1258.8661417322835 70.01574803149606 29.480314960629922 et
511.0866141732283 1258.8661417322835 93.25984251968504 29.480314960629922 sans
557.5748031496063 1258.8661417322835 81.63779527559055 29.480314960629922 gêne.

313.51181102362204 1356.9448818897638 114.80314960629921 34.58267716535433 Digitized
401.6692913385827 1356.9448818897638 53.00787401574803 34.58267716535433 by
419.5275590551181 1356.9448818897638 70.58267716535433 34.58267716535433 Google
