845.2913385826772 1425.5433070866143
39.968503937007874 102.89763779527559 39.118110236220474 18.141732283464567 4

342.4251968503937 105.73228346456693 114.23622047244095 16.440944881889763 MANUEL

53.574803149606296 147.68503937007873 108.85039370078741 28.913385826771652 aspect
129.54330708661416 147.68503937007873 119.62204724409449 28.913385826771652 louable
216.56692913385828 147.68503937007873 65.19685039370079 28.913385826771652 de
249.16535433070865 147.68503937007873 87.02362204724409 28.913385826771652 feu,
303.59055118110234 147.68503937007873 152.2204724409449 28.913385826771652 d’énergie,
423.21259842519686 147.68503937007873 76.25196850393701 28.913385826771652 par
466.86614173228344 147.68503937007873 152.2204724409449 28.913385826771652 opposition
586.488188976378 147.68503937007873 54.425196850393704 28.913385826771652 à
597.2598425196851 147.68503937007873 163.2755905511811 28.913385826771652 frigi

53.00787401574803 182.26771653543307 153.92125984251967 28.913385826771652 dus,
176.03149606299212 182.26771653543307 92.40944881889764 28.913385826771652 comme
237.54330708661416 182.26771653543307 92.40944881889764 28.913385826771652 ὀξύς;
299.0551181102362 182.26771653543307 205.22834645669292 28.913385826771652 vehemens,
473.38582677165357 182.26771653543307 81.92125984251969 28.913385826771652 sous
524.6929133858267 182.26771653543307 71.71653543307086 28.913385826771652 son
565.7952755905512 182.26771653543307 102.61417322834646 28.913385826771652 aspect
637.511811023622 182.26771653543307 123.02362204724409 28.913385826771652 blâmable
719.4330708661417 182.26771653543307 41.10236220472441 28.913385826771652 de

52.44094488188976 216.8503937007874 129.82677165354332 28.913385826771652 chaleur
146.83464566929135 216.8503937007874 70.86614173228347 28.913385826771652 et
182.26771653543307 216.8503937007874 70.86614173228347 28.913385826771652 de
217.70078740157481 216.8503937007874 141.73228346456693 28.913385826771652 passion,
324.0 216.8503937007874 82.48818897637796 28.913385826771652 par
371.0551181102362 216.8503937007874 165.25984251968504 28.913385826771652 opposition
500.88188976377955 216.8503937007874 58.960629921259844 28.913385826771652 à
524.4094488188977 216.8503937007874 200.69291338582678 28.913385826771652 lenis,
678.0472440944882 216.8503937007874 82.48818897637796 28.913385826771652 comme

42.803149606299215 251.43307086614172 105.73228346456693 31.181102362204726 σφοδρός.

78.80314960629921 286.5826771653543 145.98425196850394 28.913385826771652 ACERBUS.
188.2204724409449 286.5826771653543 133.79527559055117 28.913385826771652 AMARUS.
285.73228346456693 286.5826771653543 218.83464566929135 28.913385826771652 Acerbus
468.0 286.5826771653543 121.60629921259843 28.913385826771652 marque
553.3228346456693 286.5826771653543 85.03937007874016 28.913385826771652 une
601.7952755905512 286.5826771653543 145.98425196850394 28.913385826771652 amertume
699.0236220472441 286.5826771653543 60.94488188976378 28.913385826771652 qui

52.44094488188976 321.1653543307087 125.5748031496063 28.913385826771652 emporte
143.71653543307087 321.1653543307087 68.31496062992126 28.913385826771652 la
177.73228346456693 321.1653543307087 125.5748031496063 28.913385826771652 bouche,
269.00787401574803 321.1653543307087 79.93700787401575 28.913385826771652 par
314.6456692913386 321.1653543307087 159.59055118110237 28.913385826771652 opposition
440.2204724409449 321.1653543307087 56.976377952755904 28.913385826771652 à
462.8976377952756 321.1653543307087 193.88976377952756 28.913385826771652 mitis,
622.488188976378 321.1653543307087 102.61417322834646 28.913385826771652 comme
679.4645669291339 321.1653543307087 79.93700787401575 28.913385826771652 ὀξύς;

52.44094488188976 356.31496062992125 182.26771653543307 29.480314960629922 amarus,
204.3779527559055 356.31496062992125 70.86614173228347 29.480314960629922 une
244.91338582677164 356.31496062992125 121.60629921259843 29.480314960629922 amertume
336.18897637795277 356.31496062992125 70.86614173228347 29.480314960629922 qui
376.7244094488189 356.31496062992125 121.60629921259843 29.480314960629922 dégoûte,
468.0 356.31496062992125 70.86614173228347 29.480314960629922 par
508.53543307086613 356.31496062992125 141.73228346456693 29.480314960629922 opposition
619.9370078740158 356.31496062992125 50.74015748031496 29.480314960629922 à
629.8582677165355 356.31496062992125 131.81102362204723 29.480314960629922 dul

53.85826771653543 391.46456692913387 133.22834645669292 30.04724409448819 cis,
160.44094488188978 391.46456692913387 79.93700787401575 30.04724409448819 Comme
204.9448818897638 391.46456692913387 79.93700787401575 30.04724409448819 πικρός.

79.65354330708661 426.61417322834643 141.16535433070865 22.677165354330707 ACERVUS.
185.66929133858267 426.61417322834643 164.69291338582678 22.677165354330707 CONGERIES.
315.21259842519686 426.61417322834643 129.54330708661416 22.677165354330707 STRUES.
409.3228346456693 426.61417322834643 141.16535433070865 22.677165354330707 CUMULUS.
515.0551181102362 426.61417322834643 70.58267716535433 22.677165354330707 1.
550.488188976378 426.61417322834643 211.748031496063 22.677165354330707 Acervus
715.1811023622047 426.61417322834643 47.05511811023622 22.677165354330707 et

51.023622047244096 461.76377952755905 244.91338582677164 28.913385826771652 congeries,
260.78740157480314 461.76377952755905 128.1259842519685 28.913385826771652 monceau
354.0472440944882 461.76377952755905 140.03149606299212 28.913385826771652 d’objets
459.21259842519686 461.76377952755905 70.01574803149606 28.913385826771652 de
494.0787401574803 461.76377952755905 93.25984251968504 28.913385826771652 même
552.4724409448819 461.76377952755905 116.50393700787401 28.913385826771652 espèce
622.2047244094488 461.76377952755905 140.03149606299212 28.913385826771652 auparavant

51.59055118110236 495.21259842519686 142.29921259842519 28.913385826771652 dispersés
161.00787401574803 495.21259842519686 98.36220472440945 28.913385826771652 qu’on
226.77165354330708 495.21259842519686 109.41732283464567 28.913385826771652 réunit
303.3070866141732 495.21259842519686 65.76377952755905 28.913385826771652 et
336.18897637795277 495.21259842519686 98.36220472440945 28.913385826771652 qu’on
401.6692913385827 495.21259842519686 120.4724409448819 28.913385826771652 entasse
489.25984251968504 495.21259842519686 65.76377952755905 28.913385826771652 en
522.1417322834645 495.21259842519686 65.76377952755905 28.913385826771652 un
555.0236220472441 495.21259842519686 98.36220472440945 28.913385826771652 lieu:
609.7322834645669 495.21259842519686 153.0708661417323 28.913385826771652 acer

50.45669291338583 530.3622047244095 162.99212598425197 30.04724409448819 vus
178.58267716535434 530.3622047244095 139.748031496063 30.04724409448819 indique,
283.46456692913387 530.3622047244095 104.88188976377953 30.04724409448819 comme
353.4803149606299 530.3622047244095 116.50393700787401 30.04724409448819 σωρὸς,
434.8346456692913 530.3622047244095 70.01574803149606 30.04724409448819 un
469.98425196850394 530.3622047244095 128.1259842519685 30.04724409448819 certain
562.9606299212599 530.3622047244095 104.88188976377953 30.04724409448819 ordre
632.9763779527559 530.3622047244095 70.01574803149606 30.04724409448819 et
656.2204724409448 530.3622047244095 104.88188976377953 30.04724409448819 suppose

52.15748031496063 564.9448818897638 162.70866141732284 30.614173228346456 d’habitude
180.0 564.9448818897638 81.35433070866142 30.614173228346456 une
226.48818897637796 564.9448818897638 104.5984251968504 30.614173228346456 forme
296.503937007874 564.9448818897638 139.46456692913387 30.614173228346456 conique;
401.1023622047244 564.9448818897638 232.7244094488189 30.614173228346456 congeries
598.9606299212599 564.9448818897638 104.5984251968504 30.614173228346456 admet
668.6929133858267 564.9448818897638 92.97637795275591 30.614173228346456 tout
715.1811023622047 564.9448818897638 46.488188976377955 30.614173228346456 le

51.023622047244096 600.0944881889764 147.11811023622047 28.913385826771652 désordre
161.29133858267716 600.0944881889764 73.41732283464567 28.913385826771652 de
198.14173228346456 600.0944881889764 73.41732283464567 28.913385826771652 la
234.70866141732284 600.0944881889764 183.68503937007873 28.913385826771652 négligence.
381.8267716535433 600.0944881889764 208.3464566929134 28.913385826771652 Strues
553.3228346456693 600.0944881889764 171.49606299212599 28.913385826771652 s’emploie,
675.7795275590552 600.0944881889764 85.88976377952756 28.913385826771652 comme

49.889763779527556 633.5433070866142 127.2755905511811 31.181102362204726 θημών,
138.89763779527559 633.5433070866142 101.76377952755905 31.181102362204726 pour
202.6771653543307 633.5433070866142 140.03149606299212 31.181102362204726 marquer
304.4409448818898 633.5433070866142 89.00787401574803 31.181102362204726 que
355.46456692913387 633.5433070866142 76.25196850393701 31.181102362204726 la
393.73228346456693 633.5433070866142 101.76377952755905 31.181102362204726 mise
457.2283464566929 633.5433070866142 76.25196850393701 31.181102362204726 en
495.496062992126 633.5433070866142 89.00787401574803 31.181102362204726 tas
546.5196850393701 633.5433070866142 63.77952755905512 31.181102362204726 a
571.7480314960629 633.5433070866142 140.03149606299212 31.181102362204726 produit
673.7952755905512 633.5433070866142 76.25196850393701 31.181102362204726 un
699.0236220472441 633.5433070866142 63.77952755905512 31.181102362204726 ar-

48.75590551181102 669.8267716535433 181.70078740157481 28.913385826771652 rangement
188.50393700787401 669.8267716535433 167.81102362204723 28.913385826771652 nouveau,
314.3622047244094 669.8267716535433 125.85826771653544 28.913385826771652 donné
398.26771653543307 669.8267716535433 97.79527559055119 28.913385826771652 aux
454.1102362204724 669.8267716535433 139.748031496063 28.913385826771652 objets
551.9055118110236 669.8267716535433 195.59055118110237 28.913385826771652 rassemblés
691.6535433070866 669.8267716535433 70.01574803149606 28.913385826771652 une

49.32283464566929 704.9763779527559 109.98425196850394 28.346456692913385 forme
122.45669291338582 704.9763779527559 183.11811023622047 28.346456692913385 déterminée,
269.00787401574803 704.9763779527559 122.1732283464567 28.346456692913385 utile,
354.61417322834643 704.9763779527559 207.49606299212599 28.346456692913385 artificielle.
525.5433070866142 704.9763779527559 109.98425196850394 28.346456692913385 CURT.
598.9606299212599 704.9763779527559 109.98425196850394 28.346456692913385 VIII,
672.0944881889764 704.9763779527559 73.41732283464567 28.346456692913385 7,
696.7559055118111 704.9763779527559 60.94488188976378 28.346456692913385 11.

50.74015748031496 739.5590551181102 112.81889763779527 29.480314960629922 Passim
129.82677165354332 739.5590551181102 157.88976377952756 29.480314960629922 acervos
253.98425196850394 739.5590551181102 191.90551181102362 29.480314960629922 struesque
411.87401574803147 739.5590551181102 180.56692913385828 29.480314960629922 accendebant.
558.4251968503937 739.5590551181102 79.08661417322834 29.480314960629922 Ils
603.7795275590552 739.5590551181102 157.88976377952756 29.480314960629922 allumaient
716.5984251968504 739.5590551181102 45.07086614173228 29.480314960629922 çà

49.889763779527556 774.7086614173228 70.01574803149606 28.913385826771652 et
84.75590551181102 774.7086614173228 70.01574803149606 28.913385826771652 là
119.62204724409449 774.7086614173228 81.63779527559055 28.913385826771652 des
166.39370078740157 774.7086614173228 81.63779527559055 28.913385826771652 tas
212.88188976377953 774.7086614173228 70.01574803149606 28.913385826771652 et
247.748031496063 774.7086614173228 81.63779527559055 28.913385826771652 des
294.5196850393701 774.7086614173228 104.88188976377953 28.913385826771652 piles
364.251968503937 774.7086614173228 70.01574803149606 28.913385826771652 de
387.496062992126 774.7086614173228 81.63779527559055 28.913385826771652 bois.

78.51968503937007 809.2913385826772 65.19685039370079 28.913385826771652 2.
111.11811023622047 809.2913385826772 195.30708661417322 28.913385826771652 Cumulus
273.8267716535433 809.2913385826772 65.19685039370079 28.913385826771652 ne
306.4251968503937 809.2913385826772 130.11023622047244 28.913385826771652 signifie
403.93700787401576 809.2913385826772 97.79527559055119 28.913385826771652 point
469.13385826771656 809.2913385826772 65.19685039370079 28.913385826771652 le
501.73228346456693 809.2913385826772 75.96850393700787 28.913385826771652 tas
545.1023622047244 809.2913385826772 141.16535433070865 28.913385826771652 lui-même,
653.6692913385826 809.2913385826772 86.74015748031496 28.913385826771652 mais
697.0393700787401 809.2913385826772 65.19685039370079 28.913385826771652 seu-

47.62204724409449 843.8740157480315 127.55905511811024 29.480314960629922 lement
136.91338582677164 843.8740157480315 76.53543307086615 29.480314960629922 la
175.1811023622047 843.8740157480315 127.55905511811024 29.480314960629922 pointe
264.4724409448819 843.8740157480315 89.29133858267717 29.480314960629922 qui
315.496062992126 843.8740157480315 76.53543307086615 29.480314960629922 le
353.76377952755905 843.8740157480315 153.0708661417323 29.480314960629922 termine,
468.2834645669291 843.8740157480315 76.53543307086615 29.480314960629922 la
506.5511811023622 843.8740157480315 153.0708661417323 29.480314960629922 dernière
621.3543307086615 843.8740157480315 127.55905511811024 29.480314960629922 pierre
697.8897637795276 843.8740157480315 63.77952755905512 29.480314960629922 qui

48.75590551181102 878.4566929133858 110.55118110236221 28.346456692913385 donne
122.45669291338582 878.4566929133858 110.55118110236221 28.346456692913385 seule
196.15748031496062 878.4566929133858 61.511811023622045 28.346456692913385 à
220.53543307086613 878.4566929133858 85.88976377952756 28.346456692913385 une
269.8582677165354 878.4566929133858 196.44094488188978 28.346456692913385 construction
429.4488188976378 878.4566929133858 85.88976377952756 28.346456692913385 son
478.48818897637796 878.4566929133858 159.59055118110237 28.346456692913385 élévation
601.511811023622 878.4566929133858 159.59055118110237 28.346456692913385 régulière
712.0629921259842 878.4566929133858 49.039370078740156 28.346456692913385 et

49.889763779527556 913.6062992125984 144.8503937007874 30.614173228346456 parfaite,
161.00787401574803 913.6062992125984 55.55905511811024 30.614173228346456 à
183.4015748031496 913.6062992125984 77.95275590551181 30.614173228346456 peu
227.90551181102362 913.6062992125984 89.00787401574803 30.614173228346456 près
283.46456692913387 913.6062992125984 100.06299212598425 30.614173228346456 comme
350.3622047244094 913.6062992125984 122.45669291338582 30.614173228346456 κορυφή;
439.37007874015745 913.6062992125984 222.51968503937007 30.614173228346456 cumulare,
628.7244094488188 913.6062992125984 66.89763779527559 30.614173228346456 en
650.8346456692914 913.6062992125984 111.4015748031496 30.614173228346456 particu-

49.32283464566929 949.3228346456693 100.06299212598425 30.04724409448819 lier,
115.93700787401575 949.3228346456693 66.61417322834646 30.04724409448819 se
149.10236220472441 949.3228346456693 144.28346456692913 30.04724409448819 rapproche
260.2204724409449 949.3228346456693 88.7244094488189 30.04724409448819 tout
315.7795275590551 949.3228346456693 55.55905511811024 30.04724409448819 à
337.8897637795276 949.3228346456693 88.7244094488189 30.04724409448819 fait
393.4488188976378 949.3228346456693 66.61417322834646 30.04724409448819 de
426.8976377952756 949.3228346456693 144.28346456692913 30.04724409448819 κορυφοῦν.
538.0157480314961 949.3228346456693 133.22834645669292 30.04724409448819 Comparez
637.7952755905512 949.3228346456693 88.7244094488189 30.04724409448819 Liv.
682.2992125984252 949.3228346456693 77.66929133858268 30.04724409448819 XXII,

48.188976377952756 983.3385826771654 81.92125984251969 28.913385826771652 59.
94.96062992125984 983.3385826771654 187.37007874015748 28.913385826771652 Superstantes
247.1811023622047 983.3385826771654 210.61417322834646 28.913385826771652 cumulis
422.6456692913386 983.3385826771654 128.69291338582678 28.913385826771652 cæsorum
516.4724409448819 983.3385826771654 152.2204724409449 28.913385826771652 corporum:
633.5433070866142 983.3385826771654 117.07086614173228 28.913385826771652 juchés
703.8425196850394 983.3385826771654 58.67716535433071 28.913385826771652 sur

47.62204724409449 1018.488188976378 89.00787401574803 27.77952755905512 des
98.64566929133858 1018.488188976378 152.78740157480314 27.77952755905512 monceaux
213.16535433070865 1018.488188976378 76.25196850393701 27.77952755905512 de
251.43307086614172 1018.488188976378 165.54330708661416 27.77952755905512 victimes,
378.70866141732284 1018.488188976378 101.76377952755905 27.77952755905512 avec
442.20472440944883 1018.488188976378 76.25196850393701 27.77952755905512 la
480.4724409448819 1018.488188976378 89.00787401574803 27.77952755905512 fin
531.496062992126 1018.488188976378 76.25196850393701 27.77952755905512 du
569.4803149606299 1018.488188976378 101.76377952755905 27.77952755905512 même
620.503937007874 1018.488188976378 140.03149606299212 27.77952755905512 chapitre:

47.62204724409449 1054.7716535433071 159.59055118110237 27.77952755905512 Cannenses
170.36220472440945 1054.7716535433071 122.74015748031496 27.77952755905512 campos
256.251968503937 1054.7716535433071 208.91338582677164 27.77952755905512 acervi
428.31496062992125 1054.7716535433071 159.59055118110237 27.77952755905512 Romanorum
551.0551181102362 1054.7716535433071 147.4015748031496 27.77952755905512 corporum
649.4173228346457 1054.7716535433071 110.55118110236221 27.77952755905512 tegunt.

47.62204724409449 1087.6535433070867 85.88976377952756 29.480314960629922 Des
96.66141732283465 1087.6535433070867 85.88976377952756 29.480314960629922 tas
145.70078740157481 1087.6535433070867 73.7007874015748 29.480314960629922 de
182.5511811023622 1087.6535433070867 147.4015748031496 29.480314960629922 cadavres
293.1023622047244 1087.6535433070867 135.21259842519686 29.480314960629922 romains
391.46456692913387 1087.6535433070867 147.4015748031496 29.480314960629922 couvrent
502.01574803149606 1087.6535433070867 73.7007874015748 29.480314960629922 la
538.8661417322835 1087.6535433070867 122.74015748031496 29.480314960629922 plaine
624.7559055118111 1087.6535433070867 73.7007874015748 29.480314960629922 de
649.4173228346457 1087.6535433070867 110.55118110236221 29.480314960629922 Cannes.

48.47244094488189 1123.3700787401574 71.43307086614173 27.77952755905512 Et
84.18897637795276 1123.3700787401574 119.05511811023622 27.77952755905512 XXIII,
167.5275590551181 1123.3700787401574 71.43307086614173 27.77952755905512 5.
203.24409448818898 1123.3700787401574 130.96062992125985 27.77952755905512 Molibus
298.20472440944883 1123.3700787401574 71.43307086614173 27.77952755905512 ex
333.9212598425197 1123.3700787401574 154.77165354330708 27.77952755905512 humanorum
452.9763779527559 1123.3700787401574 142.86614173228347 27.77952755905512 corporum
560.1259842519685 1123.3700787401574 142.86614173228347 27.77952755905512 strue
655.0866141732283 1123.3700787401574 107.14960629921259 27.77952755905512 fa

48.75590551181102 1157.9527559055118 209.76377952755905 28.913385826771652 ciendis.
225.35433070866142 1157.9527559055118 99.21259842519684 28.913385826771652 Faire
291.68503937007875 1157.9527559055118 77.38582677165354 28.913385826771652 des
335.62204724409446 1157.9527559055118 110.26771653543307 28.913385826771652 digues
413.00787401574803 1157.9527559055118 66.33070866141732 28.913385826771652 en
446.1732283464567 1157.9527559055118 132.3779527559055 28.913385826771652 empilant
545.3858267716536 1157.9527559055118 77.38582677165354 28.913385826771652 des
578.5511811023622 1157.9527559055118 121.32283464566929 28.913385826771652 cadavres.

76.53543307086615 1193.6692913385828 147.4015748031496 22.11023622047244 ACHIVI.
183.68503937007873 1193.6692913385828 134.07874015748033 22.11023622047244 ACHÆI.
277.51181102362204 1193.6692913385828 160.7244094488189 22.11023622047244 ACHAIUS.
397.98425196850394 1193.6692913385828 174.33070866141733 22.11023622047244 ACHAICUS.
532.0629921259842 1193.6692913385828 147.4015748031496 22.11023622047244 TROIUS.
625.8897637795276 1193.6692913385828 134.07874015748033 22.11023622047244 TROICUS.

52.15748031496063 1226.5511811023623 60.09448818897638 30.614173228346456 1.
82.20472440944881 1226.5511811023623 180.0 30.614173228346456 Achivi,
231.8740157480315 1226.5511811023623 70.01574803149606 30.614173228346456 les
271.84251968503935 1226.5511811023623 89.85826771653544 30.614173228346456 Grecs
331.93700787401576 1226.5511811023623 129.82677165354332 30.614173228346456 d’Homère,
432.0 1226.5511811023623 109.98425196850394 30.614173228346456 Ἀχαιοί;
511.93700787401576 1226.5511811023623 159.8740157480315 30.614173228346456 Achæi
641.7637795275591 1226.5511811023623 60.09448818897638 30.614173228346456 se
671.8110236220473 1226.5511811023623 70.01574803149606 30.614173228346456 dit
701.5748031496063 1226.5511811023623 60.09448818897638 30.614173228346456 soit

48.47244094488189 1261.1338582677165 87.59055118110236 30.614173228346456 des
98.36220472440945 1261.1338582677165 162.70866141732284 30.614173228346456 habitants
223.6535433070866 1261.1338582677165 75.11811023622047 30.614173228346456 de
261.07086614173227 1261.1338582677165 150.23622047244095 30.614173228346456 l’Achaïe
373.8897637795276 1261.1338582677165 175.1811023622047 30.614173228346456 proprement
511.37007874015745 1261.1338582677165 112.53543307086615 30.614173228346456 dite,
586.488188976378 1261.1338582677165 100.06299212598425 30.614173228346456 soit
649.1338582677165 1261.1338582677165 100.06299212598425 30.614173228346456 chez
699.0236220472441 1261.1338582677165 62.645669291338585 30.614173228346456 les
