839.0551181102362 1397.1968503937007
36.0 126.14173228346456 58.960629921259844 19.84251968503937 10

341.29133858267716 129.54330708661416 114.23622047244095 17.007874015748033 MANUEL

54.70866141732284 171.49606299212599 151.93700787401573 30.04724409448819 semblance.
174.04724409448818 171.49606299212599 97.79527559055119 30.04724409448819 Celte
239.24409448818898 171.49606299212599 162.99212598425197 30.04724409448819 distinction
369.6377952755906 171.49606299212599 65.19685039370079 30.04724409448819 se
402.23622047244095 171.49606299212599 130.39370078740157 30.04724409448819 retrouve
500.0314960629921 171.49606299212599 87.02362204724409 30.04724409448819 dans
554.1732283464567 171.49606299212599 206.36220472440945 30.04724409448819 finitimi
717.1653543307086 171.49606299212599 43.37007874015748 30.04724409448819 et

55.275590551181104 206.07874015748033 181.70078740157481 29.480314960629922 confines,
209.76377952755905 206.07874015748033 72.56692913385827 29.480314960629922 dans
255.11811023622047 206.07874015748033 81.63779527559055 29.480314960629922 ἐγγύς
309.54330708661416 206.07874015748033 54.425196850393704 29.480314960629922 et
327.68503937007875 206.07874015748033 100.06299212598425 29.480314960629922 ξυνεγγύς.

81.63779527559055 241.22834645669292 69.16535433070867 29.480314960629922 5.
116.22047244094489 241.22834645669292 183.96850393700788 29.480314960629922 Impar
265.8897637795276 241.22834645669292 115.08661417322834 29.480314960629922 marque
346.3937007874016 241.22834645669292 80.50393700787401 29.480314960629922 une
392.31496062992125 241.22834645669292 161.00787401574803 29.480314960629922 inégalité,
519.0236220472441 241.22834645669292 92.1259842519685 29.480314960629922 soit
576.5669291338583 241.22834645669292 103.46456692913385 29.480314960629922 comme
645.4488188976378 241.22834645669292 69.16535433070867 29.480314960629922 en
668.4094488188977 241.22834645669292 92.1259842519685 29.480314960629922 arith-

52.44094488188976 275.81102362204723 150.23622047244095 29.480314960629922 métique
161.5748031496063 275.81102362204723 123.02362204724409 29.480314960629922 celle
243.7795275590551 275.81102362204723 95.5275590551181 29.480314960629922 des
298.20472440944883 275.81102362204723 150.23622047244095 29.480314960629922 nombres
407.62204724409446 275.81102362204723 150.23622047244095 29.480314960629922 impairs
516.7559055118111 275.81102362204723 95.5275590551181 29.480314960629922 qui
571.4645669291339 275.81102362204723 81.92125984251969 29.480314960629922 ne
612.5669291338583 275.81102362204723 109.41732283464567 29.480314960629922 sont
667.2755905511812 275.81102362204723 95.5275590551181 29.480314960629922 point

53.574803149606296 310.3937007874016 165.25984251968504 28.913385826771652 exactement
183.68503937007873 310.3937007874016 165.25984251968504 28.913385826771652 divisibles
313.51181102362204 310.3937007874016 82.77165354330708 28.913385826771652 par
360.8503937007874 310.3937007874016 106.2992125984252 28.913385826771652 deux,
431.43307086614175 310.3937007874016 94.39370078740157 28.913385826771652 soit
490.6771653543307 310.3937007874016 82.77165354330708 28.913385826771652 une
537.7322834645669 310.3937007874016 153.63779527559055 28.913385826771652 inégalité
655.9370078740158 310.3937007874016 70.86614173228347 28.913385826771652 de
679.4645669291339 310.3937007874016 82.77165354330708 28.913385826771652 force

56.40944881889764 344.9763779527559 75.96850393700787 29.480314960629922 qui
99.77952755905511 344.9763779527559 130.39370078740157 29.480314960629922 implique
197.5748031496063 344.9763779527559 75.96850393700787 29.480314960629922 une
241.22834645669292 344.9763779527559 162.99212598425197 29.480314960629922 infériorité
371.62204724409446 344.9763779527559 141.16535433070865 29.480314960629922 relative;
480.18897637795277 344.9763779527559 184.8188976377953 29.480314960629922 dispar
632.4094488188977 344.9763779527559 119.62204724409449 29.480314960629922 exprime
708.3779527559055 344.9763779527559 54.425196850393704 29.480314960629922 une

56.976377952755904 379.5590551181102 201.25984251968504 29.480314960629922 dissemblance
220.53543307086613 379.5590551181102 75.4015748031496 29.480314960629922 et
258.23622047244095 379.5590551181102 75.4015748031496 29.480314960629922 ne
295.93700787401576 379.5590551181102 138.33070866141733 29.480314960629922 précise
396.56692913385825 379.5590551181102 113.38582677165354 29.480314960629922 point
472.251968503937 379.5590551181102 75.4015748031496 29.480314960629922 de
509.9527559055118 379.5590551181102 100.62992125984252 29.480314960629922 quel
572.8818897637796 379.5590551181102 100.62992125984252 29.480314960629922 côté
635.8110236220473 379.5590551181102 125.85826771653544 29.480314960629922 penche
711.2125984251968 379.5590551181102 50.45669291338583 29.480314960629922 la

54.70866141732284 414.70866141732284 135.7795275590551 29.480314960629922 balance
153.63779527559055 414.70866141732284 98.64566929133858 29.480314960629922 dans
215.1496062992126 414.70866141732284 73.98425196850394 29.480314960629922 un
240.09448818897638 414.70866141732284 147.96850393700788 29.480314960629922 parallèle,

83.33858267716535 449.8582677165354 115.37007874015748 29.480314960629922 ÆQUUS.
164.1259842519685 449.8582677165354 126.99212598425197 29.480314960629922 PLANUS.
256.53543307086613 449.8582677165354 126.99212598425197 29.480314960629922 CAMPUS.
348.9448818897638 449.8582677165354 69.16535433070867 29.480314960629922 1.
383.5275590551181 449.8582677165354 196.15748031496062 29.480314960629922 Æquum,
545.1023622047244 449.8582677165354 126.99212598425197 29.480314960629922 terrain
637.511811023622 449.8582677165354 104.03149606299213 29.480314960629922 plat,
695.3385826771654 449.8582677165354 69.16535433070867 29.480314960629922 sur-

54.425196850393704 484.4409448818898 101.76377952755905 29.480314960629922 face
117.92125984251969 484.4409448818898 203.24409448818898 29.480314960629922 horizontale,
283.18110236220474 484.4409448818898 89.00787401574803 29.480314960629922 par
334.20472440944883 484.4409448818898 178.01574803149606 29.480314960629922 opposition
473.9527559055118 484.4409448818898 63.496062992125985 29.480314960629922 à
499.18110236220474 484.4409448818898 76.25196850393701 29.480314960629922 ce
537.4488188976378 484.4409448818898 89.00787401574803 29.480314960629922 qui
588.1889763779527 484.4409448818898 114.51968503937007 29.480314960629922 monte
664.4409448818898 484.4409448818898 76.25196850393701 29.480314960629922 ou
689.9527559055118 484.4409448818898 76.25196850393701 29.480314960629922 des-

59.52755905511811 519.0236220472441 73.7007874015748 29.480314960629922 cend,
108.85039370078741 519.0236220472441 41.10236220472441 29.480314960629922 à
125.00787401574803 519.0236220472441 163.84251968503938 29.480314960629922 superior,
264.4724409448819 519.0236220472441 155.6220472440945 29.480314960629922 inferior
395.7165354330709 519.0236220472441 49.32283464566929 29.480314960629922 et
420.09448818897636 519.0236220472441 163.84251968503938 29.480314960629922 acclivis;
559.5590551181102 519.0236220472441 147.68503937007873 29.480314960629922 planum,
682.5826771653543 519.0236220472441 49.32283464566929 29.480314960629922 la
699.0236220472441 519.0236220472441 65.48031496062993 29.480314960629922 plaine

58.110236220472444 553.0393700787401 87.02362204724409 30.04724409448819 unie,
116.22047244094489 553.0393700787401 67.74803149606299 30.04724409448819 par
154.77165354330708 553.0393700787401 135.49606299212599 30.04724409448819 opposition
261.3543307086614 553.0393700787401 48.47244094488189 30.04724409448819 à
280.62992125984255 553.0393700787401 58.110236220472444 30.04724409448819 un
309.54330708661416 553.0393700787401 67.74803149606299 30.04724409448819 sol
348.37795275590554 553.0393700787401 106.58267716535433 30.04724409448819 inégal,
425.76377952755905 553.0393700787401 48.47244094488189 30.04724409448819 à
445.03937007874015 553.0393700787401 193.60629921259843 30.04724409448819 montosus,
600.0944881889764 553.0393700787401 164.40944881889763 30.04724409448819 saxosus.

57.54330708661417 588.1889763779527 185.38582677165354 30.04724409448819 <i<Æquum,
210.04724409448818 588.1889763779527 130.96062992125985 30.04724409448819 signifie
308.12598425196853 588.1889763779527 65.48031496062993 30.04724409448819 au
341.00787401574803 588.1889763779527 109.13385826771653 30.04724409448819 figuré
417.25984251968504 588.1889763779527 141.73228346456693 30.04724409448819 l’équité,
526.3937007874016 588.1889763779527 98.07874015748031 30.04724409448819 parce
591.8740157480315 588.1889763779527 76.25196850393701 30.04724409448819 que
624.4724409448819 588.1889763779527 141.73228346456693 30.04724409448819 l’injustice

56.976377952755904 623.3385826771654 135.21259842519686 29.480314960629922 commence
158.45669291338584 623.3385826771654 78.80314960629921 29.480314960629922 dès
203.5275590551181 623.3385826771654 78.80314960629921 29.480314960629922 que
248.31496062992127 623.3385826771654 90.14173228346456 29.480314960629922 l’un
304.7244094488189 623.3385826771654 67.46456692913385 29.480314960629922 se
338.45669291338584 623.3385826771654 78.80314960629921 29.480314960629922 met
383.5275590551181 623.3385826771654 146.26771653543307 29.480314960629922 au-dessus
496.06299212598424 623.3385826771654 67.46456692913385 29.480314960629922 de
529.7952755905512 623.3385826771654 135.21259842519686 29.480314960629922 l’autre;
619.9370078740158 623.3385826771654 146.26771653543307 29.480314960629922 pla

58.110236220472444 657.9212598425197 163.55905511811022 29.480314960629922 num,
188.78740157480314 657.9212598425197 65.48031496062993 29.480314960629922 la
221.38582677165354 657.9212598425197 108.85039370078741 29.480314960629922 clarté
297.6377952755906 657.9212598425197 65.48031496062993 29.480314960629922 et
330.5196850393701 657.9212598425197 65.48031496062993 29.480314960629922 la
363.11811023622045 657.9212598425197 130.6771653543307 29.480314960629922 netteté,
461.1968503937008 657.9212598425197 98.07874015748031 29.480314960629922 parce
526.3937007874016 657.9212598425197 98.07874015748031 29.480314960629922 qu’on
591.8740157480315 657.9212598425197 65.48031496062993 29.480314960629922 ne
624.4724409448819 657.9212598425197 87.30708661417323 29.480314960629922 peut
668.1259842519685 657.9212598425197 98.07874015748031 29.480314960629922 embras-

55.84251968503937 693.0708661417323 92.1259842519685 29.480314960629922 ser
108.28346456692914 693.0708661417323 105.44881889763779 29.480314960629922 d’un
174.33070866141733 693.0708661417323 105.44881889763779 29.480314960629922 seul
240.09448818897638 693.0708661417323 131.81102362204723 29.480314960629922 regard
332.2204724409449 693.0708661417323 131.81102362204723 29.480314960629922 qu’une
424.34645669291336 693.0708661417323 144.8503937007874 29.480314960629922 plaine,
529.7952755905512 693.0708661417323 79.08661417322834 29.480314960629922 où
569.1968503937007 693.0708661417323 131.81102362204723 29.480314960629922 aucune
648.2834645669292 693.0708661417323 118.48818897637796 29.480314960629922 hauteur

58.110236220472444 727.6535433070866 136.91338582677164 22.677165354330707 n’arrête
160.7244094488189 727.6535433070866 68.5984251968504 22.677165354330707 la
183.68503937007873 727.6535433070866 68.5984251968504 22.677165354330707 vue.

87.59055118110236 762.2362204724409 57.25984251968504 29.480314960629922 2.
116.22047244094489 762.2362204724409 152.50393700787401 29.480314960629922 Æquor
240.09448818897638 762.2362204724409 57.25984251968504 29.480314960629922 et
268.7244094488189 762.2362204724409 200.1259842519685 29.480314960629922 planities,
440.503937007874 762.2362204724409 57.25984251968504 29.480314960629922 la
469.13385826771656 762.2362204724409 95.24409448818898 29.480314960629922 plaine
535.7480314960629 762.2362204724409 66.61417322834646 29.480314960629922 par
573.7322834645669 762.2362204724409 104.88188976377953 29.480314960629922 rapport
649.9842519685039 762.2362204724409 47.62204724409449 29.480314960629922 à
669.2598425196851 762.2362204724409 57.25984251968504 29.480314960629922 sa
688.2519685039371 762.2362204724409 76.25196850393701 29.480314960629922 forme;

58.39370078740158 796.8188976377953 209.1968503937008 28.913385826771652 campus,
232.7244094488189 796.8188976377953 81.35433070866142 28.913385826771652 par
279.21259842519686 796.8188976377953 127.84251968503936 28.913385826771652 rapport
372.18897637795277 796.8188976377953 58.110236220472444 28.913385826771652 à
395.43307086614175 796.8188976377953 69.73228346456693 28.913385826771652 sa
430.2992125984252 796.8188976377953 151.08661417322836 28.913385826771652 position,
546.5196850393701 796.8188976377953 104.5984251968504 28.913385826771652 comme
616.2519685039371 796.8188976377953 92.97637795275591 28.913385826771652 pays
674.3622047244095 796.8188976377953 81.35433070866142 28.913385826771652 bas
709.2283464566929 796.8188976377953 58.110236220472444 28.913385826771652 par

57.826771653543304 830.8346456692914 176.88188976377953 28.346456692913385 opposition
197.00787401574803 830.8346456692914 88.44094488188976 28.346456692913385 aux
234.99212598425197 830.8346456692914 138.89763779527559 28.346456692913385 hauteurs.

59.52755905511811 878.1732283464567 88.44094488188976 26.929133858267715 ÆQUUS
118.48818897637796 878.1732283464567 108.28346456692914 26.929133858267715 ANIMUS,
197.29133858267716 878.1732283464567 58.960629921259844 26.929133858267715 v.
226.77165354330708 878.1732283464567 117.92125984251969 26.929133858267715 Satis
305.5748031496063 878.1732283464567 88.44094488188976 26.929133858267715 ha

86.45669291338582 908.2204724409448 62.645669291338585 23.52755905511811 bere.

404.2204724409449 873.3543307086615 69.73228346456693 29.480314960629922 AER,
447.87401574803147 873.3543307086615 52.44094488188976 29.480314960629922 v.
465.4488188976378 873.3543307086615 130.96062992125985 29.480314960629922 Anima.

90.14173228346456 953.8582677165355 117.63779527559055 29.480314960629922 ÆRARIUM.
178.58267716535434 953.8582677165355 108.0 29.480314960629922 FISCUS.
257.1023622047244 953.8582677165355 186.51968503937007 29.480314960629922 Ærarium,
414.1417322834646 953.8582677165355 58.960629921259844 29.480314960629922 la
443.62204724409446 953.8582677165355 98.07874015748031 29.480314960629922 caisse
512.2204724409448 953.8582677165355 58.960629921259844 29.480314960629922 de
541.7007874015748 953.8582677165355 108.0 29.480314960629922 l’état;
610.2992125984252 953.8582677165355 157.03937007874015 29.480314960629922 fiscus,

60.09448818897638 989.007874015748 75.96850393700787 29.480314960629922 la
98.07874015748031 989.007874015748 151.93700787401573 29.480314960629922 cassette
212.31496062992127 989.007874015748 75.96850393700787 29.480314960629922 de
250.29921259842519 989.007874015748 189.92125984251967 29.480314960629922 l’empereur.
402.23622047244095 989.007874015748 101.48031496062993 29.480314960629922 TAC.
465.4488188976378 989.007874015748 101.48031496062993 29.480314960629922 Ann.
528.9448818897638 989.007874015748 88.7244094488189 29.480314960629922 VI,
579.6850393700787 989.007874015748 75.96850393700787 29.480314960629922 2.
617.6692913385826 989.007874015748 101.48031496062993 29.480314960629922 Bona
668.1259842519685 989.007874015748 101.48031496062993 29.480314960629922 Sejani

63.496062992125985 1023.5905511811023 97.79527559055119 29.480314960629922 ablata
132.09448818897638 1023.5905511811023 176.03149606299212 29.480314960629922 ærario,
278.92913385826773 1023.5905511811023 58.67716535433071 29.480314960629922 ut
308.12598425196853 1023.5905511811023 58.67716535433071 29.480314960629922 in
337.6062992125984 1023.5905511811023 166.39370078740157 29.480314960629922 fiscum
474.5196850393701 1023.5905511811023 146.83464566929135 29.480314960629922 cogerentur;
591.8740157480315 1023.5905511811023 107.71653543307086 29.480314960629922 tanquam
660.1889763779527 1023.5905511811023 107.71653543307086 29.480314960629922 referret.

61.511811023622045 1058.1732283464567 84.18897637795276 30.04724409448819 Les
109.41732283464567 1058.1732283464567 156.4724409448819 30.04724409448819 richesses
229.88976377952756 1058.1732283464567 72.28346456692914 30.04724409448819 de
266.1732283464567 1058.1732283464567 108.28346456692914 30.04724409448819 Séjan
338.45669291338584 1058.1732283464567 144.56692913385828 30.04724409448819 retirées
446.74015748031496 1058.1732283464567 72.28346456692914 30.04724409448819 du
482.74015748031496 1058.1732283464567 120.4724409448819 30.04724409448819 trésor
567.2125984251968 1058.1732283464567 120.4724409448819 30.04724409448819 public
639.496062992126 1058.1732283464567 132.3779527559055 30.04724409448819 entrèrent

63.496062992125985 1092.755905511811 97.51181102362204 30.04724409448819 dans
124.44094488188976 1092.755905511811 73.13385826771653 30.04724409448819 la
161.00787401574803 1092.755905511811 146.5511811023622 30.04724409448819 cassette
270.99212598425197 1092.755905511811 170.9291338582677 30.04724409448819 impériale,
405.07086614173227 1092.755905511811 109.7007874015748 30.04724409448819 comme
478.48818897637796 1092.755905511811 73.13385826771653 30.04724409448819 si
515.0551181102362 1092.755905511811 97.51181102362204 30.04724409448819 cela
576.0 1092.755905511811 85.32283464566929 30.04724409448819 eût
624.7559055118111 1092.755905511811 97.51181102362204 30.04724409448819 tiré
685.9842519685039 1092.755905511811 60.94488188976378 30.04724409448819 à
698.1732283464567 1092.755905511811 73.13385826771653 30.04724409448819 con

49.60629921259842 1129.0393700787401 143.43307086614172 28.346456692913385 séquence.

68.88188976377953 1163.6220472440946 93.54330708661418 24.944881889763778 ÆRUMNA,
136.91338582677164 1163.6220472440946 51.023622047244096 24.944881889763778 v.
153.92125984251967 1163.6220472440946 127.55905511811024 24.944881889763778 Labor.

70.01574803149606 1194.8031496062993 101.19685039370079 24.37795275590551 ÆSTUARE,
145.98425196850394 1194.8031496062993 50.74015748031496 24.37795275590551 v.
162.99212598425197 1194.8031496062993 134.9291338582677 24.37795275590551 Calere.

71.14960629921259 1225.984251968504 87.59055118110236 26.64566929133858 AFFARI,
134.9291338582677 1225.984251968504 47.62204724409449 26.64566929133858 v.
150.8031496062992 1225.984251968504 135.21259842519686 26.64566929133858 Alloqui.

71.43307086614173 1257.732283464567 96.94488188976378 24.944881889763778 AFFINIS,
144.28346456692913 1257.732283464567 48.47244094488189 24.944881889763778 v.
160.44094488188978 1257.732283464567 169.79527559055117 24.944881889763778 Necessarius.

73.98425196850394 1288.9133858267717 60.661417322834644 24.37795275590551 AGER,
114.51968503937007 1288.9133858267717 40.53543307086614 24.37795275590551 v.
134.64566929133858 1288.9133858267717 94.39370078740157 24.37795275590551 Rus
208.91338582677164 1288.9133858267717 40.53543307086614 24.37795275590551 et
222.23622047244095 1288.9133858267717 101.19685039370079 24.37795275590551 Villa.

417.54330708661416 1161.9212598425197 111.68503937007874 26.078740157480315 ÆSTIMARE,
503.43307086614175 1161.9212598425197 51.59055118110236 26.078740157480315 v.
520.4409448818898 1161.9212598425197 145.98425196850394 26.078740157480315 Censere.

416.40944881889766 1193.6692913385828 107.71653543307086 26.078740157480315 ÆTERNUS,
497.1968503937008 1193.6692913385828 53.85826771653543 26.078740157480315 v.
515.3385826771654 1193.6692913385828 170.36220472440945 26.078740157480315 Continuus.

416.40944881889766 1225.984251968504 93.8267716535433 24.944881889763778 AFFATIM,
486.99212598425197 1225.984251968504 47.05511811023622 24.944881889763778 v.
502.5826771653543 1225.984251968504 117.35433070866142 24.944881889763778 Satis.

418.3937007874016 1257.1653543307086 117.07086614173228 26.64566929133858 AFFIRMARE,
510.23622047244095 1257.1653543307086 50.173228346456696 26.64566929133858 v.
526.9606299212599 1257.1653543307086 133.79527559055117 26.64566929133858 Dicere.
