839.0551181102362 1397.1968503937007
56.40944881889764 83.05511811023622 54.425196850393704 19.84251968503937 28

357.4488188976378 85.32283464566929 113.38582677165354 16.440944881889763 MANUEL

71.14960629921259 126.70866141732283 126.99212598425197 30.04724409448819 gloriosum
168.66141732283464 126.70866141732283 68.31496062992126 30.04724409448819 aut
207.7795275590551 126.70866141732283 146.5511811023622 30.04724409448819 promptum
325.13385826771656 126.70866141732283 156.4724409448819 30.04724409448819 effectu,
452.12598425196853 126.70866141732283 68.31496062992126 30.04724409448819 aut
491.244094488189 126.70866141732283 87.8740157480315 30.04724409448819 certe
549.9212598425197 126.70866141732283 68.31496062992126 30.04724409448819 non
589.0393700787401 126.70866141732283 126.99212598425197 30.04724409448819 arduum
676.9133858267717 126.70866141732283 97.79527559055119 30.04724409448819 sit.

70.01574803149606 161.85826771653544 99.21259842519684 28.913385826771652 Tous
132.09448818897638 161.85826771653544 99.21259842519684 28.913385826771652 ceux
194.17322834645668 161.85826771653544 86.74015748031496 28.913385826771652 qui
243.7795275590551 161.85826771653544 111.68503937007874 28.913385826771652 osent
318.0472440944882 161.85826771653544 124.15748031496064 28.913385826771652 former
405.07086614173227 161.85826771653544 74.55118110236221 28.913385826771652 de
442.20472440944883 161.85826771653544 124.15748031496064 28.913385826771652 grands
528.9448818897638 161.85826771653544 148.8188976377953 28.913385826771652 desseins
640.6299212598425 161.85826771653544 99.21259842519684 28.913385826771652 sont
690.2362204724409 161.85826771653544 86.74015748031496 28.913385826771652 tenus

70.86614173228347 195.8740157480315 164.1259842519685 29.480314960629922 d’examiner
199.84251968503938 195.8740157480315 70.2992125984252 29.480314960629922 si
234.99212598425197 195.8740157480315 93.8267716535433 29.480314960629922 leur
293.6692913385827 195.8740157480315 164.1259842519685 29.480314960629922 entreprise
422.6456692913386 195.8740157480315 82.20472440944881 29.480314960629922 est
469.7007874015748 195.8740157480315 105.73228346456693 29.480314960629922 utile
540.0 195.8740157480315 58.67716535433071 29.480314960629922 à
563.5275590551181 195.8740157480315 70.2992125984252 29.480314960629922 la
598.6771653543307 195.8740157480315 176.03149606299212 29.480314960629922 république,
727.6535433070866 195.8740157480315 47.05511811023622 29.480314960629922 si

71.14960629921259 231.0236220472441 95.5275590551181 29.480314960629922 elle
130.96062992125985 231.0236220472441 119.33858267716535 29.480314960629922 paraît
214.58267716535434 231.0236220472441 107.43307086614173 29.480314960629922 d’une
286.01574803149606 231.0236220472441 155.33858267716536 29.480314960629922 exécution
405.6377952755906 231.0236220472441 131.5275590551181 29.480314960629922 facile,
501.1653543307087 231.0236220472441 71.71653543307086 29.480314960629922 ou
536.8818897637796 231.0236220472441 71.71653543307086 29.480314960629922 du
572.8818897637796 231.0236220472441 107.43307086614173 29.480314960629922 moins
644.3149606299213 231.0236220472441 71.71653543307086 29.480314960629922 si
680.3149606299213 231.0236220472441 95.5275590551181 29.480314960629922 elle
727.9370078740158 231.0236220472441 47.90551181102362 29.480314960629922 ne

70.2992125984252 265.03937007874015 145.70078740157481 31.181102362204726 présente
179.43307086614172 265.03937007874015 85.03937007874016 31.181102362204726 pas
228.18897637795277 265.03937007874015 96.94488188976378 31.181102362204726 trop
288.8503937007874 265.03937007874015 194.17322834645668 31.181102362204726 d’obstacles.
446.45669291338584 265.03937007874015 96.94488188976378 31.181102362204726 CIC.
507.11811023622045 265.03937007874015 109.13385826771653 31.181102362204726 Verr.
579.9685039370079 265.03937007874015 72.85039370078741 31.181102362204726 I,
616.5354330708661 265.03937007874015 85.03937007874016 31.181102362204726 51.
665.007874015748 265.03937007874015 85.03937007874016 31.181102362204726 Cum
701.2913385826772 265.03937007874015 72.85039370078741 31.181102362204726 sibi

70.58267716535433 300.755905511811 85.60629921259843 30.04724409448819 omnes
127.84251968503936 300.755905511811 56.976377952755904 30.04724409448819 ad
156.18897637795277 300.755905511811 85.60629921259843 30.04724409448819 illum
213.4488188976378 300.755905511811 152.2204724409449 30.04724409448819 allegationes
337.03937007874015 300.755905511811 209.1968503937008 30.04724409448819 difficiles,
517.8897637795276 300.755905511811 85.60629921259843 30.04724409448819 omnes
574.8661417322835 300.755905511811 95.24409448818898 30.04724409448819 aditus
632.1259842519685 300.755905511811 142.58267716535434 30.04724409448819 arduos

69.73228346456693 335.90551181102364 62.36220472440945 30.04724409448819 ac
100.91338582677166 335.90551181102364 83.05511811023622 30.04724409448819 pæne
152.78740157480314 335.90551181102364 228.18897637795277 30.04724409448819 interclusos
350.0787401574803 335.90551181102364 134.9291338582677 30.04724409448819 viderent.
453.54330708661416 335.90551181102364 103.74803149606299 30.04724409448819 Voyant
526.3937007874016 335.90551181102364 72.56692913385827 30.04724409448819 les
567.7795275590552 335.90551181102364 155.6220472440945 30.04724409448819 difficultés
692.2204724409448 335.90551181102364 93.25984251968504 30.04724409448819 qu’il
744.0944881889764 335.90551181102364 31.181102362204726 30.04724409448819 y

68.03149606299213 368.78740157480314 105.44881889763779 30.04724409448819 avait
138.33070866141733 368.78740157480314 93.8267716535433 30.04724409448819 pour
197.00787401574803 368.78740157480314 81.92125984251969 30.04724409448819 eux
243.7795275590551 368.78740157480314 58.67716535433071 30.04724409448819 à
267.3070866141732 368.78740157480314 105.44881889763779 30.04724409448819 faire
337.6062992125984 368.78740157480314 140.5984251968504 30.04724409448819 parvenir
443.0551181102362 368.78740157480314 81.92125984251969 30.04724409448819 une
489.8267716535433 368.78740157480314 164.1259842519685 30.04724409448819 députation
618.8031496062993 368.78740157480314 128.9763779527559 30.04724409448819 jusqu’à
701.007874015748 368.78740157480314 70.2992125984252 30.04724409448819 lui,

67.46456692913385 403.93700787401576 121.60629921259843 28.346456692913385 toutes
152.78740157480314 403.93700787401576 85.32283464566929 28.346456692913385 les
201.25984251968504 403.93700787401576 109.7007874015748 28.346456692913385 voies
274.3937007874016 403.93700787401576 158.17322834645668 28.346456692913385 hérissées
396.2834645669291 403.93700787401576 182.5511811023622 28.346456692913385 d’obstacles
542.2677165354331 403.93700787401576 73.13385826771653 28.346456692913385 et
578.8346456692914 403.93700787401576 97.51181102362204 28.346456692913385 pour
639.7795275590552 403.93700787401576 109.7007874015748 28.346456692913385 ainsi
700.4409448818898 403.93700787401576 73.13385826771653 28.346456692913385 dire

54.99212598425197 439.0866141732283 123.30708661417323 22.677165354330707 barrées.

68.31496062992126 491.81102362204723 124.15748031496064 26.64566929133858 ARDUUS,
158.74015748031496 491.81102362204723 67.74803149606299 26.64566929133858 v.
192.4724409448819 491.81102362204723 191.90551181102362 26.64566929133858 Altus.
350.3622047244094 491.81102362204723 112.81889763779527 26.64566929133858 ARENA,
429.4488188976378 491.81102362204723 67.74803149606299 26.64566929133858 v.
451.84251968503935 491.81102362204723 191.90551181102362 26.64566929133858 Sabulum.

94.11023622047244 541.7007874015748 159.30708661417322 23.811023622047244 ARGUERE.
213.73228346456693 541.7007874015748 172.62992125984252 23.811023622047244 INCUSARE.
346.3937007874016 541.7007874015748 159.30708661417322 23.811023622047244 CULPARE.
466.01574803149606 541.7007874015748 185.95275590551182 23.811023622047244 CRIMINARI.
598.6771653543307 541.7007874015748 172.62992125984252 23.811023622047244 INSIMULARE.

70.86614173228347 577.4173228346457 137.76377952755905 28.913385826771652 DEFERRE.
174.33070866141733 577.4173228346457 149.38582677165354 28.913385826771652 ACCUSARE.
289.4173228346457 577.4173228346457 218.26771653543307 28.913385826771652 Arguere,
473.1023622047244 577.4173228346457 103.46456692913385 28.913385826771652 terme
541.9842519685039 577.4173228346457 126.4251968503937 28.913385826771652 général
634.1102362204724 577.4173228346457 91.84251968503936 28.913385826771652 pour
680.0314960629921 577.4173228346457 91.84251968503936 28.913385826771652 toutes

65.19685039370079 612.5669291338583 93.54330708661418 28.346456692913385 les
118.48818897637796 612.5669291338583 160.15748031496062 28.346456692913385 manières
238.6771653543307 612.5669291338583 80.22047244094489 28.346456692913385 de
278.92913385826773 612.5669291338583 133.51181102362204 28.346456692913385 mettre
372.4724409448819 612.5669291338583 80.22047244094489 28.346456692913385 au
412.4409448818898 612.5669291338583 106.86614173228347 28.346456692913385 jour
479.0551181102362 612.5669291338583 93.54330708661418 28.346456692913385 une
532.6299212598425 612.5669291338583 120.18897637795276 28.346456692913385 faute
612.8503937007874 612.5669291338583 160.15748031496062 28.346456692913385 supposée
719.7165354330708 612.5669291338583 53.29133858267716 28.346456692913385 ou

68.5984251968504 647.1496062992126 105.16535433070867 29.480314960629922 réelle
142.29921259842519 647.1496062992126 73.7007874015748 29.480314960629922 par
184.251968503937 647.1496062992126 105.16535433070867 29.480314960629922 devant
257.9527559055118 647.1496062992126 63.21259842519685 29.480314960629922 la
289.4173228346457 647.1496062992126 115.65354330708661 29.480314960629922 justice
373.6062992125984 647.1496062992126 63.21259842519685 29.480314960629922 ou
405.3543307086614 647.1496062992126 136.91338582677164 29.480314960629922 ailleurs,
510.5196850393701 647.1496062992126 157.88976377952756 29.480314960629922 incriminer;
626.1732283464567 647.1496062992126 147.4015748031496 29.480314960629922 incu

68.03149606299213 682.2992125984252 147.11811023622047 28.913385826771652 sare
185.95275590551182 682.2992125984252 58.960629921259844 28.913385826771652 et
215.1496062992126 682.2992125984252 58.960629921259844 28.913385826771652 le
244.62992125984252 682.2992125984252 88.15748031496064 28.913385826771652 terme
303.59055118110234 682.2992125984252 78.51968503937007 28.913385826771652 rare
352.62992125984255 682.2992125984252 58.960629921259844 28.913385826771652 de
381.8267716535433 682.2992125984252 176.5984251968504 28.913385826771652 culpare
528.9448818897638 682.2992125984252 58.960629921259844 28.913385826771652 ne
558.4251968503937 682.2992125984252 117.63779527559055 28.913385826771652 marquent
646.5826771653543 682.2992125984252 98.07874015748031 28.913385826771652 qu’une
705.5433070866142 682.2992125984252 68.5984251968504 28.913385826771652 accu-

68.03149606299213 716.8818897637796 110.26771653543307 29.480314960629922 sation
145.41732283464566 716.8818897637796 220.53543307086613 29.480314960629922 extrajudiciaire;
332.78740157480314 716.8818897637796 231.59055118110237 29.480314960629922 criminari,
531.496062992126 716.8818897637796 121.32283464566929 29.480314960629922 accuser
619.6535433070866 716.8818897637796 88.15748031496064 29.480314960629922 avec
674.9291338582677 716.8818897637796 77.10236220472441 29.480314960629922 des
707.8110236220473 716.8818897637796 66.33070866141732 29.480314960629922 sen-

66.04724409448819 752.0314960629921 144.0 28.913385826771652 timents
170.64566929133858 752.0314960629921 196.44094488188978 28.913385826771652 d’hostilité
327.9685039370079 752.0314960629921 78.51968503937007 28.913385826771652 ou
367.0866141732283 752.0314960629921 78.51968503937007 28.913385826771652 de
406.48818897637796 752.0314960629921 196.44094488188978 28.913385826771652 méchanceté,
563.5275590551181 752.0314960629921 78.51968503937007 28.913385826771652 en
589.6062992125984 752.0314960629921 183.4015748031496 28.913385826771652 noircissant;

67.74803149606299 786.6141732283464 250.01574803149606 27.212598425196852 insimulare,
283.748031496063 786.6141732283464 125.00787401574803 27.212598425196852 accuser
374.74015748031496 786.6141732283464 170.36220472440945 27.212598425196852 faussement,
511.0866141732283 786.6141732283464 90.99212598425197 27.212598425196852 sans
567.7795275590552 786.6141732283464 125.00787401574803 27.212598425196852 reculer
658.7716535433071 786.6141732283464 113.66929133858268 27.212598425196852 devant
727.0866141732283 786.6141732283464 45.354330708661415 27.212598425196852 la

68.03149606299213 821.1968503937007 152.78740157480314 29.480314960629922 calomnie,
185.38582677165354 821.1968503937007 117.35433070866142 29.480314960629922 rendre
267.59055118110234 821.1968503937007 140.88188976377953 29.480314960629922 suspect;
373.3228346456693 821.1968503937007 223.08661417322836 29.480314960629922 deferre,
560.9763779527559 821.1968503937007 140.88188976377953 29.480314960629922 dénoncer
666.7086614173228 821.1968503937007 70.58267716535433 29.480314960629922 au
690.2362204724409 821.1968503937007 82.20472440944881 29.480314960629922 juge;

68.31496062992126 855.7795275590552 190.77165354330708 30.04724409448819 accusare,
230.74015748031496 855.7795275590552 104.88188976377953 30.04724409448819 accuser
306.99212598425197 855.7795275590552 57.25984251968504 30.04724409448819 au
335.62204724409446 855.7795275590552 124.15748031496064 30.04724409448819 criminel.
431.1496062992126 855.7795275590552 76.25196850393701 30.04724409448819 CIC.
478.7716535433071 855.7795275590552 76.25196850393701 30.04724409448819 Lig.
526.6771653543307 855.7795275590552 66.89763779527559 30.04724409448819 IV,
564.6614173228346 855.7795275590552 66.89763779527559 30.04724409448819 10.
602.9291338582677 855.7795275590552 162.14173228346456 30.04724409448819 Arguis
727.0866141732283 855.7795275590552 47.62204724409449 30.04724409448819 fa-

68.5984251968504 890.9291338582677 114.23622047244095 27.212598425196852 tentem.
151.6535433070866 890.9291338582677 72.56692913385827 27.212598425196852 Non
193.3228346456693 890.9291338582677 72.56692913385827 27.212598425196852 est
234.70866141732284 890.9291338582677 103.74803149606299 27.212598425196852 satis.
307.2755905511811 890.9291338582677 186.8031496062992 27.212598425196852 Accusas
462.8976377952756 890.9291338582677 83.05511811023622 27.212598425196852 eum.
514.7716535433071 890.9291338582677 62.36220472440945 27.212598425196852 Il
545.9527559055118 890.9291338582677 103.74803149606299 27.212598425196852 avoue,
618.5196850393701 890.9291338582677 62.36220472440945 27.212598425196852 et
649.7007874015748 890.9291338582677 62.36220472440945 27.212598425196852 tu
670.3937007874016 890.9291338582677 103.74803149606299 27.212598425196852 l’incri-

68.03149606299213 925.511811023622 121.60629921259843 28.913385826771652 mines.
153.0708661417323 925.511811023622 72.85039370078741 28.913385826771652 Tu
189.63779527559055 925.511811023622 72.85039370078741 28.913385826771652 ne
226.20472440944883 925.511811023622 97.22834645669292 28.913385826771652 t’en
286.86614173228344 925.511811023622 109.41732283464567 28.913385826771652 tiens
359.7165354330709 925.511811023622 85.03937007874016 28.913385826771652 pas
408.4724409448819 925.511811023622 85.03937007874016 28.913385826771652 là.
456.9448818897638 925.511811023622 72.85039370078741 28.913385826771652 Tu
493.51181102362204 925.511811023622 72.85039370078741 28.913385826771652 le
529.7952755905512 925.511811023622 145.98425196850394 28.913385826771652 poursuis
639.2125984251968 925.511811023622 121.60629921259843 28.913385826771652 devant
712.3464566929134 925.511811023622 60.661417322834644 28.913385826771652 les

65.76377952755905 960.0944881889764 109.7007874015748 28.913385826771652 juges
126.70866141732283 960.0944881889764 146.26771653543307 28.913385826771652 criminels.

98.64566929133858 995.2440944881889 109.13385826771653 29.480314960629922 ARIDUS.
178.01574803149606 995.2440944881889 128.9763779527559 29.480314960629922 TORRIDUS.
277.2283464566929 995.2440944881889 109.13385826771653 29.480314960629922 SICCUS.
356.59842519685037 995.2440944881889 168.66141732283464 29.480314960629922 Aridus
495.21259842519686 995.2440944881889 59.52755905511811 29.480314960629922 et
524.9763779527559 995.2440944881889 188.50393700787401 29.480314960629922 torridus
673.7952755905512 995.2440944881889 99.21259842519684 29.480314960629922 marquent

70.2992125984252 1029.8267716535433 76.81889763779527 28.913385826771652 une
114.23622047244095 1029.8267716535433 142.86614173228347 28.913385826771652 privation
224.2204724409449 1029.8267716535433 66.04724409448819 28.913385826771652 de
257.1023622047244 1029.8267716535433 98.92913385826772 28.913385826771652 sucs:
323.1496062992126 1029.8267716535433 76.81889763779527 28.913385826771652 les
367.0866141732283 1029.8267716535433 175.748031496063 28.913385826771652 arida
509.9527559055118 1029.8267716535433 76.81889763779527 28.913385826771652 ont
553.8897637795276 1029.8267716535433 98.92913385826772 28.913385826771652 perdu
619.6535433070866 1029.8267716535433 87.8740157480315 28.913385826771652 leur
663.5905511811023 1029.8267716535433 109.98425196850394 28.913385826771652 humidité

70.86614173228347 1064.4094488188975 145.13385826771653 30.04724409448819 naturelle
182.5511811023622 1064.4094488188975 78.23622047244095 30.04724409448819 par
227.0551181102362 1064.4094488188975 123.02362204724409 30.04724409448819 l’effet
316.62992125984255 1064.4094488188975 89.29133858267717 30.04724409448819 d’un
372.4724409448819 1064.4094488188975 78.23622047244095 30.04724409448819 feu
417.25984251968504 1064.4094488188975 78.23622047244095 30.04724409448819 qui
461.76377952755905 1064.4094488188975 89.29133858267717 30.04724409448819 agit
517.6062992125984 1064.4094488188975 55.84251968503937 30.04724409448819 à
540.0 1064.4094488188975 178.86614173228347 30.04724409448819 l’intérieur;
674.0787401574803 1064.4094488188975 100.62992125984252 30.04724409448819 l’équi-

69.16535433070867 1098.4251968503936 99.49606299212599 30.614173228346456 valent
138.61417322834646 1098.4251968503936 79.37007874015748 30.614173228346456 grec
188.50393700787401 1098.4251968503936 69.44881889763779 30.614173228346456 est
228.18897637795277 1098.4251968503936 89.5748031496063 30.614173228346456 αὖος,
287.7165354330709 1098.4251968503936 119.33858267716535 30.614173228346456 l’opposé
377.29133858267716 1098.4251968503936 188.78740157480314 30.614173228346456 humidus;
536.3149606299213 1098.4251968503936 69.44881889763779 30.614173228346456 les
576.0 1098.4251968503936 188.78740157480314 30.614173228346456 torrida,
725.1023622047244 1098.4251968503936 49.60629921259842 30.614173228346456 par

67.18110236220473 1133.5748031496064 130.11023622047244 30.04724409448819 l’effet
161.85826771653544 1133.5748031496064 106.2992125984252 30.04724409448819 d’une
232.7244094488189 1133.5748031496064 130.11023622047244 30.04724409448819 chaleur
327.40157480314963 1133.5748031496064 82.77165354330708 30.04724409448819 qui
374.45669291338584 1133.5748031496064 94.67716535433071 30.04724409448819 agit
433.7007874015748 1133.5748031496064 70.86614173228347 30.04724409448819 du
469.13385826771656 1133.5748031496064 118.20472440944881 30.04724409448819 dehors
551.9055118110236 1133.5748031496064 70.86614173228347 30.04724409448819 au
587.3385826771654 1133.5748031496064 130.11023622047244 30.04724409448819 dedans;
681.7322834645669 1133.5748031496064 82.77165354330708 30.04724409448819 ils
717.4488188976378 1133.5748031496064 58.960629921259844 30.04724409448819 ont

68.88188976377953 1168.724409448819 85.60629921259843 31.181102362204726 pour
122.45669291338582 1168.724409448819 106.86614173228347 31.181102362204726 opposé
197.29133858267716 1168.724409448819 192.4724409448819 31.181102362204726 uvidus,
357.73228346456693 1168.724409448819 96.37795275590551 31.181102362204726 comme
421.79527559055117 1168.724409448819 128.40944881889763 31.181102362204726 σκληρός;
518.1732283464567 1168.724409448819 181.70078740157481 31.181102362204726 siccus
667.8425196850394 1168.724409448819 64.06299212598425 31.181102362204726 ne
689.1023622047244 1168.724409448819 85.60629921259843 31.181102362204726 marque

67.46456692913385 1202.740157480315 126.4251968503937 31.181102362204726 qu’une
156.18897637795277 1202.740157480315 177.16535433070865 31.181102362204726 sécheresse
295.37007874015745 1202.740157480315 189.63779527559055 31.181102362204726 extérieure,
447.0236220472441 1202.740157480315 139.1811023622047 31.181102362204726 limitée
548.2204724409448 1202.740157480315 63.21259842519685 31.181102362204726 à
573.4488188976378 1202.740157480315 75.96850393700787 31.181102362204726 la
611.4330708661417 1202.740157480315 151.6535433070866 31.181102362204726 surface,
712.6299212598425 1202.740157480315 63.21259842519685 31.181102362204726 par

70.2992125984252 1237.3228346456692 156.18897637795277 30.614173228346456 opposition
192.75590551181102 1237.3228346456692 55.84251968503937 30.614173228346456 à
215.1496062992126 1237.3228346456692 211.748031496063 30.614173228346456 madidus,
393.4488188976378 1237.3228346456692 100.34645669291339 30.614173228346456 comme
460.34645669291336 1237.3228346456692 111.4015748031496 30.614173228346456 ξηρός.
538.2992125984252 1237.3228346456692 100.34645669291339 30.614173228346456 PLIN.
605.1968503937007 1237.3228346456692 66.89763779527559 30.614173228346456 H.
638.6456692913385 1237.3228346456692 66.89763779527559 30.614173228346456 N.
672.0944881889764 1237.3228346456692 89.29133858267717 30.614173228346456 XII,
716.5984251968504 1237.3228346456692 55.84251968503937 30.614173228346456 12.
