845.2913385826772 1421.291338582677
285.1653543307087 118.20472440944881 80.22047244094489 17.5748031496063 DE
325.13385826771656 118.20472440944881 174.04724409448818 17.5748031496063 SYNONYMIE
445.6062992125984 118.20472440944881 120.4724409448819 17.5748031496063 LATINE.

724.2519685039371 116.50393700787401 54.425196850393704 19.84251968503937 37

70.86614173228347 161.29133858267716 207.7795275590551 28.913385826771652 savoir-faire,
242.07874015748033 161.29133858267716 85.60629921259843 28.913385826771652 son
290.8346456692913 161.29133858267716 183.4015748031496 28.913385826771652 exactitude,
437.6692913385827 161.29133858267716 85.60629921259843 28.913385826771652 son
486.4251968503937 161.29133858267716 195.59055118110237 28.913385826771652 application,
645.4488188976378 161.29133858267716 134.36220472440945 28.913385826771652 rendent
731.0551181102362 161.29133858267716 48.75590551181102 28.913385826771652 un

69.73228346456693 196.44094488188978 177.73228346456693 29.480314960629922 personnage
209.48031496062993 196.44094488188978 114.23622047244095 29.480314960629922 utile
285.4488188976378 196.44094488188978 101.48031496062993 29.480314960629922 dans
348.9448818897638 196.44094488188978 76.25196850393701 29.480314960629922 la
386.92913385826773 196.44094488188978 88.7244094488189 29.480314960629922 vie
437.6692913385827 196.44094488188978 164.9763779527559 29.480314960629922 pratique,
564.6614173228346 196.44094488188978 139.46456692913387 29.480314960629922 l’homme
666.1417322834645 196.44094488188978 114.23622047244095 29.480314960629922 brave
729.6377952755905 196.44094488188978 50.74015748031496 29.480314960629922 et

71.71653543307086 231.0236220472441 111.96850393700787 31.181102362204726 rangé,
150.23622047244095 231.0236220472441 78.51968503937007 31.181102362204726 par
195.0236220472441 231.0236220472441 157.03937007874015 31.181102362204726 opposition
318.61417322834643 231.0236220472441 56.125984251968504 31.181102362204726 à
341.00787401574803 231.0236220472441 201.82677165354332 31.181102362204726 nequam,
509.1023622047244 231.0236220472441 100.91338582677166 31.181102362204726 comme
576.2834645669292 231.0236220472441 134.64566929133858 31.181102362204726 χρηστός.
666.1417322834645 231.0236220472441 111.96850393700787 31.181102362204726 QUINTIL.

70.58267716535433 266.1732283464567 84.18897637795276 27.77952755905512 VI,
118.48818897637796 266.1732283464567 72.28346456692914 27.77952755905512 4,
154.77165354330708 266.1732283464567 84.18897637795276 27.77952755905512 11.
202.6771653543307 266.1732283464567 84.18897637795276 27.77952755905512 Non
250.86614173228347 266.1732283464567 84.18897637795276 27.77952755905512 est
299.0551181102362 266.1732283464567 168.3779527559055 27.77952755905512 altercandi
431.43307086614175 266.1732283464567 120.18897637795276 27.77952755905512 ars...
515.6220472440945 266.1732283464567 84.18897637795276 27.77952755905512 res
563.8110236220473 266.1732283464567 108.28346456692914 27.77952755905512 animi
636.0944881889764 266.1732283464567 144.28346456692913 27.77952755905512 jacentis
732.1889763779527 266.1732283464567 48.188976377952756 27.77952755905512 et

70.58267716535433 299.62204724409446 200.40944881889763 30.614173228346456 mollis
235.84251968503938 299.62204724409446 106.01574803149606 30.614173228346456 supra
306.4251968503937 299.62204724409446 106.01574803149606 30.614173228346456 modum
377.29133858267716 299.62204724409446 141.4488188976378 30.614173228346456 frontis,
483.3070866141732 299.62204724409446 153.35433070866142 30.614173228346456 fallitque
601.2283464566929 299.62204724409446 153.35433070866142 30.614173228346456 plerumque
707.2440944881889 299.62204724409446 70.86614173228347 30.614173228346456 quod

75.4015748031496 335.90551181102364 176.03149606299212 28.913385826771652 probitas
223.6535433070866 335.90551181102364 102.04724409448819 28.913385826771652 vocatur
297.9212598425197 335.90551181102364 64.91338582677166 28.913385826771652 quæ
335.0551181102362 335.90551181102364 64.91338582677166 28.913385826771652 est
371.90551181102364 335.90551181102364 222.51968503937007 28.913385826771652 imbecillitas.
566.6456692913385 335.90551181102364 55.55905511811024 28.913385826771652 Il
594.4251968503937 335.90551181102364 83.33858267716535 28.913385826771652 faut,
649.9842519685039 335.90551181102364 74.26771653543307 28.913385826771652 pour
687.1181102362204 335.90551181102364 92.69291338582677 28.913385826771652 paraître

73.98425196850394 371.0551181102362 71.71653543307086 28.913385826771652 en
109.7007874015748 371.0551181102362 119.62204724409449 28.913385826771652 maître
193.60629921259843 371.0551181102362 83.62204724409449 28.913385826771652 aux
241.51181102362204 371.0551181102362 131.5275590551181 28.913385826771652 débats,
337.03937007874015 371.0551181102362 83.62204724409449 28.913385826771652 une
384.9448818897638 371.0551181102362 83.62204724409449 28.913385826771652 âme
432.8503937007874 371.0551181102362 83.62204724409449 28.913385826771652 qui
480.755905511811 371.0551181102362 71.71653543307086 28.913385826771652 ne
516.4724409448819 371.0551181102362 71.71653543307086 28.913385826771652 se
552.4724409448819 371.0551181102362 119.62204724409449 28.913385826771652 laisse
636.3779527559055 371.0551181102362 107.71653543307086 28.913385826771652 point
696.1889763779527 371.0551181102362 83.62204724409449 28.913385826771652 abat-

72.85039370078741 405.6377952755906 94.11023622047244 28.346456692913385 tre,
131.81102362204723 405.6377952755906 70.58267716535433 28.346456692913385 un
167.24409448818898 405.6377952755906 106.01574803149606 28.346456692913385 front
237.82677165354332 405.6377952755906 82.48818897637796 28.346456692913385 qui
284.88188976377955 405.6377952755906 70.58267716535433 28.346456692913385 ne
320.31496062992125 405.6377952755906 70.58267716535433 28.346456692913385 se
355.46456692913387 405.6377952755906 117.63779527559055 28.346456692913385 courbe
437.9527559055118 405.6377952755906 82.48818897637796 28.346456692913385 pas
485.00787401574803 405.6377952755906 94.11023622047244 28.346456692913385 trop
543.6850393700787 405.6377952755906 106.01574803149606 28.346456692913385 vite,
614.5511811023622 405.6377952755906 70.58267716535433 28.346456692913385 et
649.7007874015748 405.6377952755906 70.58267716535433 28.346456692913385 la
673.2283464566929 405.6377952755906 106.01574803149606 28.346456692913385 commune

73.7007874015748 440.2204724409449 121.60629921259843 28.346456692913385 erreur
158.74015748031496 440.2204724409449 109.41732283464567 28.346456692913385 vient
231.8740157480315 440.2204724409449 72.85039370078741 28.346456692913385 de
268.4409448818898 440.2204724409449 72.85039370078741 28.346456692913385 ce
304.7244094488189 440.2204724409449 109.41732283464567 28.346456692913385 qu’on
377.8582677165354 440.2204724409449 109.41732283464567 28.346456692913385 donne
450.70866141732284 440.2204724409449 72.85039370078741 28.346456692913385 en
487.2755905511811 440.2204724409449 109.41732283464567 28.346456692913385 cette
560.4094488188977 440.2204724409449 133.79527559055117 28.346456692913385 matière
657.6377952755905 440.2204724409449 72.85039370078741 28.346456692913385 le
694.2047244094488 440.2204724409449 85.03937007874016 28.346456692913385 nom
730.488188976378 440.2204724409449 48.75590551181102 28.346456692913385 de

73.98425196850394 473.6692913385827 119.62204724409449 29.480314960629922 probité
160.7244094488189 473.6692913385827 54.425196850393704 29.480314960629922 à
182.5511811023622 473.6692913385827 65.19685039370079 29.480314960629922 la
215.1496062992126 473.6692913385827 87.02362204724409 29.480314960629922 pure
269.5748031496063 473.6692913385827 141.16535433070865 29.480314960629922 faiblesse
378.1417322834646 473.6692913385827 141.16535433070865 29.480314960629922 d’esprit.
486.99212598425197 473.6692913385827 87.02362204724409 29.480314960629922 CIC.
541.1338582677165 473.6692913385827 87.02362204724409 29.480314960629922 Dej.
595.5590551181102 473.6692913385827 75.96850393700787 29.480314960629922 10.
628.1574803149606 473.6692913385827 152.2204724409449 29.480314960629922 Frugi

72.28346456692914 509.9527559055118 125.5748031496063 28.913385826771652 hominem
163.55905511811022 509.9527559055118 91.2755905511811 28.913385826771652 dici
220.8188976377953 509.9527559055118 79.93700787401575 28.913385826771652 non
266.45669291338584 509.9527559055118 114.23622047244095 28.913385826771652 multum
346.3937007874016 509.9527559055118 114.23622047244095 28.913385826771652 laudis
426.3307086614173 509.9527559055118 102.89763779527559 28.913385826771652 habet
494.92913385826773 509.9527559055118 68.5984251968504 28.913385826771652 in
529.2283464566929 509.9527559055118 182.83464566929135 28.913385826771652 rege.
677.4803149606299 509.9527559055118 68.5984251968504 28.913385826771652 Ce
700.4409448818898 509.9527559055118 79.93700787401575 28.913385826771652 n’est

72.28346456692914 545.1023622047244 91.84251968503936 28.913385826771652 pas
124.7244094488189 545.1023622047244 117.92125984251969 28.913385826771652 faire
203.24409448818898 545.1023622047244 78.51968503937007 28.913385826771652 un
242.64566929133858 545.1023622047244 117.92125984251969 28.913385826771652 grand
321.1653543307087 545.1023622047244 117.92125984251969 28.913385826771652 éloge
399.68503937007875 545.1023622047244 104.88188976377953 28.913385826771652 d’un
465.4488188976378 545.1023622047244 91.84251968503936 28.913385826771652 roi
517.6062992125984 545.1023622047244 91.84251968503936 28.913385826771652 que
570.0472440944882 545.1023622047244 78.51968503937007 28.913385826771652 de
609.4488188976378 545.1023622047244 170.36220472440945 28.913385826771652 l’appeler
727.3700787401575 545.1023622047244 52.44094488188976 28.913385826771652 un

70.2992125984252 579.6850393700787 130.96062992125985 27.77952755905512 homme
142.86614173228347 579.6850393700787 116.50393700787401 27.77952755905512 rangé.

102.33070866141732 613.7007874015748 61.511811023622045 29.480314960629922 2.
132.9448818897638 613.7007874015748 195.0236220472441 29.480314960629922 Honestus
297.3543307086614 613.7007874015748 61.511811023622045 29.480314960629922 et
328.251968503937 613.7007874015748 184.8188976377953 29.480314960629922 sanctus
482.1732283464567 613.7007874015748 133.51181102362204 29.480314960629922 désignent
584.7874015748032 613.7007874015748 61.511811023622045 29.480314960629922 un
615.6850393700787 613.7007874015748 92.40944881889764 29.480314960629922 degré
666.992125984252 613.7007874015748 112.81889763779527 29.480314960629922 supérieur

72.85039370078741 648.8503937007874 70.58267716535433 29.480314960629922 de
108.28346456692914 648.8503937007874 141.16535433070865 29.480314960629922 moralité
214.29921259842519 648.8503937007874 82.48818897637796 29.480314960629922 qui
261.3543307086614 648.8503937007874 153.0708661417323 29.480314960629922 s’inspire
378.99212598425197 648.8503937007874 106.01574803149606 29.480314960629922 d’une
449.5748031496063 648.8503937007874 117.63779527559055 29.480314960629922 raison
532.0629921259842 648.8503937007874 94.11023622047244 29.480314960629922 plus
591.0236220472441 648.8503937007874 117.63779527559055 29.480314960629922 haute,
673.2283464566929 648.8503937007874 82.48818897637796 29.480314960629922 qui
708.6614173228346 648.8503937007874 70.58267716535433 29.480314960629922 s’é-

73.13385826771653 683.4330708661417 93.8267716535433 30.04724409448819 lève
131.5275590551181 683.4330708661417 152.50393700787401 30.04724409448819 au-dessus
248.88188976377953 683.4330708661417 70.2992125984252 30.04724409448819 du
284.0314960629921 683.4330708661417 140.5984251968504 30.04724409448819 vulgaire
389.4803149606299 683.4330708661417 70.2992125984252 30.04724409448819 et
424.62992125984255 683.4330708661417 70.2992125984252 30.04724409448819 de
459.7795275590551 683.4330708661417 70.2992125984252 30.04724409448819 la
494.92913385826773 683.4330708661417 117.35433070866142 30.04724409448819 morale
577.1338582677165 683.4330708661417 70.2992125984252 30.04724409448819 au
612.2834645669292 683.4330708661417 93.8267716535433 30.04724409448819 jour
670.9606299212599 683.4330708661417 70.2992125984252 30.04724409448819 le
694.488188976378 683.4330708661417 81.92125984251969 30.04724409448819 jour.

73.13385826771653 719.1496062992126 235.2755905511811 28.913385826771652 Honestus,
272.9763779527559 719.1496062992126 82.20472440944881 28.913385826771652 âme
320.0314960629921 719.1496062992126 105.73228346456693 28.913385826771652 noble
390.61417322834643 719.1496062992126 70.58267716535433 28.913385826771652 et
425.76377952755905 719.1496062992126 141.16535433070865 28.913385826771652 héroïque
531.7795275590552 719.1496062992126 82.20472440944881 28.913385826771652 qui
578.8346456692914 719.1496062992126 141.16535433070865 28.913385826771652 conforme
684.5669291338583 719.1496062992126 70.58267716535433 28.913385826771652 sa
708.0944881889764 719.1496062992126 70.58267716535433 28.913385826771652 con-

70.86614173228347 753.1653543307086 113.95275590551181 29.480314960629922 duite
146.83464566929135 753.1653543307086 88.44094488188976 29.480314960629922 aux
197.5748031496063 753.1653543307086 164.40944881889763 29.480314960629922 principes
324.0 753.1653543307086 101.19685039370079 29.480314960629922 d’un
387.21259842519686 753.1653543307086 139.1811023622047 29.480314960629922 honneur
488.40944881889766 753.1653543307086 139.1811023622047 29.480314960629922 exquis,
589.6062992125984 753.1653543307086 88.44094488188976 29.480314960629922 par
627.5905511811023 753.1653543307086 151.6535433070866 29.480314960629922 opposition

73.13385826771653 788.3149606299213 49.60629921259842 29.480314960629922 à
92.97637795275591 788.3149606299213 178.86614173228347 29.480314960629922 turpis.
241.79527559055117 788.3149606299213 188.78740157480314 29.480314960629922 Sanctus,
400.81889763779526 788.3149606299213 69.44881889763779 29.480314960629922 âme
440.503937007874 788.3149606299213 138.89763779527559 29.480314960629922 religieuse
549.6377952755905 788.3149606299213 59.52755905511811 29.480314960629922 et
579.4015748031496 788.3149606299213 99.21259842519684 29.480314960629922 sainte
649.1338582677165 788.3149606299213 69.44881889763779 29.480314960629922 que
678.8976377952756 788.3149606299213 99.21259842519684 29.480314960629922 gouverne

72.0 822.8976377952756 69.73228346456693 28.913385826771652 le
106.86614173228347 822.8976377952756 104.31496062992126 28.913385826771652 désir
176.31496062992127 822.8976377952756 69.73228346456693 28.913385826771652 de
211.1811023622047 822.8976377952756 115.93700787401575 28.913385826771652 plaire
292.53543307086613 822.8976377952756 58.110236220472444 28.913385826771652 à
304.15748031496065 822.8976377952756 81.07086614173228 28.913385826771652 Dieu.

77.10236220472441 871.0866141732283 107.71653543307086 24.37795275590551 BRACHIUM,
159.8740157480315 871.0866141732283 49.60629921259842 24.37795275590551 v.
176.31496062992127 871.0866141732283 115.93700787401575 24.37795275590551 Ulna.

104.03149606299213 914.7401574803149 107.71653543307086 27.212598425196852 BREVIS.
181.98425196850394 914.7401574803149 107.71653543307086 27.212598425196852 CURTUS.
260.503937007874 914.7401574803149 176.03149606299212 27.212598425196852 Brevis,
407.0551181102362 914.7401574803149 88.15748031496064 27.212598425196852 court
465.73228346456693 914.7401574803149 68.5984251968504 27.212598425196852 par
504.8503937007874 914.7401574803149 107.71653543307086 27.212598425196852 nature;
583.0866141732283 914.7401574803149 176.03149606299212 27.212598425196852 curtus,
720.0 914.7401574803149 58.67716535433071 27.212598425196852 rac

58.960629921259844 949.8897637795276 108.0 22.677165354330707 courci.

75.96850393700787 996.9448818897638 90.99212598425197 26.64566929133858 BRUTUS,
142.01574803149606 996.9448818897638 49.60629921259842 26.64566929133858 v.
158.74015748031496 996.9448818897638 148.8188976377953 26.64566929133858 Stupidus.

372.755905511811 1074.0472440944882 71.43307086614173 32.31496062992126 C

70.01574803149606 1157.9527559055118 138.89763779527559 28.346456692913385 CABALLUS,
176.88188976377953 1157.9527559055118 64.06299212598425 28.346456692913385 v.
208.91338582677164 1157.9527559055118 181.70078740157481 28.346456692913385 Equus.
358.5826771653543 1157.9527559055118 160.15748031496062 28.346456692913385 CACHINNARE,
486.70866141732284 1157.9527559055118 64.06299212598425 28.346456692913385 v.
507.9685039370079 1157.9527559055118 170.9291338582677 28.346456692913385 Ridere.

73.7007874015748 1191.9685039370079 98.07874015748031 24.944881889763778 CACUMEN,
147.11811023622047 1191.9685039370079 49.039370078740156 24.944881889763778 v.
163.55905511811022 1191.9685039370079 122.45669291338582 24.944881889763778 Acies.

99.77952755905511 1233.9212598425197 119.33858267716535 30.614173228346456 CADAVER.
189.35433070866142 1233.9212598425197 109.41732283464567 30.614173228346456 CORPUS.
268.7244094488189 1233.9212598425197 59.52755905511811 30.614173228346456 Il
298.48818897637796 1233.9212598425197 49.60629921259842 30.614173228346456 y
318.61417322834643 1233.9212598425197 49.60629921259842 30.614173228346456 a
338.45669291338584 1233.9212598425197 89.5748031496063 30.614173228346456 entre
397.98425196850394 1233.9212598425197 178.86614173228347 30.614173228346456 cadaver
547.0866141732283 1233.9212598425197 59.52755905511811 30.614173228346456 et
577.1338582677165 1233.9212598425197 168.9448818897638 30.614173228346456 corpus
716.3149606299213 1233.9212598425197 49.60629921259842 30.614173228346456 à
726.2362204724409 1233.9212598425197 49.60629921259842 30.614173228346456 peu

67.46456692913385 1266.236220472441 106.2992125984252 32.31496062992126 près
133.79527559055117 1266.236220472441 79.65354330708661 32.31496062992126 la
173.76377952755905 1266.236220472441 106.2992125984252 32.31496062992126 même
240.09448818897638 1266.236220472441 185.95275590551182 32.31496062992126 différence
386.0787401574803 1266.236220472441 159.30708661417322 32.31496062992126 qu’entre
505.7007874015748 1266.236220472441 79.65354330708661 32.31496062992126 os
545.6692913385826 1266.236220472441 79.65354330708661 32.31496062992126 et
585.3543307086615 1266.236220472441 185.95275590551182 32.31496062992126 ossements.
718.2992125984252 1266.236220472441 53.00787401574803 32.31496062992126 Le
