845.2913385826772 1420.1574803149606
37.13385826771653 128.40944881889763 39.118110236220474 19.84251968503937 6

339.87401574803147 131.81102362204723 113.38582677165354 17.007874015748033 MANUEL

50.173228346456696 172.62992125984252 99.49606299212599 28.913385826771652 nade
112.53543307086615 172.62992125984252 74.55118110236221 28.913385826771652 et
149.66929133858267 172.62992125984252 74.55118110236221 28.913385826771652 de
187.08661417322836 172.62992125984252 211.46456692913387 28.913385826771652 bouffonnerie.
361.13385826771656 172.62992125984252 99.49606299212599 28.913385826771652 CIC.
423.496062992126 172.62992125984252 111.96850393700787 28.913385826771652 Sext.
498.0472440944882 172.62992125984252 87.02362204724409 28.913385826771652 54.
547.9370078740158 172.62992125984252 99.49606299212599 28.913385826771652 Ipse
610.0157480314961 172.62992125984252 99.49606299212599 28.913385826771652 ille
659.9055118110236 172.62992125984252 99.49606299212599 28.913385826771652 maxime

53.574803149606296 207.7795275590551 164.69291338582678 27.77952755905512 ludius
189.0708661417323 207.7795275590551 67.74803149606299 27.77952755905512 non
227.90551181102362 207.7795275590551 87.30708661417323 27.77952755905512 solum
286.01574803149606 207.7795275590551 135.49606299212599 27.77952755905512 spectator,
392.59842519685037 207.7795275590551 67.74803149606299 27.77952755905512 sed
431.1496062992126 207.7795275590551 155.0551181102362 27.77952755905512 actor
557.2913385826772 207.7795275590551 58.110236220472444 27.77952755905512 et
586.2047244094488 207.7795275590551 116.22047244094489 27.77952755905512 acroama.
673.511811023622 207.7795275590551 58.110236220472444 27.77952755905512 Ce
692.7874015748032 207.7795275590551 67.74803149606299 27.77952755905512 bala-

51.59055118110236 242.36220472440945 88.44094488188976 28.913385826771652 din
102.33070866141732 242.36220472440945 164.40944881889763 28.913385826771652 lui-même,
228.75590551181102 242.36220472440945 88.44094488188976 28.913385826771652 car
279.21259842519686 242.36220472440945 75.68503937007874 28.913385826771652 il
317.1968503937008 242.36220472440945 113.66929133858268 28.913385826771652 n’est
392.88188976377955 242.36220472440945 88.44094488188976 28.913385826771652 pas
443.33858267716533 242.36220472440945 75.68503937007874 28.913385826771652 un
481.3228346456693 242.36220472440945 126.4251968503937 28.913385826771652 simple
569.7637795275591 242.36220472440945 189.63779527559055 28.913385826771652 spectateur,
708.9448818897638 242.36220472440945 50.45669291338583 28.913385826771652 il

52.44094488188976 277.51181102362204 95.81102362204724 26.078740157480315 est,
112.25196850393701 277.51181102362204 95.81102362204724 26.078740157480315 vous
172.06299212598427 277.51181102362204 72.0 26.078740157480315 le
208.06299212598427 277.51181102362204 119.90551181102362 26.078740157480315 savez,
291.9685039370079 277.51181102362204 95.81102362204724 26.078740157480315 tour
352.06299212598424 277.51181102362204 59.811023622047244 26.078740157480315 à
375.87401574803147 277.51181102362204 95.81102362204724 26.078740157480315 tour
435.9685039370079 277.51181102362204 119.90551181102362 26.078740157480315 acteur
519.5905511811023 277.51181102362204 72.0 26.078740157480315 et
555.5905511811023 277.51181102362204 131.81102362204723 26.078740157480315 bouffon
651.6850393700787 277.51181102362204 72.0 26.078740157480315 1.
675.496062992126 277.51181102362204 83.90551181102362 26.078740157480315 Rosc.

54.14173228346457 312.09448818897636 89.85826771653544 28.913385826771652 com.
110.55118110236221 312.09448818897636 78.80314960629921 28.913385826771652 10.
155.33858267716536 312.09448818897636 89.85826771653544 28.913385826771652 Nemo
211.46456692913387 312.09448818897636 67.46456692913385 28.913385826771652 ex
245.1968503937008 312.09448818897636 123.59055118110236 28.913385826771652 pessimo
335.0551181102362 312.09448818897636 224.78740157480314 28.913385826771652 histrione
526.1102362204724 312.09448818897636 101.19685039370079 28.913385826771652 bonum
582.5196850393701 312.09448818897636 179.71653543307087 28.913385826771652 comœdum

53.29133858267716 347.244094488189 109.98425196850394 28.913385826771652 fieri
126.4251968503937 347.244094488189 109.98425196850394 28.913385826771652 posse
199.84251968503938 347.244094488189 195.30708661417322 28.913385826771652 existimaret.
358.5826771653543 347.244094488189 146.5511811023622 28.913385826771652 Personne
468.56692913385825 347.244094488189 207.49606299212599 28.913385826771652 n’imaginerait
639.496062992126 347.244094488189 109.98425196850394 28.913385826771652 qu’un
700.7244094488188 347.244094488189 60.94488188976378 28.913385826771652 mi-

54.70866141732284 381.25984251968504 136.3464566929134 30.04724409448819 sérable
153.92125984251967 381.25984251968504 136.3464566929134 30.04724409448819 farceur
253.13385826771653 381.25984251968504 86.74015748031496 30.04724409448819 pût
302.74015748031496 381.25984251968504 136.3464566929134 30.04724409448819 devenir
401.6692913385827 381.25984251968504 74.26771653543307 30.04724409448819 un
438.8031496062992 381.25984251968504 86.74015748031496 30.04724409448819 bon
488.40944881889766 381.25984251968504 161.00787401574803 30.04724409448819 comédien.
612.2834645669292 381.25984251968504 86.74015748031496 30.04724409448819 Ep.
661.8897637795276 381.25984251968504 86.74015748031496 30.04724409448819 ad.
699.0236220472441 381.25984251968504 62.07874015748032 30.04724409448819 Qu.

56.125984251968504 416.9763779527559 77.38582677165354 28.346456692913385 fr.
100.34645669291339 416.9763779527559 66.33070866141732 28.346456692913385 I,
133.51181102362204 416.9763779527559 66.33070866141732 28.346456692913385 a.
166.6771653543307 416.9763779527559 66.33070866141732 28.346456692913385 E.
199.84251968503938 416.9763779527559 110.55118110236221 28.346456692913385 Hortor
277.2283464566929 416.9763779527559 66.33070866141732 28.346456692913385 ut
310.3937007874016 416.9763779527559 121.60629921259843 28.346456692913385 tanquam
398.8346456692913 416.9763779527559 99.49606299212599 28.346456692913385 poetæ
465.4488188976378 416.9763779527559 88.44094488188976 28.346456692913385 boni
520.7244094488188 416.9763779527559 66.33070866141732 28.346456692913385 et
553.8897637795276 416.9763779527559 198.99212598425197 28.346456692913385 actores
708.6614173228346 416.9763779527559 55.275590551181104 28.346456692913385 in-

57.54330708661417 450.99212598425197 125.5748031496063 29.480314960629922 dustrii
148.8188976377953 450.99212598425197 114.23622047244095 29.480314960629922 solent
228.75590551181102 450.99212598425197 68.5984251968504 29.480314960629922 in
262.7716535433071 450.99212598425197 125.5748031496063 29.480314960629922 extrema
354.3307086614173 450.99212598425197 102.61417322834646 29.480314960629922 parte
422.6456692913386 450.99212598425197 216.8503937007874 29.480314960629922 diligentissimus
605.1968503937007 450.99212598425197 91.2755905511811 29.480314960629922 sis.
662.4566929133858 450.99212598425197 68.5984251968504 29.480314960629922 Je
685.1338582677165 450.99212598425197 79.93700787401575 29.480314960629922 t’en-

55.84251968503937 486.1417322834646 99.49606299212599 28.913385826771652 gage
117.92125984251969 486.1417322834646 62.07874015748032 28.913385826771652 à
142.86614173228347 486.1417322834646 136.62992125984252 28.913385826771652 soigner
242.36220472440945 486.1417322834646 186.51968503937007 28.913385826771652 extrêmement
391.46456692913387 486.1417322834646 74.55118110236221 28.913385826771652 la
428.88188976377955 486.1417322834646 87.02362204724409 28.913385826771652 fin
478.48818897637796 486.1417322834646 62.07874015748032 28.913385826771652 à
503.43307086614175 486.1417322834646 161.5748031496063 28.913385826771652 l’exemple
627.8740157480315 486.1417322834646 87.02362204724409 28.913385826771652 des
665.007874015748 486.1417322834646 99.49606299212599 28.913385826771652 grands

56.69291338582677 520.7244094488188 123.02362204724409 28.913385826771652 poëtes
142.86614173228347 520.7244094488188 73.98425196850394 28.913385826771652 et
179.71653543307087 520.7244094488188 86.1732283464567 28.913385826771652 des
229.03937007874015 520.7244094488188 135.49606299212599 28.913385826771652 acteurs
315.21259842519686 520.7244094488188 197.00787401574803 28.913385826771652 consciencieux.

57.826771653543304 577.9842519685039 121.60629921259843 24.944881889763778 ACUMEN,
146.26771653543307 577.9842519685039 66.33070866141732 24.944881889763778 v.
179.43307086614172 577.9842519685039 187.93700787401573 24.944881889763778 Acies.
334.20472440944883 577.9842519685039 132.66141732283464 24.944881889763778 ADAMARE,
433.4173228346457 577.9842519685039 66.33070866141732 24.944881889763778 v.
455.5275590551181 577.9842519685039 198.99212598425197 24.944881889763778 Diligere.

86.1732283464567 630.7086614173228 128.9763779527559 27.77952755905512 ADESSE.
180.0 630.7086614173228 164.40944881889763 27.77952755905512 INTERESSE.
308.9763779527559 630.7086614173228 152.50393700787401 27.77952755905512 PRÆSENTEM
426.3307086614173 630.7086614173228 105.73228346456693 27.77952755905512 ESSE.
496.9133858267717 630.7086614173228 70.2992125984252 27.77952755905512 1.
532.0629921259842 630.7086614173228 211.1811023622047 27.77952755905512 Adesse,
696.4724409448819 630.7086614173228 70.2992125984252 27.77952755905512 être

58.67716535433071 666.992125984252 91.55905511811024 28.346456692913385 près
115.65354330708661 666.992125984252 102.89763779527559 28.346456692913385 d’une
184.251968503937 666.992125984252 137.1968503937008 28.346456692913385 personne
287.1496062992126 666.992125984252 68.5984251968504 28.346456692913385 ou
321.4488188976378 666.992125984252 102.89763779527559 28.346456692913385 d’une
390.0472440944882 666.992125984252 114.23622047244095 28.346456692913385 chose;
469.98425196850394 666.992125984252 240.09448818897638 28.346456692913385 interesse,
664.4409448818898 666.992125984252 102.89763779527559 28.346456692913385 prendre

58.110236220472444 701.5748031496063 94.67716535433071 29.480314960629922 part
117.35433070866142 701.5748031496063 59.24409448818898 29.480314960629922 à
141.16535433070865 701.5748031496063 82.77165354330708 29.480314960629922 une
188.50393700787401 701.5748031496063 130.11023622047244 29.480314960629922 action.
283.18110236220474 701.5748031496063 94.67716535433071 29.480314960629922 CIC.
342.4251968503937 701.5748031496063 106.58267716535433 29.480314960629922 Verr.
413.29133858267716 701.5748031496063 71.14960629921259 29.480314960629922 I,
448.7244094488189 701.5748031496063 82.77165354330708 29.480314960629922 40.
496.06299212598424 701.5748031496063 130.11023622047244 29.480314960629922 Crimina
591.0236220472441 701.5748031496063 71.14960629921259 29.480314960629922 ea
626.4566929133858 701.5748031496063 82.77165354330708 29.480314960629922 quæ
661.8897637795276 701.5748031496063 106.58267716535433 29.480314960629922 notiora

60.09448818897638 735.5905511811023 88.44094488188976 28.913385826771652 sunt
115.37007874015748 735.5905511811023 77.38582677165354 28.913385826771652 his
159.59055118110237 735.5905511811023 77.38582677165354 28.913385826771652 qui
203.81102362204723 735.5905511811023 187.93700787401573 28.913385826771652 adsunt
358.5826771653543 735.5905511811023 88.44094488188976 28.913385826771652 quam
413.8582677165354 735.5905511811023 132.66141732283464 28.913385826771652 nobis...
513.6377952755905 735.5905511811023 66.33070866141732 28.913385826771652 De
546.8031496062993 735.5905511811023 88.44094488188976 28.913385826771652 illo
602.0787401574803 735.5905511811023 99.49606299212599 28.913385826771652 nihil
668.4094488188977 735.5905511811023 99.49606299212599 28.913385826771652 dixit
723.6850393700787 735.5905511811023 44.22047244094488 28.913385826771652 in

61.511811023622045 770.1732283464567 76.25196850393701 30.04724409448819 quo
104.88188976377953 770.1732283464567 228.4724409448819 30.04724409448819 interfuit.
300.755905511811 770.1732283464567 76.25196850393701 30.04724409448819 Ces
344.12598425196853 770.1732283464567 163.2755905511811 30.04724409448819 accusations
474.8031496062992 770.1732283464567 87.02362204724409 30.04724409448819 plus
529.2283464566929 770.1732283464567 152.2204724409449 30.04724409448819 familières
648.8503937007874 770.1732283464567 76.25196850393701 30.04724409448819 aux
681.4488188976378 770.1732283464567 87.02362204724409 30.04724409448819 assis-

60.37795275590551 805.3228346456693 108.0 29.480314960629922 tants
132.3779527559055 805.3228346456693 95.81102362204724 29.480314960629922 qu’à
192.18897637795277 805.3228346456693 203.81102362204723 29.480314960629922 nous-mêmes...
360.0 805.3228346456693 72.0 29.480314960629922 Il
396.0 805.3228346456693 83.90551181102362 29.480314960629922 n’a
444.18897637795277 805.3228346456693 95.81102362204724 29.480314960629922 rien
504.0 805.3228346456693 83.90551181102362 29.480314960629922 dit
551.9055118110236 805.3228346456693 72.0 29.480314960629922 du
587.9055118110236 805.3228346456693 95.81102362204724 29.480314960629922 fait
648.0 805.3228346456693 119.90551181102362 29.480314960629922 auquel
720.0 805.3228346456693 47.90551181102362 29.480314960629922 il

61.79527559055118 840.4724409448819 55.84251968503937 28.346456692913385 a
83.90551181102362 840.4724409448819 89.29133858267717 28.346456692913385 pris
128.69291338582678 840.4724409448819 77.95275590551181 28.346456692913385 part.

90.4251968503937 874.488188976378 68.03149606299213 29.480314960629922 2.
124.44094488188976 874.488188976378 192.4724409448819 29.480314960629922 Adesse
282.8976377952756 874.488188976378 124.44094488188976 29.480314960629922 marque,
373.3228346456693 874.488188976378 68.03149606299213 29.480314960629922 en
407.33858267716533 874.488188976378 135.7795275590551 29.480314960629922 général,
509.38582677165357 874.488188976378 101.76377952755905 29.480314960629922 notre
577.1338582677165 874.488188976378 135.7795275590551 29.480314960629922 présence
679.1811023622047 874.488188976378 90.4251968503937 29.480314960629922 dans
724.2519685039371 874.488188976378 45.354330708661415 29.480314960629922 un

64.62992125984252 908.503937007874 110.26771653543307 30.04724409448819 cercle
142.01574803149606 908.503937007874 88.15748031496064 30.04724409448819 dont
197.00787401574803 908.503937007874 88.15748031496064 30.04724409448819 nous
252.28346456692913 908.503937007874 121.32283464566929 30.04724409448819 faisons
340.4409448818898 908.503937007874 121.32283464566929 30.04724409448819 partie;
428.59842519685037 908.503937007874 176.5984251968504 30.04724409448819 præsentem
572.0314960629921 908.503937007874 143.43307086614172 30.04724409448819 esse,
682.5826771653543 908.503937007874 66.33070866141732 30.04724409448819 la
704.4094488188977 908.503937007874 66.33070866141732 30.04724409448819 pré-

62.36220472440945 944.7874015748032 113.95275590551181 28.913385826771652 sence
138.33070866141733 944.7874015748032 177.16535433070865 28.913385826771652 immédiate,
277.51181102362204 944.7874015748032 164.40944881889763 28.913385826771652 sensible,
403.93700787401576 944.7874015748032 151.6535433070866 28.913385826771652 visible.
517.8897637795276 944.7874015748032 101.19685039370079 28.913385826771652 D’un
581.1023622047244 944.7874015748032 101.19685039370079 28.913385826771652 hôte
644.3149606299213 944.7874015748032 113.95275590551181 28.913385826771652 qu’on
707.5275590551181 944.7874015748032 63.21259842519685 28.913385826771652 at-

63.77952755905512 979.9370078740158 91.2755905511811 28.913385826771652 tend
120.75590551181102 979.9370078740158 68.31496062992126 28.913385826771652 on
155.0551181102362 979.9370078740158 79.93700787401575 28.913385826771652 dit
200.69291338582678 979.9370078740158 182.5511811023622 28.913385826771652 adest
348.9448818897638 979.9370078740158 102.61417322834646 28.913385826771652 quand
417.25984251968504 979.9370078740158 68.31496062992126 28.913385826771652 il
451.5590551181102 979.9370078740158 68.31496062992126 28.913385826771652 se
485.5748031496063 979.9370078740158 113.95275590551181 28.913385826771652 trouve
565.511811023622 979.9370078740158 91.2755905511811 28.913385826771652 dans
622.488188976378 979.9370078740158 79.93700787401575 28.913385826771652 nos
668.1259842519685 979.9370078740158 102.61417322834646 28.913385826771652 murs;
725.1023622047244 979.9370078740158 45.63779527559055 28.913385826771652 on

66.04724409448819 1014.5196850393701 75.68503937007874 30.04724409448819 dit
109.41732283464567 1014.5196850393701 151.6535433070866 30.04724409448819 præsens
228.4724409448819 1014.5196850393701 119.05511811023622 30.04724409448819 est
314.92913385826773 1014.5196850393701 97.51181102362204 30.04724409448819 quand
379.84251968503935 1014.5196850393701 64.91338582677166 30.04724409448819 il
412.4409448818898 1014.5196850393701 75.68503937007874 30.04724409448819 est
455.81102362204723 1014.5196850393701 86.74015748031496 30.04724409448819 dans
509.9527559055118 1014.5196850393701 64.91338582677166 30.04724409448819 la
542.2677165354331 1014.5196850393701 86.74015748031496 30.04724409448819 même
596.4094488188977 1014.5196850393701 97.51181102362204 30.04724409448819 pièce
661.3228346456693 1014.5196850393701 75.68503937007874 30.04724409448819 que
693.9212598425197 1014.5196850393701 75.68503937007874 30.04724409448819 nous.

65.48031496062993 1049.1023622047244 85.88976377952756 29.480314960629922 TER.
119.05511811023622 1049.1023622047244 75.11811023622047 29.480314960629922 Ad.
162.14173228346456 1049.1023622047244 85.88976377952756 29.480314960629922 III,
215.71653543307087 1049.1023622047244 64.34645669291339 29.480314960629922 3,
247.748031496063 1049.1023622047244 75.11811023622047 29.480314960629922 29.
290.5511811023622 1049.1023622047244 75.11811023622047 29.480314960629922 Non
333.6377952755906 1049.1023622047244 85.88976377952756 29.480314960629922 quia
387.21259842519686 1049.1023622047244 117.92125984251969 29.480314960629922 ades
472.81889763779526 1049.1023622047244 160.7244094488189 29.480314960629922 præsens
601.511811023622 1049.1023622047244 85.88976377952756 29.480314960629922 dico
655.0866141732283 1049.1023622047244 85.88976377952756 29.480314960629922 hoc.
708.6614173228346 1049.1023622047244 64.34645669291339 29.480314960629922 Je
730.2047244094488 1049.1023622047244 42.803149606299215 29.480314960629922 ne

64.91338582677166 1084.251968503937 86.45669291338582 28.913385826771652 dis
114.51968503937007 1084.251968503937 86.45669291338582 28.913385826771652 pas
163.84251968503938 1084.251968503937 98.64566929133858 28.913385826771652 cela
225.63779527559055 1084.251968503937 111.11811023622047 28.913385826771652 parce
299.62204724409446 1084.251968503937 86.45669291338582 28.913385826771652 que
348.9448818897638 1084.251968503937 73.98425196850394 28.913385826771652 tu
386.0787401574803 1084.251968503937 73.98425196850394 28.913385826771652 es
422.92913385826773 1084.251968503937 98.64566929133858 28.913385826771652 près
484.7244094488189 1084.251968503937 73.98425196850394 28.913385826771652 de
521.8582677165355 1084.251968503937 98.64566929133858 28.913385826771652 moi,
583.3700787401575 1084.251968503937 123.30708661417323 28.913385826771652 devant
657.6377952755905 1084.251968503937 73.98425196850394 28.913385826771652 moi.

94.96062992125984 1119.4015748031495 123.30708661417323 24.37795275590551 ADHUC.
181.41732283464566 1119.4015748031495 160.44094488188978 24.37795275590551 HACTENUS.
304.7244094488189 1119.4015748031495 160.44094488188978 24.37795275590551 HUCUSQUE.
428.0314960629921 1119.4015748031495 197.29133858267716 24.37795275590551 Adhuc
588.4724409448819 1119.4015748031495 86.45669291338582 24.37795275590551 est
637.7952755905512 1119.4015748031495 135.7795275590551 24.37795275590551 adverbe
724.2519685039371 1119.4015748031495 49.32283464566929 24.37795275590551 de

68.88188976377953 1153.984251968504 106.86614173228347 28.913385826771652 temps:
143.71653543307087 1153.984251968504 117.63779527559055 28.913385826771652 jusqu’à
229.3228346456693 1153.984251968504 64.06299212598425 28.913385826771652 ce
261.3543307086614 1153.984251968504 117.63779527559055 28.913385826771652 moment;
346.96062992125985 1153.984251968504 203.24409448818898 28.913385826771652 hactenus
518.1732283464567 1153.984251968504 64.06299212598425 28.913385826771652 et
550.2047244094488 1153.984251968504 203.24409448818898 28.913385826771652 hucusque
710.6456692913385 1153.984251968504 64.06299212598425 28.913385826771652 sont

66.61417322834646 1187.4330708661416 143.43307086614172 30.04724409448819 adverbes
174.04724409448818 1187.4330708661416 71.71653543307086 30.04724409448819 de
210.04724409448818 1187.4330708661416 107.43307086614173 30.04724409448819 lieu:
281.4803149606299 1187.4330708661416 131.5275590551181 30.04724409448819 jusqu’à
377.00787401574803 1187.4330708661416 83.62204724409449 30.04724409448819 cet
424.9133858267717 1187.4330708661416 131.5275590551181 30.04724409448819 endroit
520.4409448818898 1187.4330708661416 71.71653543307086 30.04724409448819 ou
556.4409448818898 1187.4330708661416 131.5275590551181 30.04724409448819 jusqu’à
651.9685039370079 1187.4330708661416 71.71653543307086 30.04724409448819 ce
675.7795275590552 1187.4330708661416 95.5275590551181 30.04724409448819 point.

90.99212598425197 1259.4330708661416 54.14173228346457 24.37795275590551 1
112.53543307086615 1259.4330708661416 151.93700787401573 24.37795275590551 Traduction
231.8740157480315 1259.4330708661416 141.16535433070865 24.37795275590551 Guéroult.
340.4409448818898 1259.4330708661416 86.74015748031496 24.37795275590551 Dans
394.86614173228344 1259.4330708661416 65.19685039370079 24.37795275590551 la
427.46456692913387 1259.4330708661416 151.93700787401573 24.37795275590551 collection
546.8031496062993 1259.4330708661416 162.70866141732284 24.37795275590551 Panckoucke.
666.1417322834645 1259.4330708661416 108.56692913385827 24.37795275590551 Cicéron,

70.86614173228347 1286.6456692913387 56.976377952755904 20.976377952755904 t.
99.21259842519684 1286.6456692913387 85.60629921259843 20.976377952755904 XIII,
156.18897637795277 1286.6456692913387 56.976377952755904 20.976377952755904 p.
175.1811023622047 1286.6456692913387 56.976377952755904 20.976377952755904 375.
