845.2913385826772 1422.1417322834645
257.38582677165357 113.66929133858268 79.65354330708661 17.007874015748033 DE
297.3543307086614 113.66929133858268 172.3464566929134 17.007874015748033 SYNONYMIE
416.6929133858268 113.66929133858268 119.33858267716535 17.007874015748033 LATINE.

693.0708661417323 110.26771653543307 55.55905511811024 18.708661417322833 27

43.93700787401575 148.251968503937 70.86614173228347 36.28346456692913 Tu
79.37007874015748 148.251968503937 118.20472440944881 36.28346456692913 invita
162.4251968503937 148.251968503937 153.92125984251967 36.28346456692913 mulieres,
280.62992125984255 148.251968503937 82.77165354330708 36.28346456692913 ego
327.9685039370079 148.251968503937 224.78740157480314 36.28346456692913 accivero
517.3228346456693 148.251968503937 130.11023622047244 36.28346456692913 pueros.
600.0944881889764 148.251968503937 201.25984251968504 36.28346456692913 Chargeons

43.93700787401575 190.77165354330708 88.15748031496064 28.346456692913385 toi
94.11023622047244 190.77165354330708 75.4015748031496 28.346456692913385 de
131.81102362204723 190.77165354330708 113.38582677165354 28.346456692913385 prier
207.49606299212599 190.77165354330708 88.15748031496064 28.346456692913385 les
257.6692913385827 190.77165354330708 138.33070866141733 28.346456692913385 femmes,
358.5826771653543 190.77165354330708 88.15748031496064 28.346456692913385 moi
408.755905511811 190.77165354330708 163.55905511811022 28.346456692913385 d’inviter
534.6141732283464 190.77165354330708 88.15748031496064 28.346456692913385 les
585.0708661417323 190.77165354330708 125.85826771653544 28.346456692913385 jeunes
660.4724409448819 190.77165354330708 88.15748031496064 28.346456692913385 gens.

44.22047244094488 225.35433070866142 153.92125984251967 29.480314960629922 Comparez
159.59055118110237 225.35433070866142 102.61417322834646 29.480314960629922 avec
223.6535433070866 225.35433070866142 102.61417322834646 29.480314960629922 Dej.
288.0 225.35433070866142 77.10236220472441 29.480314960629922 5.
326.26771653543307 225.35433070866142 115.37007874015748 29.480314960629922 Venit
403.37007874015745 225.35433070866142 89.85826771653544 29.480314960629922 vel
454.6771653543307 225.35433070866142 141.16535433070865 29.480314960629922 rogatus
557.2913385826772 225.35433070866142 77.10236220472441 29.480314960629922 ut
595.8425196850394 225.35433070866142 141.16535433070865 29.480314960629922 amicus,
685.7007874015748 225.35433070866142 64.06299212598425 29.480314960629922 vel

47.90551181102362 259.37007874015745 192.18897637795277 30.614173228346456 arcessitus
212.5984251968504 259.37007874015745 54.99212598425197 30.614173228346456 ut
240.09448818897638 259.37007874015745 100.62992125984252 30.614173228346456 socius,
313.2283464566929 259.37007874015745 64.06299212598425 30.614173228346456 vel
349.79527559055117 259.37007874015745 174.04724409448818 30.614173228346456 evocatus
496.34645669291336 259.37007874015745 54.99212598425197 30.614173228346456 ut
523.8425196850394 259.37007874015745 64.06299212598425 30.614173228346456 qui
560.4094488188977 259.37007874015745 100.62992125984252 30.614173228346456 senatui
633.5433070866142 259.37007874015745 91.55905511811024 30.614173228346456 parere
688.5354330708661 259.37007874015745 64.06299212598425 30.614173228346456 didi-

45.92125984251968 295.0866141732283 127.55905511811024 28.346456692913385 cisset.
138.61417322834646 295.0866141732283 69.44881889763779 28.346456692913385 Il
173.48031496062993 295.0866141732283 104.31496062992126 28.346456692913385 s’est
242.9291338582677 295.0866141732283 138.89763779527559 28.346456692913385 présenté
347.244094488189 295.0866141732283 69.44881889763779 28.346456692913385 ou
381.8267716535433 295.0866141732283 69.44881889763779 28.346456692913385 en
416.6929133858268 295.0866141732283 81.07086614173228 28.346456692913385 ami
462.8976377952756 295.0866141732283 92.69291338582677 28.346456692913385 dont
521.007874015748 295.0866141732283 69.44881889763779 28.346456692913385 on
555.5905511811023 295.0866141732283 162.14173228346456 28.346456692913385 souhaitait
671.5275590551181 295.0866141732283 81.07086614173228 28.346456692913385 l’ar-

45.92125984251968 330.23622047244095 121.60629921259843 28.913385826771652 rivée,
131.24409448818898 330.23622047244095 73.13385826771653 28.913385826771652 ou
167.81102362204723 330.23622047244095 73.13385826771653 28.913385826771652 en
204.09448818897638 330.23622047244095 109.7007874015748 28.913385826771652 allié
277.2283464566929 330.23622047244095 109.7007874015748 28.913385826771652 qu’on
350.3622047244094 330.23622047244095 133.79527559055117 28.913385826771652 faisait
447.59055118110234 330.23622047244095 121.60629921259843 28.913385826771652 venir,
532.9133858267717 330.23622047244095 73.13385826771653 28.913385826771652 ou
569.4803149606299 330.23622047244095 73.13385826771653 28.913385826771652 en
606.0472440944882 330.23622047244095 109.7007874015748 28.913385826771652 sujet
666.7086614173228 330.23622047244095 85.32283464566929 28.913385826771652 mandé

47.338582677165356 364.81889763779526 71.71653543307086 29.480314960629922 par
88.15748031496064 364.81889763779526 61.511811023622045 29.480314960629922 le
119.05511811023622 364.81889763779526 92.1259842519685 29.480314960629922 sénat
180.28346456692913 364.81889763779526 61.511811023622045 29.480314960629922 et
211.1811023622047 364.81889763779526 102.33070866141732 29.480314960629922 dressé
282.8976377952756 364.81889763779526 51.30708661417323 29.480314960629922 à
303.3070866141732 364.81889763779526 71.71653543307086 29.480314960629922 lui
344.12598425196853 364.81889763779526 102.33070866141732 29.480314960629922 obéir.
415.84251968503935 364.81889763779526 81.92125984251969 29.480314960629922 LIV.
467.1496062992126 364.81889763779526 61.511811023622045 29.480314960629922 X,
497.76377952755905 364.81889763779526 71.71653543307086 29.480314960629922 19.
538.8661417322835 364.81889763779526 184.251968503937 29.480314960629922 Collegæ
682.0157480314961 364.81889763779526 71.71653543307086 29.480314960629922 auxi-

47.05511811023622 399.40157480314963 88.15748031496064 27.77952755905512 lium
102.04724409448819 399.40157480314963 88.15748031496064 27.77952755905512 quod
157.3228346456693 399.40157480314963 220.251968503937 27.77952755905512 acciendum
344.40944881889766 399.40157480314963 99.21259842519684 27.77952755905512 ultro
410.45669291338584 399.40157480314963 121.03937007874016 27.77952755905512 fuerit.
498.61417322834643 399.40157480314963 66.04724409448819 27.77952755905512 Le
531.7795275590552 399.40157480314963 121.03937007874016 27.77952755905512 secours
619.9370078740158 399.40157480314963 66.04724409448819 27.77952755905512 de
652.8188976377953 399.40157480314963 77.10236220472441 27.77952755905512 son
685.9842519685039 399.40157480314963 66.04724409448819 27.77952755905512 col-

46.77165354330709 434.5511811023622 111.4015748031496 28.913385826771652 lègue
121.32283464566929 434.5511811023622 111.4015748031496 28.913385826771652 qu’il
195.59055118110237 434.5511811023622 123.8740157480315 28.913385826771652 aurait
282.3307086614173 434.5511811023622 74.26771653543307 28.913385826771652 dû
319.46456692913387 434.5511811023622 148.8188976377953 28.913385826771652 demander
430.86614173228344 434.5511811023622 99.21259842519684 28.913385826771652 sans
492.9448818897638 434.5511811023622 123.8740157480315 28.913385826771652 façon.
579.6850393700787 434.5511811023622 148.8188976377953 28.913385826771652 Comparez
678.8976377952756 434.5511811023622 74.26771653543307 28.913385826771652 avec

47.62204724409449 469.13385826771656 104.31496062992126 28.913385826771652 XLIV,
117.07086614173228 469.13385826771656 81.07086614173228 28.913385826771652 31.
163.55905511811022 469.13385826771656 208.3464566929134 28.913385826771652 Evocati
337.03937007874015 469.13385826771656 138.89763779527559 28.913385826771652 litteris
441.3543307086614 469.13385826771656 185.10236220472441 28.913385826771652 imperatoris.
591.5905511811023 469.13385826771656 115.65354330708661 28.913385826771652 Mandés
672.6614173228346 469.13385826771656 81.07086614173228 28.913385826771652 par
707.5275590551181 469.13385826771656 46.20472440944882 28.913385826771652 un

48.47244094488189 503.1496062992126 102.33070866141732 28.913385826771652 ordre
116.50393700787401 503.1496062992126 102.33070866141732 28.913385826771652 écrit
184.8188976377953 503.1496062992126 68.31496062992126 28.913385826771652 du
218.83464566929135 503.1496062992126 136.3464566929134 28.913385826771652 général.
321.1653543307087 503.1496062992126 68.31496062992126 28.913385826771652 Et
355.46456692913387 503.1496062992126 113.66929133858268 28.913385826771652 XXXIX,
434.8346456692913 503.1496062992126 79.65354330708661 28.913385826771652 11.
480.4724409448819 503.1496062992126 113.66929133858268 28.913385826771652 Æbutia
559.8425196850394 503.1496062992126 193.3228346456693 28.913385826771652 accita
707.8110236220473 503.1496062992126 45.354330708661415 28.913385826771652 ad

47.338582677165356 538.8661417322835 161.29133858267716 28.913385826771652 Sulpiciam
171.49606299212599 538.8661417322835 124.15748031496064 28.913385826771652 venit.
258.23622047244095 538.8661417322835 124.15748031496064 28.913385826771652 Ebutia
344.9763779527559 538.8661417322835 99.21259842519684 28.913385826771652 vint
407.0551181102362 538.8661417322835 136.3464566929134 28.913385826771652 trouver
506.26771653543307 538.8661417322835 148.8188976377953 28.913385826771652 Sulpicie
617.9527559055118 538.8661417322835 111.68503937007874 28.913385826771652 comme
680.0314960629921 538.8661417322835 74.55118110236221 28.913385826771652 elle

47.90551181102362 574.0157480314961 85.32283464566929 28.346456692913385 l’en
101.48031496062993 574.0157480314961 96.09448818897638 28.346456692913385 avait
165.54330708661416 574.0157480314961 106.86614173228347 28.346456692913385 priée.
240.09448818897638 574.0157480314961 85.32283464566929 28.346456692913385 Mais
293.6692913385827 574.0157480314961 74.83464566929133 28.346456692913385 12.
336.18897637795277 574.0157480314961 64.06299212598425 28.346456692913385 Ut
368.2204724409449 574.0157480314961 128.1259842519685 28.346456692913385 Hispalam
464.31496062992125 574.0157480314961 181.41732283464566 28.346456692913385 libertinam
603.2125984251968 574.0157480314961 149.38582677165354 28.346456692913385 arcesse

49.039370078740156 608.0314960629921 142.86614173228347 28.913385826771652 ret
161.29133858267716 608.0314960629921 61.22834645669291 28.913385826771652 ad
191.90551181102362 608.0314960629921 91.84251968503936 28.913385826771652 sese.
252.8503937007874 608.0314960629921 81.63779527559055 28.913385826771652 Afin
303.87401574803147 608.0314960629921 61.22834645669291 28.913385826771652 de
334.48818897637796 608.0314960629921 91.84251968503936 28.913385826771652 faire
395.7165354330709 608.0314960629921 91.84251968503936 28.913385826771652 venir
456.9448818897638 608.0314960629921 162.99212598425197 28.913385826771652 l’affranchie
579.1181102362204 608.0314960629921 102.04724409448819 28.913385826771652 Hispala.

78.51968503937007 643.1811023622047 65.19685039370079 28.913385826771652 2.
111.11811023622047 643.1811023622047 217.41732283464566 28.913385826771652 Arcessere
295.65354330708664 643.1811023622047 152.2204724409449 28.913385826771652 signifiait
415.2755905511811 643.1811023622047 184.8188976377953 28.913385826771652 primitivement
567.2125984251968 643.1811023622047 119.62204724409449 28.913385826771652 pousser
654.2362204724409 643.1811023622047 54.425196850393704 28.913385826771652 à
665.007874015748 643.1811023622047 87.02362204724409 28.913385826771652 venir;

49.60629921259842 678.8976377952756 227.33858267716536 26.64566929133858 accersere,
244.3464566929134 678.8976377952756 54.14173228346457 26.64566929133858 à
266.1732283464567 678.8976377952756 129.82677165354332 26.64566929133858 accourir
363.40157480314963 678.8976377952756 64.91338582677166 26.64566929133858 en
396.0 678.8976377952756 97.51181102362204 26.64566929133858 toute
460.9133858267717 678.8976377952756 97.51181102362204 26.64566929133858 hâte;
525.8267716535433 678.8976377952756 86.74015748031496 26.64566929133858 mais
579.9685039370079 678.8976377952756 64.91338582677166 26.64566929133858 la
601.511811023622 678.8976377952756 151.6535433070866 26.64566929133858 ressemblance

48.75590551181102 713.4803149606299 73.13385826771653 23.244094488188978 de
85.32283464566929 713.4803149606299 85.32283464566929 23.244094488188978 son
134.07874015748033 713.4803149606299 60.94488188976378 23.244094488188978 a
158.45669291338584 713.4803149606299 97.51181102362204 23.244094488188978 fait
219.4015748031496 713.4803149606299 158.45669291338584 23.244094488188978 confondre
341.29133858267716 713.4803149606299 85.32283464566929 23.244094488188978 les
390.0472440944882 713.4803149606299 97.51181102362204 23.244094488188978 deux
438.8031496062992 713.4803149606299 85.32283464566929 23.244094488188978 mots.

46.20472440944882 767.3385826771654 96.66141732283465 28.346456692913385 ARCTUS,
116.50393700787401 767.3385826771654 52.724409448818896 28.346456692913385 v.
134.07874015748033 767.3385826771654 158.45669291338584 28.346456692913385 Angustus.

78.80314960629921 818.3622047244095 127.84251968503936 27.212598425196852 ARDERE.
171.7795275590551 818.3622047244095 151.08661417322836 27.212598425196852 FLAGRARE.
288.0 818.3622047244095 209.1968503937008 27.212598425196852 Ardere,
462.61417322834643 818.3622047244095 116.22047244094489 27.212598425196852 brûler
543.9685039370079 818.3622047244095 104.5984251968504 27.212598425196852 comme
613.7007874015748 818.3622047244095 69.73228346456693 27.212598425196852 un
636.9448818897638 818.3622047244095 116.22047244094489 27.212598425196852 brasier,

50.173228346456696 851.8110236220473 117.63779527559055 30.614173228346456 αἴθειν;
135.7795275590551 851.8110236220473 213.73228346456693 30.614173228346456 flagrare,
317.4803149606299 851.8110236220473 85.60629921259843 30.614173228346456 être
370.7716535433071 851.8110236220473 64.06299212598425 30.614173228346456 en
402.8031496062992 851.8110236220473 128.1259842519685 30.614173228346456 flammes,
498.8976377952756 851.8110236220473 96.09448818897638 30.614173228346456 comme
563.2440944881889 851.8110236220473 149.66929133858267 30.614173228346456 φλέγεσθαι.
680.5984251968504 851.8110236220473 64.06299212598425 30.614173228346456 Au
702.1417322834645 851.8110236220473 53.29133858267716 30.614173228346456 fi-

51.023622047244096 886.9606299212599 89.29133858267717 29.480314960629922 guré,
110.55118110236221 886.9606299212599 168.66141732283464 29.480314960629922 ardere
249.4488188976378 886.9606299212599 99.21259842519684 29.480314960629922 marque
318.8976377952756 886.9606299212599 69.44881889763779 29.480314960629922 une
358.5826771653543 886.9606299212599 109.13385826771653 29.480314960629922 passion
437.9527559055118 886.9606299212599 69.44881889763779 29.480314960629922 qui
477.6377952755906 886.9606299212599 99.21259842519684 29.480314960629922 couve;
547.0866141732283 886.9606299212599 198.4251968503937 29.480314960629922 flagrare,
705.8267716535433 886.9606299212599 49.60629921259842 29.480314960629922 une

50.45669291338583 921.5433070866142 133.79527559055117 28.913385826771652 passion
147.68503937007873 921.5433070866142 85.03937007874016 28.913385826771652 qui
196.44094488188978 921.5433070866142 133.79527559055117 28.913385826771652 éclate.
293.6692913385827 921.5433070866142 97.22834645669292 28.913385826771652 Cic.
354.3307086614173 921.5433070866142 85.03937007874016 28.913385826771652 Or.
403.0866141732283 921.5433070866142 97.22834645669292 28.913385826771652 III,
463.748031496063 921.5433070866142 72.85039370078741 28.913385826771652 2,
500.31496062992125 921.5433070866142 72.85039370078741 28.913385826771652 8.
536.5984251968504 921.5433070866142 85.03937007874016 28.913385826771652 Non
585.3543307086615 921.5433070866142 109.41732283464567 28.913385826771652 vidit
646.0157480314961 921.5433070866142 109.41732283464567 28.913385826771652 Crassus

52.724409448818896 956.6929133858267 210.61417322834646 28.913385826771652 flagrantem
233.00787401574803 956.6929133858267 90.14173228346456 28.913385826771652 bello
293.1023622047244 956.6929133858267 120.18897637795276 28.913385826771652 Italiam,
383.5275590551181 956.6929133858267 70.2992125984252 28.913385826771652 non
423.496062992126 956.6929133858267 190.48818897637796 28.913385826771652 ardentem
583.9370078740158 956.6929133858267 110.26771653543307 28.913385826771652 invidia
653.9527559055118 956.6929133858267 100.34645669291339 28.913385826771652 senatum.

51.30708661417323 992.4094488188977 136.06299212598427 28.346456692913385 Crassus
150.51968503937007 992.4094488188977 86.74015748031496 28.346456692913385 n’a
199.84251968503938 992.4094488188977 74.26771653543307 28.346456692913385 vu
236.9763779527559 992.4094488188977 74.26771653543307 28.346456692913385 ni
274.1102362204724 992.4094488188977 148.53543307086613 28.346456692913385 l’Italie
385.51181102362204 992.4094488188977 136.06299212598427 28.346456692913385 dévorée
484.4409448818898 992.4094488188977 86.74015748031496 28.346456692913385 par
533.7637795275591 992.4094488188977 86.74015748031496 28.346456692913385 les
583.3700787401575 992.4094488188977 136.06299212598427 28.346456692913385 flammes
682.2992125984252 992.4094488188977 74.26771653543307 28.346456692913385 de
706.9606299212599 992.4094488188977 49.60629921259842 28.346456692913385 la

52.15748031496063 1026.4251968503936 129.25984251968504 29.480314960629922 guerre,
145.98425196850394 1026.4251968503936 70.58267716535433 29.480314960629922 ni
181.41732283464566 1026.4251968503936 70.58267716535433 29.480314960629922 le
216.56692913385828 1026.4251968503936 105.73228346456693 29.480314960629922 sénat
287.1496062992126 1026.4251968503936 129.25984251968504 29.480314960629922 consumé
381.25984251968504 1026.4251968503936 82.20472440944881 29.480314960629922 par
428.31496062992125 1026.4251968503936 70.58267716535433 29.480314960629922 le
463.46456692913387 1026.4251968503936 82.20472440944881 29.480314960629922 feu
510.5196850393701 1026.4251968503936 70.58267716535433 29.480314960629922 de
545.9527559055118 1026.4251968503936 70.58267716535433 29.480314960629922 la
569.4803149606299 1026.4251968503936 129.25984251968504 29.480314960629922 jalousie.

81.35433070866142 1060.4409448818897 119.90551181102362 29.480314960629922 ARDUUS.
168.3779527559055 1060.4409448818897 163.55905511811022 29.480314960629922 DIFFICILIS.
299.33858267716533 1060.4409448818897 196.15748031496062 29.480314960629922 Arduus,
462.8976377952756 1060.4409448818897 141.73228346456693 29.480314960629922 difficile
571.7480314960629 1060.4409448818897 54.425196850393704 29.480314960629922 à
593.5748031496063 1060.4409448818897 152.50393700787401 29.480314960629922 atteindre,
702.7086614173228 1060.4409448818897 54.425196850393704 29.480314960629922 par

54.14173228346457 1095.5905511811025 132.9448818897638 30.04724409448819 opposition
158.74015748031496 1095.5905511811025 47.62204724409449 30.04724409448819 à
177.73228346456693 1095.5905511811025 170.9291338582677 30.04724409448819 pronus;
320.31496062992125 1095.5905511811025 208.91338582677164 30.04724409448819 difficilis,
500.59842519685037 1095.5905511811025 47.62204724409449 30.04724409448819 à
519.5905511811023 1095.5905511811025 123.59055118110236 30.04724409448819 exécuter,
614.5511811023622 1095.5905511811025 66.61417322834646 30.04724409448819 par
643.1811023622047 1095.5905511811025 113.95275590551181 30.04724409448819 opposition

55.275590551181104 1130.740157480315 48.75590551181102 30.04724409448819 à
74.55118110236221 1130.740157480315 185.38582677165354 30.04724409448819 facilis.
230.74015748031496 1130.740157480315 165.82677165354332 30.04724409448819 Arduus
367.37007874015745 1130.740157480315 68.31496062992126 30.04724409448819 est
406.48818897637796 1130.740157480315 136.62992125984252 30.04724409448819 d’ailleurs
513.6377952755905 1130.740157480315 58.67716535433071 30.04724409448819 le
543.1181102362204 1130.740157480315 87.8740157480315 30.04724409448819 terme
601.511811023622 1130.740157480315 58.67716535433071 30.04724409448819 le
630.992125984252 1130.740157480315 77.95275590551181 30.04724409448819 plus
679.7480314960629 1130.740157480315 77.95275590551181 30.04724409448819 fort
718.5826771653543 1130.740157480315 39.118110236220474 30.04724409448819 et

53.574803149606296 1165.3228346456692 125.5748031496063 29.480314960629922 marque
141.4488188976378 1165.3228346456692 87.8740157480315 29.480314960629922 une
191.6220472440945 1165.3228346456692 176.03149606299212 29.480314960629922 difficulté
329.9527559055118 1165.3228346456692 138.33070866141733 29.480314960629922 voisine
430.2992125984252 1165.3228346456692 75.4015748031496 29.480314960629922 de
468.0 1165.3228346456692 251.43307086614172 29.480314960629922 l’impossibilité.
669.2598425196851 1165.3228346456692 87.8740157480315 29.480314960629922 PLIN.

54.425196850393704 1200.4724409448818 69.73228346456693 29.480314960629922 Ep.
94.11023622047244 1200.4724409448818 69.73228346456693 29.480314960629922 VI,
134.07874015748033 1200.4724409448818 69.73228346456693 29.480314960629922 17.
173.76377952755905 1200.4724409448818 69.73228346456693 29.480314960629922 Est
213.73228346456693 1200.4724409448818 79.65354330708661 29.480314960629922 enim
263.33858267716533 1200.4724409448818 69.73228346456693 29.480314960629922 res
303.3070866141732 1200.4724409448818 219.11811023622047 29.480314960629922 difficilis,
492.37795275590554 1200.4724409448818 169.22834645669292 29.480314960629922 ardua.
631.8425196850394 1200.4724409448818 59.811023622047244 29.480314960629922 La
661.6062992125984 1200.4724409448818 89.5748031496063 29.480314960629922 chose
711.2125984251968 1200.4724409448818 49.889763779527556 29.480314960629922 est

55.55905511811024 1235.0551181102362 117.07086614173228 28.346456692913385 pleine
137.48031496062993 1235.0551181102362 70.2992125984252 28.346456692913385 de
172.62992125984252 1235.0551181102362 175.748031496063 28.346456692913385 difficultés
313.2283464566929 1235.0551181102362 70.2992125984252 28.346456692913385 et
348.37795275590554 1235.0551181102362 187.37007874015748 28.346456692913385 d’obstacles.
500.59842519685037 1235.0551181102362 93.8267716535433 28.346456692913385 TAC.
559.2755905511812 1235.0551181102362 70.2992125984252 28.346456692913385 H.
594.1417322834645 1235.0551181102362 81.92125984251969 28.346456692913385 II,
641.1968503937007 1235.0551181102362 81.92125984251969 28.346456692913385 76.
676.3464566929134 1235.0551181102362 81.92125984251969 28.346456692913385 Æsti-

54.99212598425197 1268.5039370078741 102.33070866141732 31.181102362204726 mare
119.05511811023622 1268.5039370078741 128.1259842519685 31.181102362204726 debent
208.62992125984252 1268.5039370078741 76.81889763779527 31.181102362204726 an
247.1811023622047 1268.5039370078741 102.33070866141732 31.181102362204726 quod
311.244094488189 1268.5039370078741 179.43307086614172 31.181102362204726 inchoatur,
452.12598425196853 1268.5039370078741 179.43307086614172 31.181102362204726 reipublicæ
593.007874015748 1268.5039370078741 128.1259842519685 31.181102362204726 utile,
669.8267716535433 1268.5039370078741 89.5748031496063 31.181102362204726 ipsis

313.51181102362204 1358.6456692913387 115.08661417322834 34.58267716535433 Digitized
401.9527559055118 1358.6456692913387 53.29133858267716 34.58267716535433 by
419.81102362204723 1358.6456692913387 70.86614173228347 34.58267716535433 Google
