839.0551181102362 1397.1968503937007
46.77165354330709 89.29133858267717 39.118110236220474 19.275590551181104 2

348.09448818897636 92.1259842519685 117.07086614173228 16.440944881889763 MANUEL

91.84251968503936 134.07874015748033 133.22834645669292 27.77952755905512 ABOLERE.
191.90551181102362 134.07874015748033 122.1732283464567 27.77952755905512 DELERE.
280.62992125984255 134.07874015748033 211.1811023622047 27.77952755905512 Abolere,
458.3622047244094 134.07874015748033 144.56692913385828 27.77952755905512 anéantir,
569.4803149606299 134.07874015748033 100.06299212598425 27.77952755905512 faire
625.0393700787401 134.07874015748033 144.56692913385828 27.77952755905512 disparaître

62.92913385826772 168.66141732283464 76.81889763779527 30.614173228346456 et
101.19685039370079 168.66141732283464 140.88188976377953 30.614173228346456 plonger
203.81102362204723 168.66141732283464 102.61417322834646 30.614173228346456 dans
267.87401574803147 168.66141732283464 140.88188976377953 30.614173228346456 l’oubli
370.48818897637796 168.66141732283464 89.85826771653544 30.614173228346456 par
421.79527559055117 168.66141732283464 102.61417322834646 30.614173228346456 tous
485.8582677165354 168.66141732283464 89.85826771653544 30.614173228346456 les
537.1653543307086 168.66141732283464 128.1259842519685 30.614173228346456 moyens
613.9842519685039 168.66141732283464 153.92125984251967 30.614173228346456 possibles;

62.645669291338585 203.24409448818898 192.75590551181102 27.77952755905512 delere,
223.37007874015748 203.24409448818898 139.1811023622047 27.77952755905512 détruire,
330.23622047244095 203.24409448818898 107.14960629921259 27.77952755905512 mettre
405.07086614173227 203.24409448818898 64.34645669291339 27.77952755905512 en
437.38582677165357 203.24409448818898 117.63779527559055 27.77952755905512 mauvais
522.992125984252 203.24409448818898 96.37795275590551 27.77952755905512 état,
587.0551181102362 203.24409448818898 85.60629921259843 27.77952755905512 hors
640.6299212598425 203.24409448818898 64.34645669291339 27.77952755905512 de
661.8897637795276 203.24409448818898 107.14960629921259 27.77952755905512 service.

63.496062992125985 237.82677165354332 176.5984251968504 28.913385826771652 Abolere
210.61417322834646 237.82677165354332 58.960629921259844 28.913385826771652 se
240.09448818897638 237.82677165354332 68.5984251968504 28.913385826771652 dit
279.21259842519686 237.82677165354332 98.07874015748031 28.913385826771652 plutôt
348.09448818897636 237.82677165354332 68.5984251968504 28.913385826771652 des
387.21259842519686 237.82677165354332 98.07874015748031 28.913385826771652 œuvres
455.81102362204723 237.82677165354332 58.960629921259844 28.913385826771652 de
485.29133858267716 237.82677165354332 127.55905511811024 28.913385826771652 l’esprit;
583.3700787401575 237.82677165354332 176.5984251968504 28.913385826771652 delere,
720.5669291338583 237.82677165354332 49.039370078740156 28.913385826771652 des

64.06299212598425 271.84251968503935 97.79527559055119 30.04724409448819 objets
132.66141732283464 271.84251968503935 136.91338582677164 30.04724409448819 matériels.
240.3779527559055 271.84251968503935 88.15748031496064 30.04724409448819 Leges
299.0551181102362 271.84251968503935 205.51181102362204 30.04724409448819 abolentur,
475.37007874015745 271.84251968503935 88.15748031496064 30.04724409448819 urbes
534.0472440944882 271.84251968503935 195.8740157480315 30.04724409448819 delentur.
700.4409448818898 271.84251968503935 58.67716535433071 30.04724409448819 On
720.0 271.84251968503935 49.039370078740156 30.04724409448819 an-

62.92913385826772 306.4251968503937 87.30708661417323 28.346456692913385 nule
117.63779527559055 306.4251968503937 76.53543307086615 28.346456692913385 les
161.29133858267716 306.4251968503937 98.36220472440945 28.346456692913385 lois,
227.0551181102362 306.4251968503937 65.48031496062993 28.346456692913385 on
259.65354330708664 306.4251968503937 120.18897637795276 28.346456692913385 détruit
347.244094488189 306.4251968503937 76.53543307086615 28.346456692913385 les
379.84251968503935 306.4251968503937 98.36220472440945 28.346456692913385 villes.

88.44094488188976 341.5748031496063 161.00787401574803 28.913385826771652 ABOMINARI.
215.1496062992126 341.5748031496063 161.00787401574803 28.913385826771652 EXSECRARI.
341.5748031496063 341.5748031496063 161.00787401574803 28.913385826771652 DETESTARI.
468.2834645669291 341.5748031496063 241.51181102362204 28.913385826771652 Abominari,
663.8740157480315 341.5748031496063 103.46456692913385 28.913385826771652 repous-

60.09448818897638 376.7244094488189 85.60629921259843 28.913385826771652 ser
108.85039370078741 376.7244094488189 73.41732283464567 28.913385826771652 un
145.70078740157481 376.7244094488189 134.36220472440945 28.913385826771652 présage
243.49606299212599 376.7244094488189 85.60629921259843 28.913385826771652 qui
292.251968503937 376.7244094488189 97.79527559055119 28.913385826771652 fait
353.4803149606299 376.7244094488189 146.5511811023622 28.913385826771652 horreur,
463.46456692913387 376.7244094488189 146.5511811023622 28.913385826771652 chercher
573.4488188976378 376.7244094488189 61.22834645669291 28.913385826771652 à
597.8267716535433 376.7244094488189 159.0236220472441 28.913385826771652 détourner
707.8110236220473 376.7244094488189 61.22834645669291 28.913385826771652 par

59.52755905511811 411.3070866141732 88.44094488188976 28.913385826771652 une
110.26771653543307 411.3070866141732 151.6535433070866 28.913385826771652 pratique
223.93700787401573 411.3070866141732 177.16535433070865 28.913385826771652 religieuse
363.11811023622045 411.3070866141732 75.96850393700787 28.913385826771652 un
401.1023622047244 411.3070866141732 139.1811023622047 28.913385826771652 malheur
502.2992125984252 411.3070866141732 88.44094488188976 28.913385826771652 qui
552.7559055118111 411.3070866141732 101.19685039370079 28.913385826771652 nous
616.2519685039371 411.3070866141732 139.1811023622047 28.913385826771652 menace,
704.6929133858267 411.3070866141732 63.21259842519685 28.913385826771652 par

62.07874015748032 445.8897637795276 135.49606299212599 29.480314960629922 opposition
168.66141732283464 445.8897637795276 48.47244094488189 29.480314960629922 à
187.93700787401573 445.8897637795276 106.58267716535433 29.480314960629922 omen
265.3228346456693 445.8897637795276 164.69291338582678 29.480314960629922 accipere;
401.1023622047244 445.8897637795276 203.5275590551181 29.480314960629922 exsecrari,
575.4330708661417 445.8897637795276 106.58267716535433 29.480314960629922 maudire
652.8188976377953 445.8897637795276 58.110236220472444 29.480314960629922 en
672.0944881889764 445.8897637795276 96.94488188976378 29.480314960629922 excluant

58.67716535433071 480.4724409448819 78.80314960629921 28.913385826771652 un
98.07874015748031 480.4724409448819 157.88976377952756 28.913385826771652 coupable
216.28346456692913 480.4724409448819 78.80314960629921 28.913385826771652 de
255.68503937007873 480.4724409448819 78.80314960629921 28.913385826771652 la
295.0866141732283 480.4724409448819 144.56692913385828 28.913385826771652 société
400.251968503937 480.4724409448819 92.1259842519685 28.913385826771652 des
452.9763779527559 480.4724409448819 144.56692913385828 28.913385826771652 hommes,
558.1417322834645 480.4724409448819 78.80314960629921 28.913385826771652 en
597.5433070866142 480.4724409448819 78.80314960629921 28.913385826771652 le
623.9055118110236 480.4724409448819 144.56692913385828 28.913385826771652 déclarant

59.811023622047244 514.488188976378 182.26771653543307 28.913385826771652 sacer,
210.04724409448818 514.488188976378 64.34645669291339 28.913385826771652 en
242.07874015748033 514.488188976378 64.34645669291339 28.913385826771652 le
274.1102362204724 514.488188976378 128.69291338582678 28.913385826771652 dévouant
370.7716535433071 514.488188976378 75.11811023622047 28.913385826771652 aux
413.5748031496063 514.488188976378 96.37795275590551 28.913385826771652 dieux
477.9212598425197 514.488188976378 75.11811023622047 28.913385826771652 des
520.7244094488188 514.488188976378 117.92125984251969 28.913385826771652 enfers,
606.6141732283464 514.488188976378 75.11811023622047 28.913385826771652 par
638.6456692913385 514.488188976378 128.69291338582678 28.913385826771652 opposition

58.67716535433071 550.2047244094488 54.425196850393704 28.346456692913385 à
80.22047244094489 550.2047244094488 109.13385826771653 28.346456692913385 bénir;
156.75590551181102 550.2047244094488 98.07874015748031 28.346456692913385 enfin
222.23622047244095 550.2047244094488 229.03937007874015 28.346456692913385 detestari,
418.3937007874016 550.2047244094488 130.96062992125985 28.346456692913385 chercher
516.4724409448819 550.2047244094488 54.425196850393704 28.346456692913385 à
538.2992125984252 550.2047244094488 130.96062992125985 28.346456692913385 éloigner
636.3779527559055 550.2047244094488 65.48031496062993 28.346456692913385 de
669.2598425196851 550.2047244094488 98.07874015748031 28.346456692913385 nous,
723.6850393700787 550.2047244094488 43.653543307086615 28.346456692913385 en

57.54330708661417 584.7874015748032 177.4488188976378 29.480314960629922 invoquant
193.88976377952756 584.7874015748032 95.5275590551181 29.480314960629922 les
248.5984251968504 584.7874015748032 136.62992125984252 29.480314960629922 dieux,
344.12598425196853 584.7874015748032 81.92125984251969 29.480314960629922 un
385.2283464566929 584.7874015748032 136.62992125984252 29.480314960629922 danger
480.755905511811 584.7874015748032 109.13385826771653 29.480314960629922 dont
548.7874015748032 584.7874015748032 109.13385826771653 29.480314960629922 nous
617.1023622047244 584.7874015748032 136.62992125984252 29.480314960629922 menace
699.0236220472441 584.7874015748032 68.31496062992126 29.480314960629922 une

57.25984251968504 619.3700787401575 151.6535433070866 29.480314960629922 personne
171.21259842519686 619.3700787401575 75.96850393700787 29.480314960629922 ou
209.1968503937008 619.3700787401575 88.44094488188976 29.480314960629922 une
259.65354330708664 619.3700787401575 126.4251968503937 29.480314960629922 chose;
348.37795275590554 619.3700787401575 75.96850393700787 29.480314960629922 il
386.0787401574803 619.3700787401575 63.21259842519685 29.480314960629922 a
411.59055118110234 619.3700787401575 101.19685039370079 29.480314960629922 pour
474.8031496062992 619.3700787401575 126.4251968503937 29.480314960629922 opposé
563.2440944881889 619.3700787401575 139.1811023622047 29.480314960629922 appeler
664.4409448818898 619.3700787401575 88.44094488188976 29.480314960629922 par
702.4251968503937 619.3700787401575 63.21259842519685 29.480314960629922 ses

45.92125984251968 655.6535433070866 114.80314960629921 27.77952755905512 prières.

60.661417322834644 702.1417322834645 150.23622047244095 26.64566929133858 ABSCONDERE,
180.8503937007874 702.1417322834645 60.09448818897638 26.64566929133858 v.
210.89763779527559 702.1417322834645 180.28346456692913 26.64566929133858 Celare.
361.13385826771656 702.1417322834645 140.31496062992127 26.64566929133858 ABSOLVERE,
471.40157480314963 702.1417322834645 60.09448818897638 26.64566929133858 v.
491.244094488189 702.1417322834645 160.44094488188978 26.64566929133858 Finire.

60.661417322834644 733.8897637795276 140.03149606299212 24.37795275590551 ABSTINENTIA,
174.61417322834646 733.8897637795276 52.44094488188976 24.37795275590551 v.
192.18897637795277 733.8897637795276 131.24409448818898 24.37795275590551 Modus.

85.60629921259843 789.4488188976378 149.95275590551182 27.212598425196852 ABUNDARE.
201.25984251968504 789.4488188976378 161.5748031496063 27.212598425196852 REDUNDARE.
327.9685039370079 789.4488188976378 230.74015748031496 27.212598425196852 Abundare,
524.4094488188977 789.4488188976378 138.61417322834646 27.212598425196852 abonder,
628.1574803149606 789.4488188976378 104.03149606299213 27.212598425196852 sert,
685.9842519685039 789.4488188976378 80.78740157480316 27.212598425196852 comme

56.69291338582677 822.8976377952756 171.21259842519686 30.614173228346456 περιεῖναι,
191.0551181102362 822.8976377952756 61.22834645669291 30.614173228346456 à
215.43307086614172 822.8976377952756 122.1732283464567 30.614173228346456 parler
301.03937007874015 822.8976377952756 97.79527559055119 30.614173228346456 avec
362.26771653543307 822.8976377952756 109.98425196850394 30.614173228346456 éloge
435.68503937007875 822.8976377952756 73.41732283464567 30.614173228346456 de
472.251968503937 822.8976377952756 183.4015748031496 30.614173228346456 l’abondance
619.0866141732283 822.8976377952756 109.98425196850394 30.614173228346456 prise
680.0314960629921 822.8976377952756 85.60629921259843 30.614173228346456 comme

58.110236220472444 858.0472440944882 67.46456692913385 28.913385826771652 un
91.84251968503936 858.0472440944882 123.59055118110236 28.913385826771652 symbole
181.70078740157481 858.0472440944882 67.46456692913385 28.913385826771652 de
215.43307086614172 858.0472440944882 145.98425196850394 28.913385826771652 plénitude
327.68503937007875 858.0472440944882 67.46456692913385 28.913385826771652 et
361.4173228346457 858.0472440944882 67.46456692913385 28.913385826771652 de
395.1496062992126 858.0472440944882 145.98425196850394 28.913385826771652 richesse;
507.40157480314963 858.0472440944882 235.84251968503938 28.913385826771652 redundare,
698.1732283464567 858.0472440944882 67.46456692913385 28.913385826771652 sur-

56.125984251968504 893.1968503937007 154.20472440944883 30.04724409448819 abonder,
171.7795275590551 893.1968503937007 77.10236220472441 30.04724409448819 se
210.33070866141733 893.1968503937007 115.65354330708661 30.04724409448819 prend
287.43307086614175 893.1968503937007 77.10236220472441 30.04724409448819 en
325.98425196850394 893.1968503937007 154.20472440944883 30.04724409448819 mauvaise
441.6377952755906 893.1968503937007 115.65354330708661 30.04724409448819 part,
518.7401574803149 893.1968503937007 115.65354330708661 30.04724409448819 comme
582.8031496062993 893.1968503937007 180.0 30.04724409448819 περισσεύειν;

55.84251968503937 927.2125984251968 78.80314960629921 29.480314960629922 la
95.24409448818898 927.2125984251968 209.76377952755905 29.480314960629922 surabondance
265.6062992125984 927.2125984251968 91.84251968503936 29.480314960629922 est
318.0472440944882 927.2125984251968 117.92125984251969 29.480314960629922 prise
396.8503937007874 927.2125984251968 117.92125984251969 29.480314960629922 comme
475.37007874015745 927.2125984251968 78.80314960629921 29.480314960629922 le
514.7716535433071 927.2125984251968 144.28346456692913 29.480314960629922 symbole
619.6535433070866 927.2125984251968 78.80314960629921 29.480314960629922 de
646.0157480314961 927.2125984251968 117.92125984251969 29.480314960629922 l’excès

59.24409448818898 962.3622047244095 57.25984251968504 30.04724409448819 et
87.8740157480315 962.3622047244095 57.25984251968504 30.04724409448819 du
116.50393700787401 962.3622047244095 85.88976377952756 30.04724409448819 luxe.
173.76377952755905 962.3622047244095 200.1259842519685 30.04724409448819 L'abundans
345.25984251968504 962.3622047244095 95.24409448818898 30.04724409448819 existe
411.87401574803147 962.3622047244095 57.25984251968504 30.04724409448819 en
440.503937007874 962.3622047244095 95.24409448818898 30.04724409448819 grande
507.11811023622045 962.3622047244095 123.8740157480315 30.04724409448819 quantité,
602.6456692913385 962.3622047244095 57.25984251968504 30.04724409448819 le
621.6377952755905 962.3622047244095 142.86614173228347 30.04724409448819 redun

57.826771653543304 996.9448818897638 140.5984251968504 28.346456692913385 dans
170.36220472440945 996.9448818897638 65.48031496062993 28.346456692913385 est
207.7795275590551 996.9448818897638 112.53543307086615 28.346456692913385 superflu
291.9685039370079 996.9448818897638 56.125984251968504 28.346456692913385 et
310.6771653543307 996.9448818897638 93.8267716535433 28.346456692913385 inutile.

56.976377952755904 1049.1023622047244 119.33858267716535 26.64566929133858 ABUNDE,
143.71653543307087 1049.1023622047244 65.19685039370079 26.64566929133858 v.
176.31496062992127 1049.1023622047244 184.53543307086613 26.64566929133858 Satis.
328.251968503937 1049.1023622047244 75.96850393700787 26.64566929133858 Ac,
371.62204724409446 1049.1023622047244 65.19685039370079 26.64566929133858 v.
393.4488188976378 1049.1023622047244 130.11023622047244 26.64566929133858 Et.

81.35433070866142 1106.3622047244094 191.0551181102362 23.244094488188978 ACCENDERE.
231.30708661417322 1106.3622047244094 191.0551181102362 23.244094488188978 INCENDERE.
381.54330708661416 1106.3622047244094 204.66141732283464 23.244094488188978 INFLAMMARE.
545.1023622047244 1106.3622047244094 191.0551181102362 23.244094488188978 COMBURERE.
681.4488188976378 1106.3622047244094 81.92125984251969 23.244094488188978 CRE-

58.110236220472444 1140.9448818897638 81.07086614173228 30.04724409448819 MARE.
112.25196850393701 1140.9448818897638 189.35433070866142 30.04724409448819 Accendere,
274.3937007874016 1140.9448818897638 180.28346456692913 30.04724409448819 incendere
427.748031496063 1140.9448818897638 54.14173228346457 30.04724409448819 et
454.6771653543307 1140.9448818897638 198.14173228346456 30.04724409448819 inflammare,
625.8897637795276 1140.9448818897638 90.14173228346456 30.04724409448819 mettre
689.1023622047244 1140.9448818897638 54.14173228346457 30.04724409448819 le
706.9606299212599 1140.9448818897638 54.14173228346457 30.04724409448819 feu:

55.84251968503937 1174.9606299212599 235.55905511811022 30.04724409448819 accendere,
257.9527559055118 1174.9606299212599 78.51968503937007 30.04724409448819 par
302.74015748031496 1174.9606299212599 112.25196850393701 30.04724409448819 dehors
381.25984251968504 1174.9606299212599 67.18110236220473 30.04724409448819 et
414.99212598425197 1174.9606299212599 78.51968503937007 30.04724409448819 par
459.7795275590551 1174.9606299212599 67.18110236220473 30.04724409448819 un
493.51181102362204 1174.9606299212599 89.85826771653544 30.04724409448819 seul
549.6377952755905 1174.9606299212599 112.25196850393701 30.04724409448819 point,
628.1574803149606 1174.9606299212599 100.91338582677166 30.04724409448819 comme
684.2834645669292 1174.9606299212599 78.51968503937007 30.04724409448819 allu-

57.25984251968504 1208.976377952756 88.15748031496064 31.181102362204726 mer,
112.25196850393701 1208.976377952756 143.1496062992126 31.181102362204726 ἀνάπτειν;
222.51968503937007 1208.976377952756 231.0236220472441 31.181102362204726 incendere,
420.37795275590554 1208.976377952756 77.10236220472441 31.181102362204726 par
464.59842519685037 1208.976377952756 66.04724409448819 31.181102362204726 le
497.4803149606299 1208.976377952756 121.03937007874016 31.181102362204726 dedans,
585.6377952755905 1208.976377952756 98.92913385826772 31.181102362204726 comme
640.6299212598425 1208.976377952756 121.03937007874016 31.181102362204726 ἐνδαίειν;

55.275590551181104 1243.5590551181103 246.89763779527559 31.748031496062993 inflammare,
268.7244094488189 1243.5590551181103 145.98425196850394 31.748031496062993 enflammer
380.9763779527559 1243.5590551181103 78.51968503937007 31.748031496062993 par
426.0472440944882 1243.5590551181103 67.46456692913385 31.748031496062993 le
459.496062992126 1243.5590551181103 112.25196850393701 31.748031496062993 dehors
538.2992125984252 1243.5590551181103 67.46456692913385 31.748031496062993 ou
572.0314960629921 1243.5590551181103 67.46456692913385 31.748031496062993 le
605.4803149606299 1243.5590551181103 123.59055118110236 31.748031496062993 dedans,
684.2834645669292 1243.5590551181103 78.51968503937007 31.748031496062993 comme
