839.0551181102362 1397.1968503937007
39.40157480314961 116.50393700787401 53.29133858267716 19.275590551181104 18

336.755905511811 117.63779527559055 114.23622047244095 17.007874015748033 MANUEL

54.99212598425197 159.59055118110237 159.0236220472441 30.04724409448819 tor.
182.26771653543307 159.59055118110237 84.75590551181102 30.04724409448819 Alba
235.2755905511811 159.59055118110237 84.75590551181102 30.04724409448819 dont
288.2834645669291 159.59055118110237 127.2755905511811 30.04724409448819 l’amitié
383.81102362204723 159.59055118110237 127.2755905511811 30.04724409448819 parfaite
479.33858267716533 159.59055118110237 138.04724409448818 30.04724409448819 s’élevait
585.3543307086615 159.59055118110237 95.5275590551181 30.04724409448819 alors
648.8503937007874 159.59055118110237 116.78740157480316 30.04724409448819 jusqu’à
723.1181102362204 159.59055118110237 42.51968503937008 30.04724409448819 la

52.724409448818896 194.17322834645668 159.59055118110237 27.77952755905512 constance
175.46456692913387 194.17322834645668 73.7007874015748 27.77952755905512 de
212.31496062992127 194.17322834645668 147.4015748031496 27.77952755905512 l’amour,
322.86614173228344 194.17322834645668 110.55118110236221 27.77952755905512 Tusc.
396.56692913385825 194.17322834645668 85.88976377952756 27.77952755905512 IV,
445.6062992125984 194.17322834645668 85.88976377952756 27.77952755905512 12.
494.92913385826773 194.17322834645668 110.55118110236221 27.77952755905512 Inter
568.6299212598425 194.17322834645668 196.44094488188978 27.77952755905512 ebriositatem
716.0314960629921 194.17322834645668 49.039370078740156 27.77952755905512 et

54.14173228346457 230.45669291338584 160.15748031496062 27.77952755905512 ebrietatem
180.0 230.45669291338584 148.8188976377953 27.77952755905512 interest,
294.23622047244095 230.45669291338584 137.1968503937008 27.77952755905512 aliudque
397.13385826771656 230.45669291338584 80.22047244094489 27.77952755905512 est
443.0551181102362 230.45669291338584 217.41732283464566 27.77952755905512 amatorem
626.1732283464567 230.45669291338584 102.89763779527559 27.77952755905512 esse,
683.1496062992126 230.45669291338584 80.22047244094489 27.77952755905512 aliud

55.275590551181104 263.90551181102364 204.09448818897638 28.913385826771652 amantem.
227.0551181102362 263.90551181102364 64.34645669291339 28.913385826771652 Je
259.37007874015745 263.90551181102364 85.88976377952756 28.913385826771652 fais
312.9448818897638 263.90551181102364 75.11811023622047 28.913385826771652 une
356.0314960629921 263.90551181102364 150.23622047244095 28.913385826771652 différence
473.9527559055118 263.90551181102364 96.66141732283465 28.913385826771652 entre
538.5826771653543 263.90551181102364 171.7795275590551 28.913385826771652 l’ivrognerie
678.0472440944882 263.90551181102364 64.34645669291339 28.913385826771652 et
699.5905511811023 263.90551181102364 64.34645669291339 28.913385826771652 l’i-

52.724409448818896 299.62204724409446 132.66141732283464 29.480314960629922 vresse,
149.38582677165354 299.62204724409446 72.28346456692914 29.480314960629922 je
185.38582677165354 299.62204724409446 156.75590551181102 29.480314960629922 distingue
305.8582677165354 299.62204724409446 132.66141732283464 29.480314960629922 l’amant
402.23622047244095 299.62204724409446 72.28346456692914 29.480314960629922 de
426.3307086614173 299.62204724409446 156.75590551181102 29.480314960629922 l’amoureux.

58.39370078740158 352.9133858267717 85.60629921259843 26.078740157480315 AMICUS,
120.4724409448819 352.9133858267717 46.77165354330709 26.078740157480315 v.
136.06299212598427 352.9133858267717 124.44094488188976 26.078740157480315 Socius.

83.90551181102362 404.503937007874 152.78740157480314 28.913385826771652 AMITTERE.
201.25984251968504 404.503937007874 140.88188976377953 28.913385826771652 PERDERE.
306.99212598425197 404.503937007874 140.88188976377953 28.913385826771652 JACTURA.
412.7244094488189 404.503937007874 70.58267716535433 28.913385826771652 1.
447.87401574803147 404.503937007874 234.99212598425197 28.913385826771652 Amittere,
647.7165354330708 404.503937007874 117.35433070866142 28.913385826771652 perdre
718.0157480314961 404.503937007874 47.05511811023622 28.913385826771652 en

55.275590551181104 438.5196850393701 74.55118110236221 29.480314960629922 ce
92.69291338582677 438.5196850393701 99.49606299212599 29.480314960629922 sens
154.77165354330708 438.5196850393701 87.02362204724409 29.480314960629922 que
204.3779527559055 438.5196850393701 136.62992125984252 29.480314960629922 l’objet
303.87401574803147 438.5196850393701 111.96850393700787 29.480314960629922 perdu
378.4251968503937 438.5196850393701 111.96850393700787 29.480314960629922 cesse
453.25984251968504 438.5196850393701 124.44094488188976 29.480314960629922 d’être
540.2834645669292 438.5196850393701 74.55118110236221 29.480314960629922 en
577.4173228346457 438.5196850393701 111.96850393700787 29.480314960629922 notre
639.496062992126 438.5196850393701 124.44094488188976 29.480314960629922 pouvoir,

58.110236220472444 473.1023622047244 87.30708661417323 29.480314960629922 comme
116.22047244094489 473.1023622047244 135.7795275590551 29.480314960629922 ἀποβαλεῖν,
223.08661417322836 473.1023622047244 68.03149606299213 29.480314960629922 par
261.6377952755906 473.1023622047244 135.7795275590551 29.480314960629922 opposition
368.503937007874 473.1023622047244 48.47244094488189 29.480314960629922 à
387.7795275590551 473.1023622047244 193.88976377952756 29.480314960629922 retinere;
552.7559055118111 473.1023622047244 184.251968503937 29.480314960629922 perdere,
708.0944881889764 473.1023622047244 58.110236220472444 29.480314960629922 en
727.3700787401575 473.1023622047244 38.83464566929134 29.480314960629922 ce

56.40944881889764 507.68503937007875 96.09448818897638 29.480314960629922 sens
116.50393700787401 507.68503937007875 84.18897637795276 29.480314960629922 que
164.40944881889763 507.68503937007875 132.3779527559055 29.480314960629922 l’objet
260.78740157480314 507.68503937007875 84.18897637795276 29.480314960629922 est
308.6929133858268 507.68503937007875 132.3779527559055 29.480314960629922 détruit
405.07086614173227 507.68503937007875 72.0 29.480314960629922 et
441.07086614173227 507.68503937007875 72.0 29.480314960629922 ne
477.07086614173227 507.68503937007875 96.09448818897638 29.480314960629922 peut
537.1653543307086 507.68503937007875 96.09448818897638 29.480314960629922 plus
597.2598425196851 507.68503937007875 120.18897637795276 29.480314960629922 servir
681.4488188976378 507.68503937007875 60.09448818897638 29.480314960629922 à
693.6377952755905 507.68503937007875 72.0 29.480314960629922 per-

57.25984251968504 541.7007874015748 116.22047244094489 29.480314960629922 sonne,
138.61417322834646 541.7007874015748 104.5984251968504 29.480314960629922 comme
208.3464566929134 541.7007874015748 151.08661417322836 29.480314960629922 διολέσαι,
324.2834645669291 541.7007874015748 81.35433070866142 29.480314960629922 par
370.7716535433071 541.7007874015748 162.70866141732284 29.480314960629922 opposition
498.61417322834643 541.7007874015748 58.110236220472444 29.480314960629922 à
521.8582677165355 541.7007874015748 220.53543307086613 29.480314960629922 servare.
695.9055118110236 541.7007874015748 69.73228346456693 29.480314960629922 TAC.

59.24409448818898 570.0472440944882 76.53543307086615 36.28346456692913 Ann.
107.14960629921259 570.0472440944882 66.89763779527559 36.28346456692913 II,
145.41732283464566 570.0472440944882 66.89763779527559 36.28346456692913 25.
183.68503937007873 570.0472440944882 172.3464566929134 36.28346456692913 Perdita
327.11811023622045 570.0472440944882 105.16535433070867 36.28346456692913 classe,
403.65354330708664 570.0472440944882 172.3464566929134 36.28346456692913 amissis
547.3700787401575 570.0472440944882 95.81102362204724 36.28346456692913 armis.
614.2677165354331 570.0472440944882 95.81102362204724 36.28346456692913 Malgré
681.1653543307086 570.0472440944882 57.54330708661417 36.28346456692913 la
700.4409448818898 570.0472440944882 66.89763779527559 36.28346456692913 ruine

57.54330708661417 612.0 68.31496062992126 28.346456692913385 de
91.55905511811024 612.0 91.2755905511811 28.346456692913385 leur
148.53543307086613 612.0 113.95275590551181 28.346456692913385 flotte
228.4724409448819 612.0 68.31496062992126 28.346456692913385 et
262.48818897637796 612.0 68.31496062992126 28.346456692913385 la
296.78740157480314 612.0 102.61417322834646 28.346456692913385 perte
365.1023622047244 612.0 68.31496062992126 28.346456692913385 de
399.40157480314963 612.0 102.61417322834646 28.346456692913385 leurs
456.09448818897636 612.0 91.2755905511811 28.346456692913385 armes.

87.8740157480315 646.5826771653543 60.09448818897638 29.480314960629922 2.
117.92125984251969 646.5826771653543 189.92125984251967 29.480314960629922 Amissio,
277.79527559055117 646.5826771653543 90.14173228346456 29.480314960629922 perte
337.8897637795276 646.5826771653543 170.07874015748033 29.480314960629922 involontaire;
477.9212598425197 646.5826771653543 189.92125984251967 29.480314960629922 jactura,
637.7952755905512 646.5826771653543 90.14173228346456 29.480314960629922 perte
687.9685039370079 646.5826771653543 79.93700787401575 29.480314960629922 volon-

56.976377952755904 681.1653543307086 112.53543307086615 30.614173228346456 taire
131.81102362204723 681.1653543307086 62.36220472440945 30.614173228346456 à
157.03937007874015 681.1653543307086 149.95275590551182 30.614173228346456 laquelle
269.29133858267716 681.1653543307086 74.83464566929133 30.614173228346456 on
306.70866141732284 681.1653543307086 74.83464566929133 30.614173228346456 se
344.40944881889766 681.1653543307086 137.48031496062993 30.614173228346456 soumet,
444.18897637795277 681.1653543307086 162.4251968503937 30.614173228346456 sacrifice
569.1968503937007 681.1653543307086 112.53543307086615 30.614173228346456 qu’on
644.0314960629921 681.1653543307086 100.06299212598425 30.614173228346456 fait
694.2047244094488 681.1653543307086 74.83464566929133 30.614173228346456 pour

57.54330708661417 716.8818897637796 129.54330708661416 29.480314960629922 éviter
148.251968503937 716.8818897637796 90.70866141732283 29.480314960629922 une
200.1259842519685 716.8818897637796 103.46456692913385 29.480314960629922 plus
264.755905511811 716.8818897637796 129.54330708661416 29.480314960629922 grande
355.46456692913387 716.8818897637796 129.54330708661416 29.480314960629922 perte,
445.8897637795276 716.8818897637796 64.62992125984252 29.480314960629922 à
471.9685039370079 716.8818897637796 168.3779527559055 29.480314960629922 l’exemple
601.2283464566929 716.8818897637796 77.66929133858268 29.480314960629922 du
640.0629921259842 716.8818897637796 116.50393700787401 29.480314960629922 marin
704.9763779527559 716.8818897637796 64.62992125984252 29.480314960629922 qui

54.14173228346457 752.0314960629921 113.10236220472441 28.913385826771652 jette
129.25984251968504 752.0314960629921 75.4015748031496 28.913385826771652 la
166.96062992125985 752.0314960629921 163.2755905511811 28.913385826771652 cargaison
292.53543307086613 752.0314960629921 175.748031496063 28.913385826771652 par-dessus
430.5826771653543 752.0314960629921 100.34645669291339 28.913385826771652 bord
493.51181102362204 752.0314960629921 100.34645669291339 28.913385826771652 pour
556.1574803149606 752.0314960629921 125.5748031496063 28.913385826771652 sauver
644.0314960629921 752.0314960629921 87.8740157480315 28.913385826771652 son
681.7322834645669 752.0314960629921 87.8740157480315 28.913385826771652 vais-

60.661417322834644 786.6141732283464 84.4724409448819 28.346456692913385 seau
113.38582677165354 786.6141732283464 63.496062992125985 28.346456692913385 et
145.13385826771653 786.6141732283464 63.496062992125985 28.346456692913385 sa
176.88188976377953 786.6141732283464 84.4724409448819 28.346456692913385 vie.
229.60629921259843 786.6141732283464 94.96062992125984 28.346456692913385 PLIN.
293.1023622047244 786.6141732283464 73.98425196850394 28.346456692913385 Ep.
335.33858267716533 786.6141732283464 63.496062992125985 28.346456692913385 I,
367.0866141732283 786.6141732283464 73.98425196850394 28.346456692913385 12.
409.3228346456693 786.6141732283464 200.69291338582678 28.346456692913385 Jacturam
578.2677165354331 786.6141732283464 158.45669291338584 28.346456692913385 gravissimam
694.488188976378 786.6141732283464 73.98425196850394 28.346456692913385 feci,

61.511811023622045 821.1968503937007 58.110236220472444 28.346456692913385 si
90.4251968503937 821.1968503937007 174.61417322834646 28.346456692913385 jactura
236.1259842519685 821.1968503937007 106.58267716535433 28.346456692913385 dicenda
313.79527559055117 821.1968503937007 68.03149606299213 28.346456692913385 est
352.34645669291336 821.1968503937007 87.30708661417323 28.346456692913385 tanti
410.74015748031496 821.1968503937007 77.66929133858268 28.346456692913385 viri
459.21259842519686 821.1968503937007 184.251968503937 28.346456692913385 amissio.
614.2677165354331 821.1968503937007 58.110236220472444 28.346456692913385 Je
643.4645669291339 821.1968503937007 77.66929133858268 28.346456692913385 suis
682.2992125984252 821.1968503937007 87.30708661417323 28.346456692913385 accablé

60.09448818897638 855.7795275590552 85.60629921259843 30.04724409448819 par
109.13385826771653 855.7795275590552 73.41732283464567 30.04724409448819 un
145.70078740157481 855.7795275590552 134.64566929133858 30.04724409448819 malheur
243.7795275590551 855.7795275590552 122.45669291338582 30.04724409448819 auquel
329.38582677165357 855.7795275590552 73.41732283464567 30.04724409448819 ma
366.23622047244095 855.7795275590552 134.64566929133858 30.04724409448819 volonté
464.0314960629921 855.7795275590552 134.64566929133858 30.04724409448819 devrait
562.1102362204724 855.7795275590552 171.49606299212599 30.04724409448819 souscrire,
696.7559055118111 855.7795275590552 73.41732283464567 30.04724409448819 si
721.1338582677165 855.7795275590552 49.039370078740156 30.04724409448819 je

59.811023622047244 890.3622047244095 99.77952755905511 29.480314960629922 puis
122.1732283464567 890.3622047244095 124.7244094488189 29.480314960629922 parler
209.48031496062993 890.3622047244095 112.25196850393701 29.480314960629922 ainsi
284.0314960629921 890.3622047244095 74.83464566929133 29.480314960629922 de
321.4488188976378 890.3622047244095 74.83464566929133 29.480314960629922 la
358.86614173228344 890.3622047244095 112.25196850393701 29.480314960629922 perte
433.7007874015748 890.3622047244095 87.30708661417323 29.480314960629922 qui
483.59055118110234 890.3622047244095 74.83464566929133 29.480314960629922 me
521.007874015748 890.3622047244095 112.25196850393701 29.480314960629922 prive
595.8425196850394 890.3622047244095 99.77952755905511 29.480314960629922 d’un
657.9212598425197 890.3622047244095 74.83464566929133 29.480314960629922 si
682.8661417322835 890.3622047244095 87.30708661417323 29.480314960629922 grand

59.52755905511811 924.9448818897638 126.99212598425197 30.04724409448819 homme.
148.53543307086613 924.9448818897638 89.00787401574803 30.04724409448819 (Il
199.2755905511811 924.9448818897638 126.99212598425197 30.04724409448819 s’agit
288.2834645669291 924.9448818897638 76.25196850393701 30.04724409448819 de
326.5511811023622 924.9448818897638 165.25984251968504 30.04724409448819 Corellius
453.54330708661416 924.9448818897638 114.51968503937007 30.04724409448819 Rufus
529.7952755905512 924.9448818897638 89.00787401574803 30.04724409448819 qui
580.5354330708661 924.9448818897638 63.496062992125985 30.04724409448819 a
606.0472440944882 924.9448818897638 139.748031496063 30.04724409448819 cherché
695.0551181102362 924.9448818897638 76.25196850393701 30.04724409448819 dans

61.511811023622045 959.5275590551181 67.74803149606299 28.913385826771652 le
95.5275590551181 959.5275590551181 124.15748031496064 28.913385826771652 suicide
185.66929133858267 959.5275590551181 67.74803149606299 28.913385826771652 la
219.4015748031496 959.5275590551181 79.08661417322834 28.913385826771652 fin
264.4724409448819 959.5275590551181 67.74803149606299 28.913385826771652 de
298.48818897637796 959.5275590551181 79.08661417322834 28.913385826771652 ses
332.2204724409449 959.5275590551181 169.22834645669292 28.913385826771652 souffrances.)

63.21259842519685 1016.7874015748032 130.96062992125985 27.212598425196852 AMITTERE,
164.1259842519685 1016.7874015748032 60.37795275590551 27.212598425196852 v.
194.45669291338584 1016.7874015748032 191.6220472440945 27.212598425196852 Mittere.
355.748031496063 1016.7874015748032 100.91338582677166 27.212598425196852 AMNIS,
426.0472440944882 1016.7874015748032 60.37795275590551 27.212598425196852 v.
446.45669291338584 1016.7874015748032 171.21259842519686 27.212598425196852 Fluvius.

66.33070866141732 1047.9685039370079 68.31496062992126 27.77952755905512 AMOR,
111.96850393700787 1047.9685039370079 45.63779527559055 27.77952755905512 v.
134.64566929133858 1047.9685039370079 144.28346456692913 27.77952755905512 Diligere
256.251968503937 1047.9685039370079 45.63779527559055 27.77952755905512 et
271.5590551181102 1047.9685039370079 128.9763779527559 27.77952755905512 Studium,

89.29133858267717 1082.5511811023623 61.79527559055118 18.708661417322833 n°
109.7007874015748 1082.5511811023623 41.38582677165354 18.708661417322833 2.

92.40944881889764 1133.007874015748 142.58267716535434 29.480314960629922 AMPLECTI.
202.11023622047244 1133.007874015748 153.35433070866142 29.480314960629922 COMPLECTI.
322.5826771653543 1133.007874015748 208.06299212598427 29.480314960629922 Amplecti
498.0472440944882 1133.007874015748 65.76377952755905 29.480314960629922 se
530.9291338582677 1133.007874015748 76.81889763779527 29.480314960629922 dit
574.5826771653543 1133.007874015748 87.59055118110236 29.480314960629922 d’un
629.2913385826772 1133.007874015748 98.64566929133858 29.480314960629922 geste
684.2834645669292 1133.007874015748 87.59055118110236 29.480314960629922 auquel

63.21259842519685 1167.5905511811025 78.80314960629921 30.04724409448819 on
102.61417322834646 1167.5905511811025 170.9291338582677 30.04724409448819 n’emploie
234.14173228346456 1167.5905511811025 144.56692913385828 30.04724409448819 souvent
339.3070866141732 1167.5905511811025 118.20472440944881 30.04724409448819 qu’un
418.1102362204724 1167.5905511811025 105.16535433070867 30.04724409448819 seul
483.87401574803147 1167.5905511811025 118.20472440944881 30.04724409448819 bras,
562.6771653543307 1167.5905511811025 78.80314960629921 30.04724409448819 et
602.0787401574803 1167.5905511811025 92.1259842519685 30.04724409448819 qui
641.4803149606299 1167.5905511811025 131.5275590551181 30.04724409448819 témoigne

65.48031496062993 1201.0393700787401 97.79527559055119 31.181102362204726 d’une
130.6771653543307 1201.0393700787401 162.99212598425197 31.181102362204726 inclination
260.78740157480314 1201.0393700787401 65.19685039370079 31.181102362204726 et
293.38582677165357 1201.0393700787401 97.79527559055119 31.181102362204726 d’une
358.5826771653543 1201.0393700787401 141.16535433070865 31.181102362204726 sympathie
467.1496062992126 1201.0393700787401 141.16535433070865 31.181102362204726 paisible;
564.9448818897638 1201.0393700787401 206.36220472440945 31.181102362204726 complecti,

64.91338582677166 1236.1889763779527 108.28346456692914 28.913385826771652 c’est
136.91338582677164 1236.1889763779527 156.18897637795277 28.913385826771652 entourer,
257.1023622047244 1236.1889763779527 120.18897637795276 28.913385826771652 serrer
341.29133858267716 1236.1889763779527 96.09448818897638 28.913385826771652 avec
401.38582677165357 1236.1889763779527 84.18897637795276 28.913385826771652 les
449.5748031496063 1236.1889763779527 96.09448818897638 28.913385826771652 deux
509.6692913385827 1236.1889763779527 96.09448818897638 28.913385826771652 bras
569.7637795275591 1236.1889763779527 72.0 28.913385826771652 en
605.7637795275591 1236.1889763779527 108.28346456692914 28.913385826771652 signe
665.8582677165355 1236.1889763779527 108.28346456692914 28.913385826771652 d’amour

64.62992125984252 1271.9055118110236 75.96850393700787 28.913385826771652 et
102.61417322834646 1271.9055118110236 75.96850393700787 28.913385826771652 de
140.5984251968504 1271.9055118110236 139.1811023622047 28.913385826771652 passion
241.79527559055117 1271.9055118110236 75.96850393700787 28.913385826771652 ou
279.7795275590551 1271.9055118110236 164.40944881889763 28.913385826771652 d’abandon
406.20472440944883 1271.9055118110236 164.40944881889763 28.913385826771652 familier.
532.6299212598425 1271.9055118110236 75.96850393700787 28.913385826771652 De
570.6141732283464 1271.9055118110236 101.19685039370079 28.913385826771652 même
633.8267716535433 1271.9055118110236 75.96850393700787 28.913385826771652 au
659.0551181102362 1271.9055118110236 113.95275590551181 28.913385826771652 figuré:
