839.0551181102362 1397.1968503937007
38.83464566929134 81.35433070866142 54.425196850393704 19.275590551181104 22

340.4409448818898 84.75590551181102 115.65354330708661 16.440944881889763 MANUEL

56.40944881889764 127.2755905511811 147.11811023622047 28.913385826771652 homo;
175.748031496063 127.2755905511811 156.4724409448819 28.913385826771652 bestia
304.7244094488189 127.2755905511811 55.275590551181104 28.913385826771652 et
332.2204724409449 127.2755905511811 138.04724409448818 28.913385826771652 fera
442.48818897637796 127.2755905511811 119.62204724409449 28.913385826771652 expriment
534.6141732283464 127.2755905511811 64.34645669291339 28.913385826771652 une
571.4645669291339 127.2755905511811 82.77165354330708 28.913385826771652 sorte
626.4566929133858 127.2755905511811 55.275590551181104 28.913385826771652 de
654.2362204724409 127.2755905511811 101.19685039370079 28.913385826771652 rapport
718.5826771653543 127.2755905511811 45.92125984251968 28.913385826771652 mo-

55.55905511811024 161.85826771653544 92.69291338582677 27.77952755905512 ral,
113.66929133858268 161.85826771653544 104.31496062992126 27.77952755905512 c’est
183.11811023622047 161.85826771653544 69.44881889763779 27.77952755905512 la
217.98425196850394 161.85826771653544 104.31496062992126 27.77952755905512 brute
287.43307086614175 161.85826771653544 127.55905511811024 27.77952755905512 hostile
380.12598425196853 161.85826771653544 57.826771653543304 27.77952755905512 à
391.748031496063 161.85826771653544 115.93700787401575 27.77952755905512 l’homme.

83.33858267716535 196.44094488188978 67.18110236220473 28.346456692913385 2.
116.78740157480316 196.44094488188978 190.48818897637796 28.346456692913385 Bellua
273.54330708661416 196.44094488188978 123.30708661417323 28.346456692913385 désigne
363.11811023622045 196.44094488188978 223.93700787401573 28.346456692913385 particulièrement
553.6062992125984 196.44094488188978 67.18110236220473 28.346456692913385 un
587.0551181102362 196.44094488188978 111.96850393700787 28.346456692913385 animal
665.5748031496063 196.44094488188978 100.91338582677166 28.346456692913385 grand
721.4173228346457 196.44094488188978 44.78740157480315 28.346456692913385 et

54.99212598425197 231.0236220472441 126.70866141732283 28.913385826771652 lourd,
143.71653543307087 231.0236220472441 88.7244094488189 28.913385826771652 par
194.45669291338584 231.0236220472441 139.1811023622047 28.913385826771652 exemple
295.65354330708664 231.0236220472441 75.96850393700787 28.913385826771652 un
333.6377952755906 231.0236220472441 164.69291338582678 28.913385826771652 éléphant,
460.06299212598424 231.0236220472441 88.7244094488189 28.913385826771652 une
510.8031496062992 231.0236220472441 151.93700787401573 28.913385826771652 baleine,
624.7559055118111 231.0236220472441 88.7244094488189 28.913385826771652 par
662.7401574803149 231.0236220472441 101.19685039370079 28.913385826771652 préfé-

56.40944881889764 265.6062992125984 100.91338582677166 29.480314960629922 rence
123.8740157480315 265.6062992125984 78.51968503937007 29.480314960629922 les
168.66141732283464 265.6062992125984 134.36220472440945 29.480314960629922 monstres
269.29133858267716 265.6062992125984 123.30708661417323 29.480314960629922 marins;
358.86614173228344 265.6062992125984 190.48818897637796 29.480314960629922 pecus,
515.9055118110236 265.6062992125984 67.18110236220473 29.480314960629922 un
549.3543307086615 265.6062992125984 111.96850393700787 29.480314960629922 animal
616.5354330708661 265.6062992125984 145.70078740157481 29.480314960629922 domestique,

55.275590551181104 300.755905511811 91.84251968503936 28.346456692913385 par
107.71653543307086 300.755905511811 183.96850393700788 28.346456692913385 préférence
252.28346456692913 300.755905511811 91.84251968503936 28.346456692913385 des
304.7244094488189 300.755905511811 118.20472440944881 28.346456692913385 moins
383.5275590551181 300.755905511811 223.37007874015748 28.346456692913385 intelligents,
567.496062992126 300.755905511811 91.84251968503936 28.346456692913385 par
619.9370078740158 300.755905511811 144.56692913385828 28.346456692913385 exemple
712.0629921259842 300.755905511811 52.44094488188976 28.346456692913385 un

55.55905511811024 335.33858267716533 146.5511811023622 28.913385826771652 taureau,
165.25984251968504 335.33858267716533 73.13385826771653 28.913385826771652 un
202.11023622047244 335.33858267716533 134.36220472440945 28.913385826771652 mouton,
299.62204724409446 335.33858267716533 85.32283464566929 28.913385826771652 par
348.37795275590554 335.33858267716533 170.9291338582677 28.913385826771652 opposition
482.74015748031496 335.33858267716533 60.94488188976378 28.913385826771652 à
507.11811023622045 335.33858267716533 146.5511811023622 28.913385826771652 l’animal
616.8188976377953 335.33858267716533 73.13385826771653 28.913385826771652 en
641.1968503937007 335.33858267716533 122.1732283464567 28.913385826771652 liberté:

57.54330708661417 369.9212598425197 96.09448818897638 27.77952755905512 c’est
121.60629921259843 369.9212598425197 64.06299212598425 27.77952755905512 le
153.63779527559055 369.9212598425197 117.35433070866142 27.77952755905512 bétail;
239.24409448818898 369.9212598425197 192.18897637795277 27.77952755905512 bestia,
399.40157480314963 369.9212598425197 85.32283464566929 27.77952755905512 bête
452.6929133858268 369.9212598425197 138.89763779527559 27.77952755905512 nuisible,
559.2755905511812 369.9212598425197 117.35433070866142 27.77952755905512 surtout
634.1102362204724 369.9212598425197 128.1259842519685 27.77952755905512 dévorante,

55.84251968503937 405.6377952755906 83.90551181102362 28.913385826771652 par
103.74803149606299 405.6377952755906 131.81102362204723 28.913385826771652 exemple
199.55905511811022 405.6377952755906 72.0 28.913385826771652 un
235.55905511811022 405.6377952755906 119.90551181102362 28.913385826771652 tigre,
319.46456692913387 405.6377952755906 72.0 28.913385826771652 un
355.46456692913387 405.6377952755906 107.71653543307086 28.913385826771652 loup,
427.18110236220474 405.6377952755906 83.90551181102362 28.913385826771652 par
475.0866141732283 405.6377952755906 167.81102362204723 28.913385826771652 opposition
606.8976377952756 405.6377952755906 83.90551181102362 28.913385826771652 aux
642.8976377952756 405.6377952755906 119.90551181102362 28.913385826771652 oiseaux,

57.54330708661417 439.65354330708664 101.19685039370079 30.04724409448819 comme
125.29133858267717 439.65354330708664 123.8740157480315 30.04724409448819 θηρίον;
215.1496062992126 439.65354330708664 180.0 30.04724409448819 fera,
361.4173228346457 439.65354330708664 90.14173228346456 30.04724409448819 bête
417.8267716535433 439.65354330708664 146.26771653543307 30.04724409448819 farouche,
530.3622047244095 439.65354330708664 90.14173228346456 30.04724409448819 hôte
586.7716535433071 439.65354330708664 78.80314960629921 30.04724409448819 des
631.5590551181102 439.65354330708664 123.8740157480315 30.04724409448819 forêts,
710.3622047244095 439.65354330708664 56.40944881889764 30.04724409448819 par

55.84251968503937 474.8031496062992 142.01574803149606 29.480314960629922 exemple
159.30708661417322 474.8031496062992 77.38582677165354 29.480314960629922 un
198.14173228346456 474.8031496062992 116.22047244094489 29.480314960629922 cerf,
275.5275590551181 474.8031496062992 77.38582677165354 29.480314960629922 un
314.3622047244094 474.8031496062992 116.22047244094489 29.480314960629922 loup,
391.748031496063 474.8031496062992 77.38582677165354 29.480314960629922 un
430.5826771653543 474.8031496062992 129.25984251968504 29.480314960629922 tigre,
520.7244094488188 474.8031496062992 90.4251968503937 29.480314960629922 par
572.5984251968504 474.8031496062992 180.8503937007874 29.480314960629922 opposition
701.5748031496063 474.8031496062992 64.62992125984252 29.480314960629922 aux

55.84251968503937 508.81889763779526 142.29921259842519 28.913385826771652 animaux
159.30708661417322 508.81889763779526 206.9291338582677 28.913385826771652 domestiques,
327.68503937007875 508.81889763779526 116.50393700787401 28.913385826771652 comme
405.07086614173227 508.81889763779526 77.66929133858268 28.913385826771652 le
443.90551181102364 508.81889763779526 129.25984251968504 28.913385826771652 gibier
534.6141732283464 508.81889763779526 77.66929133858268 28.913385826771652 et
573.4488188976378 508.81889763779526 90.4251968503937 28.913385826771652 les
625.0393700787401 508.81889763779526 116.50393700787401 28.913385826771652 bêtes
689.6692913385826 508.81889763779526 77.66929133858268 28.913385826771652 sau-

58.67716535433071 543.4015748031496 107.14960629921259 29.480314960629922 vages,
133.79527559055117 543.4015748031496 85.88976377952756 29.480314960629922 θήρ.
187.37007874015748 543.4015748031496 96.66141732283465 29.480314960629922 CURT.
251.71653543307087 543.4015748031496 75.11811023622047 29.480314960629922 IX,
294.8031496062992 543.4015748031496 75.11811023622047 29.480314960629922 10,
337.6062992125984 543.4015748031496 75.11811023622047 29.480314960629922 10.
380.6929133858268 543.4015748031496 85.88976377952756 29.480314960629922 Indi
434.26771653543307 543.4015748031496 128.69291338582678 29.480314960629922 maritimi
530.6456692913385 543.4015748031496 193.03937007874015 29.480314960629922 ferarum
680.8818897637796 543.4015748031496 85.88976377952756 29.480314960629922 pelli-

58.67716535433071 577.9842519685039 76.25196850393701 30.614173228346456 bus
102.04724409448819 577.9842519685039 98.07874015748031 30.614173228346456 tecti
167.5275590551181 577.9842519685039 130.6771653543307 30.614173228346456 piscibus
265.6062992125984 577.9842519685039 87.30708661417323 30.614173228346456 sole
320.0314960629921 577.9842519685039 119.90551181102362 30.614173228346456 duratis
407.33858267716533 577.9842519685039 65.48031496062993 30.614173228346456 et
439.93700787401576 577.9842519685039 119.90551181102362 30.614173228346456 majorum
526.9606299212599 577.9842519685039 108.85039370078741 30.614173228346456 quoque
592.4409448818898 577.9842519685039 174.33070866141733 30.614173228346456 bellua

58.67716535433071 613.1338582677165 161.00787401574803 28.913385826771652 rum,
187.37007874015748 613.1338582677165 85.88976377952756 28.913385826771652 quas
241.22834645669292 613.1338582677165 117.92125984251969 28.913385826771652 fluctus
326.8346456692913 613.1338582677165 117.92125984251969 28.913385826771652 ejecit,
412.7244094488189 613.1338582677165 96.66141732283465 28.913385826771652 carne
477.07086614173227 613.1338582677165 150.23622047244095 28.913385826771652 vescuntur.
594.992125984252 613.1338582677165 75.11811023622047 28.913385826771652 Les
638.0787401574803 613.1338582677165 117.92125984251969 28.913385826771652 Indiens
713.1968503937007 613.1338582677165 53.574803149606296 28.913385826771652 des

58.39370078740158 647.7165354330708 151.08661417322836 29.480314960629922 provinces
174.61417322834646 647.7165354330708 162.70866141732284 29.480314960629922 maritimes,
302.74015748031496 647.7165354330708 139.46456692913387 29.480314960629922 couverts
407.33858267716533 647.7165354330708 69.73228346456693 29.480314960629922 de
442.20472440944883 647.7165354330708 69.73228346456693 29.480314960629922 la
477.07086614173227 647.7165354330708 151.08661417322836 29.480314960629922 dépouille
593.5748031496063 647.7165354330708 81.35433070866142 29.480314960629922 des
640.0629921259842 647.7165354330708 104.5984251968504 29.480314960629922 bêtes
698.1732283464567 647.7165354330708 69.73228346456693 29.480314960629922 sau-

58.110236220472444 682.8661417322835 124.44094488188976 28.913385826771652 vages,
145.13385826771653 682.8661417322835 74.55118110236221 28.913385826771652 se
182.5511811023622 682.8661417322835 186.51968503937007 28.913385826771652 nourrissent
331.65354330708664 682.8661417322835 74.55118110236221 28.913385826771652 de
369.07086614173227 682.8661417322835 136.62992125984252 28.913385826771652 poisson
468.2834645669291 682.8661417322835 111.96850393700787 28.913385826771652 séché
543.1181102362204 682.8661417322835 74.55118110236221 28.913385826771652 au
580.2519685039371 682.8661417322835 124.44094488188976 28.913385826771652 soleil
667.2755905511812 682.8661417322835 74.55118110236221 28.913385826771652 et
692.2204724409448 682.8661417322835 74.55118110236221 28.913385826771652 même

58.67716535433071 718.0157480314961 71.71653543307086 28.913385826771652 de
94.39370078740157 718.0157480314961 71.71653543307086 28.913385826771652 la
130.39370078740157 718.0157480314961 107.71653543307086 28.913385826771652 chair
202.11023622047244 718.0157480314961 83.62204724409449 28.913385826771652 des
250.01574803149606 718.0157480314961 143.43307086614172 28.913385826771652 monstres
357.73228346456693 718.0157480314961 119.62204724409449 28.913385826771652 marins
441.3543307086614 718.0157480314961 83.62204724409449 28.913385826771652 que
489.25984251968504 718.0157480314961 83.62204724409449 28.913385826771652 les
537.1653543307086 718.0157480314961 107.71653543307086 28.913385826771652 flots
608.8818897637796 718.0157480314961 83.62204724409449 28.913385826771652 ont
644.8818897637796 718.0157480314961 119.62204724409449 28.913385826771652 rejetés.

87.8740157480315 752.5984251968504 133.51181102362204 28.346456692913385 ANNALES.
187.93700787401573 752.5984251968504 144.56692913385828 28.346456692913385 HISTORIÆ.
299.33858267716533 752.5984251968504 211.46456692913387 28.346456692913385 Annales,
477.3543307086614 752.5984251968504 111.4015748031496 28.346456692913385 traité
555.3070866141733 752.5984251968504 122.45669291338582 28.346456692913385 général
633.2598425196851 752.5984251968504 133.51181102362204 28.346456692913385 d’histoire

59.811023622047244 787.7480314960629 72.0 28.913385826771652 et
95.81102362204724 787.7480314960629 72.0 28.913385826771652 en
131.81102362204723 787.7480314960629 180.0 28.913385826771652 particulier
275.5275590551181 787.7480314960629 144.0 28.913385826771652 histoire
383.5275590551181 787.7480314960629 72.0 28.913385826771652 du
419.5275590551181 787.7480314960629 108.0 28.913385826771652 passé
491.5275590551181 787.7480314960629 144.0 28.913385826771652 composée
599.5275590551181 787.7480314960629 83.90551181102362 28.913385826771652 sur
647.4330708661417 787.7480314960629 83.90551181102362 28.913385826771652 les
683.4330708661417 787.7480314960629 83.90551181102362 28.913385826771652 sour-

60.94488188976378 822.3307086614174 87.02362204724409 27.77952755905512 ces,
115.08661417322834 822.3307086614174 141.16535433070865 27.77952755905512 Tite-Live
223.6535433070866 822.3307086614174 65.19685039370079 27.77952755905512 et
256.251968503937 822.3307086614174 119.33858267716535 27.77952755905512 Tacite;
343.2755905511811 822.3307086614174 217.13385826771653 27.77952755905512 historiæ,
527.8110236220473 822.3307086614174 97.79527559055119 27.77952755905512 étude
593.007874015748 822.3307086614174 151.93700787401573 27.77952755905512 d’histoire
701.5748031496063 822.3307086614174 65.19685039370079 27.77952755905512 con-

58.67716535433071 857.4803149606299 196.15748031496062 28.913385826771652 temporaine,
215.71653543307087 857.4803149606299 209.1968503937008 28.913385826771652 d’événements
385.79527559055117 857.4803149606299 157.03937007874015 28.913385826771652 auxquels
503.43307086614175 857.4803149606299 157.03937007874015 28.913385826771652 l’auteur
621.0708661417323 857.4803149606299 65.48031496062993 28.913385826771652 a
634.1102362204724 857.4803149606299 130.96062992125985 28.913385826771652 assisté,

62.07874015748032 892.0629921259842 122.1732283464567 28.913385826771652 Salluste
153.92125984251967 892.0629921259842 61.22834645669291 28.913385826771652 et
184.251968503937 892.0629921259842 111.96850393700787 28.913385826771652 Tacite.
265.8897637795276 892.0629921259842 122.1732283464567 28.913385826771652 L’auteur
357.4488188976378 892.0629921259842 71.43307086614173 28.913385826771652 des
398.26771653543307 892.0629921259842 183.4015748031496 28.913385826771652 annales
551.0551181102362 892.0629921259842 61.22834645669291 28.913385826771652 se
581.6692913385826 892.0629921259842 111.96850393700787 28.913385826771652 propose
663.3070866141733 892.0629921259842 61.22834645669291 28.913385826771652 de
683.4330708661417 892.0629921259842 81.63779527559055 28.913385826771652 faire,

58.960629921259844 926.6456692913385 115.93700787401575 30.04724409448819 année
136.06299212598427 926.6456692913385 90.14173228346456 30.04724409448819 par
187.6535433070866 926.6456692913385 128.69291338582678 30.04724409448819 année,
277.79527559055117 926.6456692913385 90.14173228346456 30.04724409448819 une
329.38582677165357 926.6456692913385 193.3228346456693 30.04724409448819 énumération
483.87401574803147 926.6456692913385 115.93700787401575 30.04724409448819 aussi
561.2598425196851 926.6456692913385 128.69291338582678 30.04724409448819 variée
651.4015748031496 926.6456692913385 90.14173228346456 30.04724409448819 que
689.9527559055118 926.6456692913385 77.38582677165354 30.04724409448819 com-

62.645669291338585 961.2283464566929 92.1259842519685 28.913385826771652 plète
124.15748031496064 961.2283464566929 61.511811023622045 28.913385826771652 de
154.77165354330708 961.2283464566929 102.33070866141732 28.913385826771652 toutes
226.48818897637796 961.2283464566929 71.71653543307086 28.913385826771652 les
267.3070866141732 961.2283464566929 184.251968503937 28.913385826771652 particularités
420.9448818897638 961.2283464566929 153.63779527559055 28.913385826771652 mémorables;
543.6850393700787 961.2283464566929 92.1259842519685 28.913385826771652 celui
605.1968503937007 961.2283464566929 71.71653543307086 28.913385826771652 des
635.8110236220473 961.2283464566929 133.22834645669292 28.913385826771652 his

63.77952755905512 996.3779527559055 163.2755905511811 27.77952755905512 toriæ
196.44094488188978 996.3779527559055 102.04724409448819 27.77952755905512 traite
267.59055118110234 996.3779527559055 61.22834645669291 27.77952755905512 un
298.20472440944883 996.3779527559055 91.84251968503936 27.77952755905512 point
359.43307086614175 996.3779527559055 142.86614173228347 27.77952755905512 d’histoire
471.68503937007875 996.3779527559055 61.22834645669291 27.77952755905512 et
502.2992125984252 996.3779527559055 102.04724409448819 27.77952755905512 laisse
573.7322834645669 996.3779527559055 61.22834645669291 27.77952755905512 de
604.0629921259842 996.3779527559055 81.63779527559055 27.77952755905512 côté
655.0866141732283 996.3779527559055 71.43307086614173 27.77952755905512 les
685.7007874015748 996.3779527559055 81.63779527559055 27.77952755905512 événe-

61.79527559055118 1030.9606299212599 103.74803149606299 29.480314960629922 ments
130.96062992125985 1030.9606299212599 80.78740157480316 29.480314960629922 les
177.16535433070865 1030.9606299212599 92.1259842519685 29.480314960629922 plus
234.70866141732284 1030.9606299212599 184.53543307086613 29.480314960629922 remarquables
384.66141732283467 1030.9606299212599 103.74803149606299 29.480314960629922 quand
453.8267716535433 1030.9606299212599 80.78740157480316 29.480314960629922 ils
500.0314960629921 1030.9606299212599 69.16535433070867 29.480314960629922 ne
534.6141732283464 1030.9606299212599 80.78740157480316 29.480314960629922 s’y
580.5354330708661 1030.9606299212599 161.29133858267716 29.480314960629922 rattachent
695.9055118110236 1030.9606299212599 69.16535433070867 29.480314960629922 pas.

88.7244094488189 1066.1102362204724 169.79527559055117 25.511811023622048 ANTIQUUS.
219.4015748031496 1066.1102362204724 156.75590551181102 25.511811023622048 PRISCUS.
336.755905511811 1066.1102362204724 130.6771653543307 25.511811023622048 VETUS.
428.31496062992125 1066.1102362204724 169.79527559055117 25.511811023622048 VETUSTUS.
558.992125984252 1066.1102362204724 169.79527559055117 25.511811023622048 VETERNUS.
676.3464566929134 1066.1102362204724 91.55905511811024 25.511811023622048 PRIS-

63.496062992125985 1100.6929133858268 99.21259842519684 28.913385826771652 TINUS.
132.9448818897638 1100.6929133858268 59.52755905511811 28.913385826771652 1.
162.70866141732284 1100.6929133858268 188.78740157480314 28.913385826771652 Antiquum
321.73228346456693 1100.6929133858268 59.52755905511811 28.913385826771652 et
351.496062992126 1100.6929133858268 188.78740157480314 28.913385826771652 priscum,
510.23622047244095 1100.6929133858268 59.52755905511811 28.913385826771652 ce
540.0 1100.6929133858268 69.44881889763779 28.913385826771652 qui
579.6850393700787 1100.6929133858268 49.60629921259842 28.913385826771652 a
599.8110236220473 1100.6929133858268 99.21259842519684 28.913385826771652 existé
659.3385826771654 1100.6929133858268 109.13385826771653 28.913385826771652 autrefois

63.77952755905512 1134.1417322834645 64.91338582677166 31.181102362204726 et
96.09448818897638 1134.1417322834645 75.68503937007874 31.181102362204726 qui
139.46456692913387 1134.1417322834645 97.22834645669292 31.181102362204726 n’est
204.3779527559055 1134.1417322834645 97.22834645669292 31.181102362204726 plus,
269.29133858267716 1134.1417322834645 75.68503937007874 31.181102362204726 par
312.37795275590554 1134.1417322834645 151.37007874015748 31.181102362204726 opposition
431.43307086614175 1134.1417322834645 54.14173228346457 31.181102362204726 à
452.9763779527559 1134.1417322834645 183.96850393700788 31.181102362204726 novum,
604.6299212598425 1134.1417322834645 97.22834645669292 31.181102362204726 comme
658.488188976378 1134.1417322834645 108.28346456692914 31.181102362204726 παλαιός;

65.19685039370079 1170.4251968503936 158.74015748031496 28.346456692913385 vetus
194.17322834645668 1170.4251968503936 59.52755905511811 28.346456692913385 et
223.93700787401573 1170.4251968503936 198.14173228346456 28.346456692913385 vetustum,
392.31496062992125 1170.4251968503936 59.52755905511811 28.346456692913385 ce
422.0787401574803 1170.4251968503936 69.44881889763779 28.346456692913385 qui
461.76377952755905 1170.4251968503936 99.21259842519684 28.346456692913385 existe
531.2125984251968 1170.4251968503936 99.21259842519684 28.346456692913385 depuis
600.3779527559055 1170.4251968503936 128.9763779527559 28.346456692913385 longtemps
699.5905511811023 1170.4251968503936 59.52755905511811 28.346456692913385 et
719.4330708661417 1170.4251968503936 49.60629921259842 28.346456692913385 n’a

62.92913385826772 1205.007874015748 97.51181102362204 29.480314960629922 plus
123.8740157480315 1205.007874015748 73.13385826771653 29.480314960629922 de
160.44094488188978 1205.007874015748 97.51181102362204 29.480314960629922 part
221.10236220472441 1205.007874015748 73.13385826771653 29.480314960629922 ni
257.6692913385827 1205.007874015748 85.32283464566929 29.480314960629922 aux
306.4251968503937 1205.007874015748 206.9291338582677 29.480314960629922 inconvénients
476.78740157480314 1205.007874015748 73.13385826771653 29.480314960629922 ni
513.3543307086615 1205.007874015748 85.32283464566929 29.480314960629922 aux
562.1102362204724 1205.007874015748 170.36220472440945 29.480314960629922 priviléges
695.9055118110236 1205.007874015748 73.13385826771653 29.480314960629922 de
720.2834645669292 1205.007874015748 48.75590551181102 29.480314960629922 la

62.92913385826772 1239.023622047244 142.86614173228347 31.181102362204726 jeunesse,
172.91338582677164 1239.023622047244 77.10236220472441 31.181102362204726 par
216.8503937007874 1239.023622047244 153.92125984251967 31.181102362204726 opposition
337.8897637795276 1239.023622047244 54.99212598425197 31.181102362204726 à
360.0 1239.023622047244 197.85826771653544 31.181102362204726 recens,
524.9763779527559 1239.023622047244 98.92913385826772 31.181102362204726 comme
590.7401574803149 1239.023622047244 109.98425196850394 31.181102362204726 γέρων,
656.7874015748032 1239.023622047244 109.98425196850394 31.181102362204726 γεραιὸς,
