845.2913385826772 1422.1417322834645
35.43307086614173 126.70866141732283 55.55905511811024 19.84251968503937 16

335.0551181102362 131.81102362204723 114.23622047244095 17.007874015748033 MANUEL

52.15748031496063 173.76377952755905 94.96062992125984 27.212598425196852 AMANS,
118.48818897637796 173.76377952755905 104.31496062992126 27.212598425196852 AMATOR,
194.17322834645668 173.76377952755905 56.976377952755904 27.212598425196852 v.
222.8031496062992 173.76377952755905 170.64566929133858 27.212598425196852 Amicus.
365.1023622047244 173.76377952755905 94.96062992125984 27.212598425196852 AMARE,
431.43307086614175 173.76377952755905 56.976377952755904 27.212598425196852 v.
450.4251968503937 173.76377952755905 170.64566929133858 27.212598425196852 Diligere.

52.44094488188976 204.9448818897638 109.98425196850394 25.511811023622048 AMBIGUUS,
137.1968503937008 204.9448818897638 50.74015748031496 25.511811023622048 v.
153.92125984251967 204.9448818897638 135.49606299212599 25.511811023622048 Dubius.

78.80314960629921 250.29921259842519 128.40944881889763 22.677165354330707 AMBIRE.
172.06299212598427 250.29921259842519 163.55905511811022 22.677165354330707 CIRCUMIRE.
300.4724409448819 250.29921259842519 233.5748031496063 22.677165354330707 Circumire
499.18110236220474 250.29921259842519 70.01574803149606 22.677165354330707 se
534.0472440944882 250.29921259842519 81.63779527559055 22.677165354330707 dit
580.8188976377953 250.29921259842519 93.54330708661418 22.677165354330707 d’un
627.5905511811023 250.29921259842519 128.40944881889763 22.677165354330707 mouvement

48.75590551181102 284.31496062992125 120.18897637795276 28.913385826771652 sinon
128.69291338582678 284.31496062992125 186.8031496062992 28.913385826771652 exactement
275.5275590551181 284.31496062992125 200.1259842519685 28.913385826771652 circulaire,
435.68503937007875 284.31496062992125 79.93700787401575 28.913385826771652 du
475.65354330708664 284.31496062992125 120.18897637795276 28.913385826771652 moins
555.8740157480315 284.31496062992125 106.86614173228347 28.913385826771652 tenu
622.488188976378 284.31496062992125 79.93700787401575 28.913385826771652 de
649.1338582677165 284.31496062992125 106.86614173228347 28.913385826771652 suivre

50.173228346456696 319.46456692913387 89.5748031496063 30.04724409448819 tous
106.2992125984252 319.46456692913387 78.51968503937007 30.04724409448819 les
151.08661417322836 319.46456692913387 134.36220472440945 30.04724409448819 contours
252.0 319.46456692913387 89.5748031496063 30.04724409448819 d’un
307.84251968503935 319.46456692913387 123.30708661417323 30.04724409448819 espace,
397.4173228346457 319.46456692913387 100.91338582677166 30.04724409448819 faire
464.88188976377955 319.46456692913387 67.18110236220473 30.04724409448819 le
498.3307086614173 319.46456692913387 100.91338582677166 30.04724409448819 tour;
565.511811023622 319.46456692913387 190.48818897637796 30.04724409448819 ambire
711.2125984251968 319.46456692913387 44.78740157480315 30.04724409448819 ne

49.889763779527556 354.0472440944882 138.89763779527559 29.480314960629922 désigne
151.08661417322836 354.0472440944882 113.66929133858268 29.480314960629922 qu’un
226.77165354330708 354.0472440944882 164.1259842519685 29.480314960629922 mouvement
352.9133858267717 354.0472440944882 75.68503937007874 29.480314960629922 de
390.61417322834643 354.0472440944882 189.35433070866142 29.480314960629922 va-et-vient
541.9842519685039 354.0472440944882 75.68503937007874 29.480314960629922 en
579.9685039370079 354.0472440944882 138.89763779527559 29.480314960629922 zigzag,
668.1259842519685 354.0472440944882 88.44094488188976 29.480314960629922 aller

51.30708661417323 389.1968503937008 65.19685039370079 28.913385826771652 çà
83.90551181102362 389.1968503937008 65.19685039370079 28.913385826771652 et
116.22047244094489 389.1968503937008 75.96850393700787 28.913385826771652 là,
159.8740157480315 389.1968503937008 151.93700787401573 28.913385826771652 parcourir.
279.21259842519686 389.1968503937008 97.79527559055119 28.913385826771652 PLIN.
344.12598425196853 389.1968503937008 75.96850393700787 28.913385826771652 Ep.
387.496062992126 389.1968503937008 75.96850393700787 28.913385826771652 II,
431.1496062992126 389.1968503937008 65.19685039370079 28.913385826771652 9.
463.46456692913387 389.1968503937008 173.76377952755905 28.913385826771652 Ambio
604.6299212598425 389.1968503937008 97.79527559055119 28.913385826771652 domos
658.7716535433071 389.1968503937008 97.79527559055119 28.913385826771652 statio-

51.59055118110236 424.34645669291336 105.16535433070867 29.480314960629922 nesque
125.29133858267717 424.34645669291336 210.33070866141733 29.480314960629922 circumeo.
304.15748031496065 424.34645669291336 63.21259842519685 29.480314960629922 Je
335.62204724409446 424.34645669291336 84.18897637795276 29.480314960629922 vais
388.34645669291336 424.34645669291336 94.67716535433071 29.480314960629922 d’une
451.2755905511811 424.34645669291336 105.16535433070867 29.480314960629922 maison
524.9763779527559 424.34645669291336 52.724409448818896 29.480314960629922 à
546.2362204724409 424.34645669291336 126.14173228346456 29.480314960629922 l’autre,
640.9133858267717 424.34645669291336 63.21259842519685 29.480314960629922 je
672.3779527559055 424.34645669291336 84.18897637795276 29.480314960629922 fais
714.6141732283464 424.34645669291336 41.95275590551181 29.480314960629922 le

49.32283464566929 458.3622047244094 102.89763779527559 28.913385826771652 tour
113.38582677165354 458.3622047244094 90.14173228346456 28.913385826771652 des
164.9763779527559 458.3622047244094 115.65354330708661 28.913385826771652 lieux
242.07874015748033 458.3622047244094 77.10236220472441 28.913385826771652 de
280.62992125984255 458.3622047244094 154.20472440944883 28.913385826771652 réunion.
396.56692913385825 458.3622047244094 77.10236220472441 28.913385826771652 Et
435.11811023622045 458.3622047244094 102.89763779527559 28.913385826771652 CIC.
499.46456692913387 458.3622047244094 102.89763779527559 28.913385826771652 Att.
563.5275590551181 458.3622047244094 102.89763779527559 28.913385826771652 XIV,
627.8740157480315 458.3622047244094 90.14173228346456 28.913385826771652 21.
666.4251968503937 458.3622047244094 90.14173228346456 28.913385826771652 Anto-

51.874015748031496 492.9448818897638 85.32283464566929 28.913385826771652 nium
105.44881889763779 492.9448818897638 213.4488188976378 28.913385826771652 circumire
286.86614173228344 492.9448818897638 138.89763779527559 28.913385826771652 veteranos
393.73228346456693 492.9448818897638 64.06299212598425 28.913385826771652 ut
425.4803149606299 492.9448818897638 85.32283464566929 28.913385826771652 acta
479.0551181102362 492.9448818897638 117.35433070866142 28.913385826771652 Cæsaris
564.3779527559055 492.9448818897638 149.38582677165354 28.913385826771652 sancirent,
671.2440944881889 492.9448818897638 85.32283464566929 28.913385826771652 c’est-

49.889763779527556 527.5275590551181 115.93700787401575 30.04724409448819 à-dire
130.96062992125985 527.5275590551181 104.31496062992126 30.04724409448819 qu’il
200.69291338582678 527.5275590551181 81.07086614173228 30.04724409448819 les
246.89763779527559 527.5275590551181 150.8031496062992 30.04724409448819 sollicite
362.8346456692913 527.5275590551181 92.69291338582677 30.04724409448819 tous
420.9448818897638 527.5275590551181 58.110236220472444 30.04724409448819 à
444.18897637795277 527.5275590551181 69.44881889763779 30.04724409448819 la
478.7716535433071 527.5275590551181 104.31496062992126 30.04724409448819 ronde
548.503937007874 527.5275590551181 115.93700787401575 30.04724409448819 depuis
629.5748031496063 527.5275590551181 69.44881889763779 30.04724409448819 le
652.8188976377953 527.5275590551181 104.31496062992126 30.04724409448819 premier

49.889763779527556 563.2440944881889 119.05511811023622 29.480314960629922 jusqu’au
139.1811023622047 563.2440944881889 119.05511811023622 29.480314960629922 dernier.
228.4724409448819 563.2440944881889 198.70866141732284 29.480314960629922 Circumire
397.4173228346457 563.2440944881889 69.44881889763779 29.480314960629922 est
437.1023622047244 563.2440944881889 79.37007874015748 29.480314960629922 plus
486.70866141732284 563.2440944881889 79.37007874015748 29.480314960629922 fort
536.3149606299213 563.2440944881889 69.44881889763779 29.480314960629922 ici
576.0 563.2440944881889 59.52755905511811 29.480314960629922 qu
596.1259842519685 563.2440944881889 158.74015748031496 29.480314960629922 ambire,

50.173228346456696 597.8267716535433 124.15748031496064 28.346456692913385 lequel
137.1968503937008 597.8267716535433 185.95275590551182 28.346456692913385 exprimerait
286.01574803149606 597.8267716535433 74.55118110236221 28.346456692913385 en
323.1496062992126 597.8267716535433 99.21259842519684 28.346456692913385 gros
385.2283464566929 597.8267716535433 86.74015748031496 28.346456692913385 les
434.8346456692913 597.8267716535433 223.37007874015748 28.346456692913385 sollicitations
620.7874015748032 597.8267716535433 74.55118110236221 28.346456692913385 et
657.9212598425197 597.8267716535433 86.74015748031496 28.346456692913385 les
695.0551181102362 597.8267716535433 62.07874015748032 28.346456692913385 ma-

49.32283464566929 632.4094488188977 146.5511811023622 22.677165354330707 nœuvres
142.58267716535434 632.4094488188977 159.8740157480315 22.677165354330707 d’Antoine.

53.85826771653543 682.2992125984252 72.85039370078741 26.64566929133858 AMBO,
102.61417322834646 682.2992125984252 48.75590551181102 26.64566929133858 v.
118.77165354330708 682.2992125984252 137.76377952755905 26.64566929133858 Uterque.

75.11811023622047 731.0551181102362 177.16535433070865 22.677165354330707 AMBULARE.
211.1811023622047 731.0551181102362 177.16535433070865 22.677165354330707 SPATIARI.
347.5275590551181 731.0551181102362 204.3779527559055 22.677165354330707 DEAMBULARE.
510.8031496062992 731.0551181102362 204.3779527559055 22.677165354330707 INAMBULARE.
660.7559055118111 731.0551181102362 95.24409448818898 22.677165354330707 OBAM-

50.45669291338583 765.0708661417323 133.79527559055117 29.480314960629922 BULARE.
147.68503937007873 765.0708661417323 72.85039370078741 29.480314960629922 1.
184.251968503937 765.0708661417323 231.0236220472441 29.480314960629922 Ambulare
378.99212598425197 765.0708661417323 145.98425196850394 29.480314960629922 présente
488.40944881889766 765.0708661417323 72.85039370078741 29.480314960629922 la
524.9763779527559 765.0708661417323 158.17322834645668 29.480314960629922 promenade
646.5826771653543 765.0708661417323 109.41732283464567 29.480314960629922 comme
707.2440944881889 765.0708661417323 48.75590551181102 29.480314960629922 un

49.889763779527556 800.2204724409448 146.26771653543307 24.944881889763778 exercice
159.59055118110237 800.2204724409448 97.51181102362204 24.944881889763778 fait
220.53543307086613 800.2204724409448 60.94488188976378 24.944881889763778 à
244.91338582677164 800.2204724409448 134.07874015748033 24.944881889763778 loisir,
342.4251968503937 800.2204724409448 109.7007874015748 24.944881889763778 c’est
415.84251968503935 800.2204724409448 73.13385826771653 24.944881889763778 un
452.40944881889766 800.2204724409448 158.45669291338584 24.944881889763778 mouvement
574.2992125984252 800.2204724409448 73.13385826771653 24.944881889763778 de
598.6771653543307 800.2204724409448 158.45669291338584 24.944881889763778 va

52.15748031496063 835.9370078740158 68.5984251968504 28.913385826771652 par
91.55905511811024 835.9370078740158 137.48031496062993 28.913385826771652 opposition
199.55905511811022 835.9370078740158 88.44094488188976 28.913385826771652 d’une
258.23622047244095 835.9370078740158 78.51968503937007 28.913385826771652 part
307.2755905511811 835.9370078740158 49.039370078740156 28.913385826771652 à
327.11811023622045 835.9370078740158 157.03937007874015 28.913385826771652 stare
454.6771653543307 835.9370078740158 58.960629921259844 28.913385826771652 et
484.15748031496065 835.9370078740158 176.5984251968504 28.913385826771652 cubare,
631.2755905511812 835.9370078740158 108.0 28.913385826771652 d’autre
699.8740157480315 835.9370078740158 58.960629921259844 28.913385826771652 part

53.00787401574803 869.9527559055118 45.07086614173228 32.31496062992126 à
71.14960629921259 869.9527559055118 162.4251968503937 32.31496062992126 currere
206.64566929133858 869.9527559055118 54.14173228346457 32.31496062992126 et
233.5748031496063 869.9527559055118 162.4251968503937 32.31496062992126 salire;
369.07086614173227 869.9527559055118 171.49606299212599 32.31496062992126 spatiari
513.3543307086615 869.9527559055118 81.35433070866142 32.31496062992126 donne
567.496062992126 869.9527559055118 90.14173228346456 32.31496062992126 l’idée
630.7086614173228 869.9527559055118 72.28346456692914 32.31496062992126 d’un
666.992125984252 869.9527559055118 90.14173228346456 32.31496062992126 exercice

50.173228346456696 903.9685039370079 75.68503937007874 30.04724409448819 au
87.8740157480315 903.9685039370079 113.38582677165354 30.04724409448819 grand
163.55905511811022 903.9685039370079 100.91338582677166 30.04724409448819 air,
226.48818897637796 903.9685039370079 88.15748031496064 30.04724409448819 par
276.9448818897638 903.9685039370079 176.5984251968504 30.04724409448819 opposition
415.5590551181102 903.9685039370079 62.92913385826772 30.04724409448819 à
440.78740157480314 903.9685039370079 151.37007874015748 30.04724409448819 l’espace
554.1732283464567 903.9685039370079 163.84251968503938 30.04724409448819 restreint
667.8425196850394 903.9685039370079 88.15748031496064 30.04724409448819 d’une

49.889763779527556 939.1181102362204 141.73228346456693 23.811023622047244 chambre
152.78740157480314 939.1181102362204 77.38582677165354 23.811023622047244 ou
191.6220472440945 939.1181102362204 103.18110236220473 23.811023622047244 d’un
255.96850393700788 939.1181102362204 103.18110236220473 23.811023622047244 lieu
307.5590551181102 939.1181102362204 103.18110236220473 23.811023622047244 fermé.

79.65354330708661 974.2677165354331 64.34645669291339 30.04724409448819 2.
111.96850393700787 974.2677165354331 236.40944881889763 30.04724409448819 Deambulare,
316.06299212598424 974.2677165354331 96.66141732283465 30.04724409448819 aller
380.40944881889766 974.2677165354331 64.34645669291339 30.04724409448819 et
412.7244094488189 974.2677165354331 96.66141732283465 30.04724409448819 venir
477.3543307086614 974.2677165354331 118.20472440944881 30.04724409448819 jusqu’à
563.2440944881889 974.2677165354331 64.34645669291339 30.04724409448819 ce
595.2755905511812 974.2677165354331 96.66141732283465 30.04724409448819 qu’on
659.9055118110236 974.2677165354331 85.88976377952756 30.04724409448819 soit
702.7086614173228 974.2677165354331 53.85826771653543 30.04724409448819 fa-

51.023622047244096 1008.8503937007874 115.37007874015748 29.480314960629922 tigué;
131.81102362204723 1008.8503937007874 253.70078740157481 29.480314960629922 inambulare,
351.21259842519686 1008.8503937007874 69.16535433070867 29.480314960629922 se
385.79527559055117 1008.8503937007874 138.33070866141733 29.480314960629922 promener
489.54330708661416 1008.8503937007874 92.40944881889764 29.480314960629922 dans
547.0866141732283 1008.8503937007874 69.16535433070867 29.480314960629922 un
581.9527559055118 1008.8503937007874 115.37007874015748 29.480314960629922 espace
651.1181102362204 1008.8503937007874 103.74803149606299 29.480314960629922 limité;

51.30708661417323 1044.0 250.29921259842519 29.480314960629922 obambulare,
267.3070866141732 1044.0 68.31496062992126 29.480314960629922 se
301.6062992125984 1044.0 136.62992125984252 29.480314960629922 promener
403.93700787401576 1044.0 68.31496062992126 29.480314960629922 le
437.9527559055118 1044.0 90.99212598425197 29.480314960629922 long
494.92913385826773 1044.0 90.99212598425197 29.480314960629922 d’un
551.9055118110236 1044.0 90.99212598425197 29.480314960629922 mur,
608.5984251968504 1044.0 102.33070866141732 29.480314960629922 d’une
665.5748031496063 1044.0 90.99212598425197 29.480314960629922 allée,

49.039370078740156 1078.5826771653544 80.78740157480316 29.480314960629922 ou
89.5748031496063 1078.5826771653544 67.46456692913385 29.480314960629922 à
116.50393700787401 1078.5826771653544 108.0 29.480314960629922 côté
183.96850393700788 1078.5826771653544 108.0 29.480314960629922 d’un
251.43307086614172 1078.5826771653544 175.46456692913387 29.480314960629922 compagnon
386.3622047244094 1078.5826771653544 80.78740157480316 29.480314960629922 de
413.29133858267716 1078.5826771653544 161.85826771653544 29.480314960629922 promenade.

76.53543307086615 1113.732283464567 138.61417322834646 23.244094488188978 AMENS.
173.48031496062993 1113.732283464567 152.50393700787401 23.244094488188978 DEMENS.
284.31496062992125 1113.732283464567 166.39370078740157 23.244094488188978 INSANUS.
409.03937007874015 1113.732283464567 166.39370078740157 23.244094488188978 VESANUS.
533.7637795275591 1113.732283464567 152.50393700787401 23.244094488188978 EXCORS.
630.7086614173228 1113.732283464567 124.7244094488189 23.244094488188978 VECORS.

50.45669291338583 1148.3149606299212 115.93700787401575 23.811023622047244 FUROR.
131.5275590551181 1148.3149606299212 150.51968503937007 23.811023622047244 DELIRIUM.
247.46456692913387 1148.3149606299212 127.55905511811024 23.811023622047244 RABIES.
340.15748031496065 1148.3149606299212 150.51968503937007 23.811023622047244 CERRITUS.
455.81102362204723 1148.3149606299212 162.14173228346456 23.811023622047244 LYMPHATUS.
583.3700787401575 1148.3149606299212 69.44881889763779 23.811023622047244 1.
606.6141732283464 1148.3149606299212 150.51968503937007 23.811023622047244 L'a

51.59055118110236 1182.8976377952756 166.39370078740157 29.480314960629922 mentia
188.78740157480314 1182.8976377952756 49.039370078740156 29.480314960629922 a
208.3464566929134 1182.8976377952756 58.67716535433071 29.480314960629922 un
237.82677165354332 1182.8976377952756 127.2755905511811 29.480314960629922 caractère
335.62204724409446 1182.8976377952756 107.71653543307086 29.480314960629922 négatif
413.8582677165354 1182.8976377952756 58.67716535433071 29.480314960629922 et
443.33858267716533 1182.8976377952756 107.71653543307086 29.480314960629922 passif;
521.5748031496063 1182.8976377952756 58.67716535433071 29.480314960629922 la
551.0551181102362 1182.8976377952756 195.8740157480315 29.480314960629922 dementia,
707.5275590551181 1182.8976377952756 49.039370078740156 29.480314960629922 une

51.30708661417323 1218.0472440944882 141.16535433070865 28.913385826771652 influence
159.8740157480315 1218.0472440944882 130.39370078740157 28.913385826771652 positive
257.6692913385827 1218.0472440944882 65.19685039370079 28.913385826771652 et
290.26771653543307 1218.0472440944882 141.16535433070865 28.913385826771652 violente.
398.8346456692913 1218.0472440944882 195.59055118110237 28.913385826771652 L'amens
561.5433070866142 1218.0472440944882 108.56692913385827 28.913385826771652 manque
637.7952755905512 1218.0472440944882 65.19685039370079 28.913385826771652 de
659.3385826771654 1218.0472440944882 97.79527559055119 28.913385826771652 raison:

49.32283464566929 1251.4960629921259 77.10236220472441 30.04724409448819 ou
87.8740157480315 1251.4960629921259 102.61417322834646 30.04724409448819 bien
151.93700787401573 1251.4960629921259 77.10236220472441 30.04724409448819 il
190.48818897637796 1251.4960629921259 128.40944881889763 30.04724409448819 n’agit
280.34645669291336 1251.4960629921259 89.85826771653544 30.04724409448819 pas
331.65354330708664 1251.4960629921259 77.10236220472441 30.04724409448819 du
370.20472440944883 1251.4960629921259 115.65354330708661 30.04724409448819 tout,
447.3070866141732 1251.4960629921259 77.10236220472441 30.04724409448819 ou
485.8582677165354 1251.4960629921259 77.10236220472441 30.04724409448819 il
524.4094488188977 1251.4960629921259 102.61417322834646 30.04724409448819 agit
588.4724409448819 1251.4960629921259 102.61417322834646 30.04724409448819 sans
639.7795275590552 1251.4960629921259 115.65354330708661 30.04724409448819 raison,

51.30708661417323 1285.5118110236222 102.33070866141732 30.614173228346456 comme
119.62204724409449 1285.5118110236222 68.31496062992126 30.614173228346456 un
153.63779527559055 1285.5118110236222 113.95275590551181 30.614173228346456 idiot,
233.29133858267716 1285.5118110236222 113.95275590551181 30.614173228346456 ἄφρων;
313.2283464566929 1285.5118110236222 68.31496062992126 30.614173228346456 le
347.244094488189 1285.5118110236222 204.9448818897638 30.614173228346456 demens,
518.1732283464567 1285.5118110236222 90.99212598425197 30.614173228346456 tout
574.8661417322835 1285.5118110236222 68.31496062992126 30.614173228346456 en
609.1653543307086 1285.5118110236222 125.29133858267717 30.614173228346456 croyant
688.8188976377953 1285.5118110236222 68.31496062992126 30.614173228346456 bien

313.51181102362204 1358.6456692913387 115.08661417322834 34.58267716535433 Digitized
401.9527559055118 1358.6456692913387 53.29133858267716 34.58267716535433 by
419.81102362204723 1358.6456692913387 70.86614173228347 34.58267716535433 Google
