845.2913385826772 1420.1574803149606
270.4251968503937 96.09448818897638 79.37007874015748 18.708661417322833 DE
310.1102362204724 96.09448818897638 172.06299212598427 18.708661417322833 SYNONYMIE
429.4488188976378 96.09448818897638 119.05511811023622 18.708661417322833 LATINE.

724.8188976377953 94.39370078740157 37.41732283464567 19.275590551181104 3

58.110236220472444 138.61417322834646 211.46456692913387 30.04724409448819 άναφλογίζειν.
232.15748031496062 138.61417322834646 161.5748031496063 30.04724409448819 Comburere
356.59842519685037 138.61417322834646 74.55118110236221 30.04724409448819 et
393.73228346456693 138.61417322834646 149.10236220472441 30.04724409448819 cremare,
505.7007874015748 138.61417322834646 149.10236220472441 30.04724409448819 consumer
617.6692913385826 138.61417322834646 74.55118110236221 30.04724409448819 et
654.8031496062993 138.61417322834646 124.44094488188976 30.04724409448819 brûler
729.3543307086615 138.61417322834646 37.41732283464567 30.04724409448819 :

58.110236220472444 174.33070866141733 183.96850393700788 28.346456692913385 comburere,
202.39370078740157 174.33070866141733 118.20472440944881 28.346456692913385 comme
281.1968503937008 174.33070866141733 197.00787401574803 28.346456692913385 χατακαίειν,
439.0866141732283 174.33070866141733 91.84251968503936 28.346456692913385 sur
491.5275590551181 174.33070866141733 91.84251968503936 28.346456692913385 des
543.9685039370079 174.33070866141733 157.60629921259843 28.346456692913385 charbons
649.1338582677165 174.33070866141733 118.20472440944881 28.346456692913385 ardents

58.39370078740158 208.91338582677164 116.22047244094489 30.04724409448819 (c’est
139.748031496063 208.91338582677164 69.73228346456693 30.04724409448819 le
174.61417322834646 208.91338582677164 139.46456692913387 30.04724409448819 causatif
279.496062992126 208.91338582677164 151.08661417322836 30.04724409448819 d’ardere)
395.7165354330709 208.91338582677164 58.110236220472444 30.04724409448819 ;
418.96062992125985 208.91338582677164 139.46456692913387 30.04724409448819 cremare,
523.5590551181102 208.91338582677164 104.5984251968504 30.04724409448819 comme
593.5748031496063 208.91338582677164 162.70866141732284 30.04724409448819 πιμπράναι,
709.7952755905512 208.91338582677164 58.110236220472444 30.04724409448819 par

59.811023622047244 243.49606299212599 130.11023622047244 30.04724409448819 flammes
154.48818897637796 243.49606299212599 106.2992125984252 30.04724409448819 vives
225.35433070866142 243.49606299212599 118.20472440944881 30.04724409448819 (c’est
308.12598425196853 243.49606299212599 70.86614173228347 30.04724409448819 le
343.5590551181102 243.49606299212599 141.73228346456693 30.04724409448819 causatif
449.8582677165354 243.49606299212599 70.86614173228347 30.04724409448819 de
485.29133858267716 243.49606299212599 165.54330708661416 30.04724409448819 flagrare).
615.4015748031496 243.49606299212599 70.86614173228347 30.04724409448819 On
650.8346456692914 243.49606299212599 106.2992125984252 30.04724409448819 brûle
710.0787401574803 243.49606299212599 58.960629921259844 30.04724409448819 les

58.110236220472444 278.6456692913386 131.81102362204723 28.913385826771652 morts,
150.23622047244095 278.6456692913386 131.81102362204723 28.913385826771652 mortui
242.36220472440945 278.6456692913386 184.251968503937 28.913385826771652 cremantur,
387.21259842519686 278.6456692913386 92.1259842519685 28.913385826771652 sur
439.93700787401576 278.6456692913386 79.08661417322834 28.913385826771652 un
479.33858267716533 278.6456692913386 131.81102362204723 28.913385826771652 bûcher
571.4645669291339 278.6456692913386 197.5748031496063 28.913385826771652 flamboyant;
716.3149606299213 278.6456692913386 52.724409448818896 28.913385826771652 on

60.37795275590551 312.66141732283467 103.18110236220473 30.04724409448819 brûle
128.9763779527559 312.66141732283467 80.22047244094489 30.04724409448819 les
174.89763779527559 312.66141732283467 125.85826771653544 30.04724409448819 vivants
266.45669291338584 312.66141732283467 57.25984251968504 30.04724409448819 à
289.13385826771656 312.66141732283467 103.18110236220473 30.04724409448819 petit
358.01574803149606 312.66141732283467 91.55905511811024 30.04724409448819 feu,
415.2755905511811 312.66141732283467 91.55905511811024 30.04724409448819 vivi
472.53543307086613 312.66141732283467 183.11811023622047 30.04724409448819 comburuntur,
621.3543307086615 312.66141732283467 68.5984251968504 30.04724409448819 et
655.6535433070866 312.66141732283467 103.18110236220473 30.04724409448819 cette
712.9133858267717 312.66141732283467 57.25984251968504 30.04724409448819 ma-

59.811023622047244 347.81102362204723 111.96850393700787 30.04724409448819 nière
134.36220472440945 347.81102362204723 74.55118110236221 30.04724409448819 de
171.7795275590551 347.81102362204723 124.44094488188976 30.04724409448819 parler
258.8031496062992 347.81102362204723 99.49606299212599 30.04724409448819 rend
321.1653543307087 347.81102362204723 99.49606299212599 30.04724409448819 plus
383.244094488189 347.81102362204723 161.85826771653544 30.04724409448819 frappante
507.68503937007875 347.81102362204723 161.85826771653544 30.04724409448819 l'horreur
632.1259842519685 347.81102362204723 74.55118110236221 30.04724409448819 de
669.5433070866142 347.81102362204723 74.55118110236221 30.04724409448819 la
694.488188976378 347.81102362204723 74.55118110236221 30.04724409448819 mort

60.09448818897638 383.5275590551181 85.32283464566929 28.913385826771652 par
108.85039370078741 383.5275590551181 73.13385826771653 28.913385826771652 ce
145.41732283464566 383.5275590551181 109.7007874015748 28.913385826771652 genre
218.5511811023622 383.5275590551181 73.13385826771653 28.913385826771652 de
243.21259842519686 383.5275590551181 134.07874015748033 28.913385826771652 supplice.

62.36220472440945 436.81889763779526 143.71653543307087 24.37795275590551 Acceptus,
172.91338582677164 436.81889763779526 66.33070866141732 24.37795275590551 v.
195.0236220472441 436.81889763779526 99.49606299212599 24.37795275590551 Gratus.

88.15748031496064 487.84251968503935 170.36220472440945 23.244094488188978 Accidere.
219.11811023622047 487.84251968503935 157.03937007874015 23.244094488188978 Evenire.
337.03937007874015 487.84251968503935 196.44094488188978 23.244094488188978 Contingere.
494.0787401574803 487.84251968503935 170.36220472440945 23.244094488188978 Obvenire.
612.0 487.84251968503935 157.03937007874015 23.244094488188978 Obtingere.

61.22834645669291 522.4251968503937 164.69291338582678 30.04724409448819 Accidere,
188.2204724409449 522.4251968503937 139.46456692913387 30.04724409448819 evenire
289.4173228346457 522.4251968503937 75.96850393700787 30.04724409448819 et
327.68503937007875 522.4251968503937 177.4488188976378 30.04724409448819 contingere
467.1496062992126 522.4251968503937 152.2204724409449 30.04724409448819 marquent
581.1023622047244 522.4251968503937 88.7244094488189 30.04724409448819 des
619.0866141732283 522.4251968503937 152.2204724409449 30.04724409448819 événements

62.36220472440945 557.5748031496063 177.73228346456693 29.480314960629922 favorables
202.11023622047244 557.5748031496063 76.25196850393701 29.480314960629922 ou
240.09448818897638 557.5748031496063 215.71653543307087 29.480314960629922 défavorables,
417.8267716535433 557.5748031496063 76.25196850393701 29.480314960629922 le
455.81102362204723 557.5748031496063 152.2204724409449 29.480314960629922 premier,
570.0472440944882 557.5748031496063 177.73228346456693 29.480314960629922 lorsqu’ils
696.7559055118111 557.5748031496063 76.25196850393701 29.480314960629922 sont

62.36220472440945 592.1574803149606 257.6692913385827 28.913385826771652 inattendus,qu’ils
282.8976377952756 592.1574803149606 196.15748031496062 28.913385826771652 surprennent;
442.48818897637796 592.1574803149606 73.7007874015748 28.913385826771652 le
479.33858267716533 592.1574803149606 134.9291338582677 28.913385826771652 second,
577.4173228346457 592.1574803149606 171.7795275590551 28.913385826771652 lorsqu’ils
699.8740157480315 592.1574803149606 73.7007874015748 28.913385826771652 sont

63.21259842519685 626.7401574803149 153.63779527559055 29.480314960629922 attendus,
181.70078740157481 626.7401574803149 165.54330708661416 29.480314960629922 pressentis
311.81102362204723 626.7401574803149 59.24409448818898 29.480314960629922 ;
335.33858267716533 626.7401574803149 70.86614173228347 29.480314960629922 le
370.7716535433071 626.7401574803149 165.54330708661416 29.480314960629922 troisième,
500.88188976377955 626.7401574803149 153.63779527559055 29.480314960629922 lorsqu’on
619.3700787401575 626.7401574803149 82.77165354330708 29.480314960629922 les
666.4251968503937 626.7401574803149 59.24409448818898 29.480314960629922 a
678.3307086614174 626.7401574803149 94.67716535433071 29.480314960629922 prépa-

64.34645669291339 661.8897637795276 96.37795275590551 28.913385826771652 rés,
124.44094488188976 661.8897637795276 132.3779527559055 28.913385826771652 amenés;
220.53543307086613 661.8897637795276 144.28346456692913 28.913385826771652 obvenire
328.81889763779526 661.8897637795276 72.28346456692914 28.913385826771652 et
365.1023622047244 661.8897637795276 156.4724409448819 28.913385826771652 obtingere
485.29133858267716 661.8897637795276 72.28346456692914 28.913385826771652 ne
521.5748031496063 661.8897637795276 72.28346456692914 28.913385826771652 se
557.5748031496063 661.8897637795276 120.18897637795276 28.913385826771652 disent
641.7637795275591 661.8897637795276 84.18897637795276 28.913385826771652 que
677.7637795275591 661.8897637795276 96.37795275590551 28.913385826771652 d’évé-

64.06299212598425 696.4724409448819 138.89763779527559 26.64566929133858 nements
165.25984251968504 696.4724409448819 151.6535433070866 26.64566929133858 heureux.
278.92913385826773 696.4724409448819 88.44094488188976 26.64566929133858 Les
329.6692913385827 696.4724409448819 176.88188976377953 26.64566929133858 accidentia
468.56692913385825 696.4724409448819 101.19685039370079 26.64566929133858 sont
531.7795275590552 696.4724409448819 138.89763779527559 26.64566929133858 l’œuvre
632.9763779527559 696.4724409448819 75.68503937007874 26.64566929133858 du
658.2047244094488 696.4724409448819 113.66929133858268 26.64566929133858 hasard,

63.496062992125985 731.0551181102362 90.14173228346456 28.913385826771652 les
114.80314960629921 731.0551181102362 180.56692913385828 28.913385826771652 evenientia
256.81889763779526 731.0551181102362 103.18110236220473 28.913385826771652 sont
321.1653543307087 731.0551181102362 90.14173228346456 28.913385826771652 des
372.755905511811 731.0551181102362 206.36220472440945 28.913385826771652 conséquences
540.2834645669292 731.0551181102362 77.38582677165354 28.913385826771652 de
579.1181102362204 731.0551181102362 90.14173228346456 28.913385826771652 nos
630.7086614173228 731.0551181102362 141.73228346456693 28.913385826771652 actions
720.8503937007874 731.0551181102362 51.59055118110236 28.913385826771652 ou

64.34645669291339 765.6377952755905 90.4251968503937 30.04724409448819 des
116.22047244094489 765.6377952755905 232.15748031496062 30.04724409448819 circonstances;
309.54330708661416 765.6377952755905 90.4251968503937 30.04724409448819 les
361.13385826771656 765.6377952755905 219.4015748031496 30.04724409448819 contingentia,
541.9842519685039 765.6377952755905 90.4251968503937 30.04724409448819 des
593.5748031496063 765.6377952755905 128.9763779527559 30.04724409448819 effets
683.7165354330708 765.6377952755905 77.38582677165354 30.04724409448819 de
709.511811023622 765.6377952755905 64.62992125984252 30.04724409448819 nos

67.18110236220473 800.7874015748032 141.73228346456693 28.913385826771652 efforts,
173.48031496062993 800.7874015748032 70.86614173228347 28.913385826771652 de
208.91338582677164 800.7874015748032 82.77165354330708 28.913385826771652 nos
256.251968503937 800.7874015748032 106.2992125984252 28.913385826771652 vœux,
327.11811023622045 800.7874015748032 70.86614173228347 28.913385826771652 de
362.5511811023622 800.7874015748032 82.77165354330708 28.913385826771652 nos
409.8897637795276 800.7874015748032 129.82677165354332 28.913385826771652 fautes;
504.2834645669291 800.7874015748032 82.77165354330708 28.913385826771652 les
551.3385826771654 800.7874015748032 177.16535433070865 28.913385826771652 obtingentia
693.0708661417323 800.7874015748032 70.86614173228347 28.913385826771652 et
716.8818897637796 800.7874015748032 58.960629921259844 28.913385826771652 les

65.76377952755905 834.8031496062993 195.8740157480315 27.212598425196852 obvenientia,
224.78740157480314 834.8031496062993 85.60629921259843 27.212598425196852 des
273.8267716535433 834.8031496062993 134.64566929133858 27.212598425196852 faveurs
371.62204724409446 834.8031496062993 73.41732283464567 27.212598425196852 du
408.18897637795277 834.8031496062993 109.98425196850394 27.212598425196852 sort.
481.6062992125984 834.8031496062993 97.79527559055119 27.212598425196852 Cic.
542.8346456692914 834.8031496062993 97.79527559055119 27.212598425196852 Fam.
604.0629921259842 834.8031496062993 85.60629921259843 27.212598425196852 VI,
652.8188976377953 834.8031496062993 85.60629921259843 27.212598425196852 21.
689.6692913385826 834.8031496062993 85.60629921259843 27.212598425196852 Time-

68.03149606299213 869.9527559055118 85.60629921259843 28.346456692913385 bam
116.78740157480316 869.9527559055118 73.41732283464567 28.346456692913385 ne
153.63779527559055 869.9527559055118 158.74015748031496 28.346456692913385 evenirent
275.5275590551181 869.9527559055118 85.60629921259843 28.346456692913385 quæ
324.56692913385825 869.9527559055118 183.11811023622047 28.346456692913385 acciderunt.
471.11811023622045 869.9527559055118 73.41732283464567 28.346456692913385 Je
507.68503937007875 869.9527559055118 158.74015748031496 28.346456692913385 craignais
629.8582677165355 869.9527559055118 73.41732283464567 28.346456692913385 de
666.4251968503937 869.9527559055118 97.79527559055119 28.346456692913385 voir
715.4645669291339 869.9527559055118 60.94488188976378 28.346456692913385 ces

65.76377952755905 904.5354330708661 139.46456692913387 28.346456692913385 hasards
167.24409448818898 904.5354330708661 75.96850393700787 28.346456692913385 se
205.22834645669292 904.5354330708661 164.69291338582678 28.346456692913385 réaliser.
332.2204724409449 904.5354330708661 75.96850393700787 28.346456692913385 Le
370.20472440944883 904.5354330708661 139.46456692913387 28.346456692913385 premier
471.68503937007875 904.5354330708661 88.7244094488189 28.346456692913385 des
522.1417322834645 904.5354330708661 101.48031496062993 28.346456692913385 deux
585.6377952755905 904.5354330708661 139.46456692913387 28.346456692913385 verbes,
674.3622047244095 904.5354330708661 101.48031496062993 28.346456692913385 eveni-

66.04724409448819 938.5511811023622 116.50393700787401 29.480314960629922 rent,
143.71653543307087 938.5511811023622 77.66929133858268 29.480314960629922 se
182.5511811023622 938.5511811023622 155.33858267716536 29.480314960629922 rapporte
299.0551181102362 938.5511811023622 64.62992125984252 29.480314960629922 à
324.8503937007874 938.5511811023622 142.29921259842519 29.480314960629922 Cicéron
428.31496062992125 938.5511811023622 168.09448818897638 29.480314960629922 lui-même,
557.5748031496063 938.5511811023622 64.62992125984252 29.480314960629922 à
583.6535433070866 938.5511811023622 90.4251968503937 29.480314960629922 ses
622.2047244094488 938.5511811023622 155.33858267716536 29.480314960629922 pressenti-

68.03149606299213 973.7007874015748 126.70866141732283 30.04724409448819 ments;
156.75590551181102 973.7007874015748 75.96850393700787 30.04724409448819 le
194.74015748031496 973.7007874015748 139.46456692913387 30.04724409448819 second,
296.2204724409449 973.7007874015748 189.92125984251967 30.04724409448819 acciderunt,
448.15748031496065 973.7007874015748 139.46456692913387 30.04724409448819 regarde
549.6377952755905 973.7007874015748 88.7244094488189 30.04724409448819 les
600.0944881889764 973.7007874015748 164.69291338582678 30.04724409448819 personnes
714.3307086614174 973.7007874015748 63.21259842519685 30.04724409448819 qui

66.89763779527559 1008.8503937007874 80.22047244094489 28.346456692913385 se
106.86614173228347 1008.8503937007874 160.7244094488189 28.346456692913385 montrent
227.6220472440945 1008.8503937007874 174.04724409448818 28.346456692913385 surprises
361.4173228346457 1008.8503937007874 66.89763779527559 28.346456692913385 à
388.06299212598424 1008.8503937007874 147.4015748031496 28.346456692913385 l’heure
495.21259842519686 1008.8503937007874 80.22047244094489 28.346456692913385 de
535.4645669291339 1008.8503937007874 214.29921259842519 28.346456692913385 l’événement.
696.1889763779527 1008.8503937007874 80.22047244094489 28.346456692913385 Sén.

68.31496062992126 1043.4330708661416 87.02362204724409 29.480314960629922 Ep.
117.92125984251969 1043.4330708661416 99.49606299212599 29.480314960629922 110.
180.28346456692913 1043.4330708661416 111.68503937007874 29.480314960629922 Scies
254.83464566929135 1043.4330708661416 111.68503937007874 29.480314960629922 plura
329.1023622047244 1043.4330708661416 99.49606299212599 29.480314960629922 mala
391.46456692913387 1043.4330708661416 161.5748031496063 29.480314960629922 confiner*
515.6220472440945 1043.4330708661416 111.68503937007874 29.480314960629922 nobis
590.1732283464567 1043.4330708661416 99.49606299212599 29.480314960629922 quam
639.7795275590552 1043.4330708661416 136.62992125984252 29.480314960629922 accidere,

69.44881889763779 1078.015748031496 183.4015748031496 29.480314960629922 c’est-à-dire
218.26771653543307 1078.015748031496 80.22047244094489 29.480314960629922 que
264.18897637795277 1078.015748031496 80.22047244094489 29.480314960629922 nos
310.1102362204724 1078.015748031496 171.7795275590551 29.480314960629922 souffrances
447.59055118110234 1078.015748031496 91.55905511811024 29.480314960629922 sont
504.8503937007874 1078.015748031496 91.55905511811024 29.480314960629922 plus
562.1102362204724 1078.015748031496 126.14173228346456 29.480314960629922 souvent
653.6692913385826 1078.015748031496 80.22047244094489 29.480314960629922 les
688.2519685039371 1078.015748031496 91.55905511811024 29.480314960629922 suites

68.88188976377953 1114.2992125984251 75.11811023622047 28.913385826771652 de
106.2992125984252 1114.2992125984251 87.8740157480315 28.913385826771652 nos
156.4724409448819 1114.2992125984251 138.04724409448818 28.913385826771652 propres
256.81889763779526 1114.2992125984251 100.34645669291339 28.913385826771652 vœux
319.46456692913387 1114.2992125984251 87.8740157480315 28.913385826771652 que
369.6377952755906 1114.2992125984251 138.04724409448818 28.913385826771652 l’effet
469.98425196850394 1114.2992125984251 100.34645669291339 28.913385826771652 d’un
532.6299212598425 1114.2992125984251 125.29133858267717 28.913385826771652 hasard
608.0314960629921 1114.2992125984251 125.29133858267717 28.913385826771652 aveugle.

66.89763779527559 1167.023622047244 179.43307086614172 25.511811023622048 Accipere,
204.9448818897638 1167.023622047244 82.77165354330708 25.511811023622048 v.
246.61417322834646 1167.023622047244 151.93700787401573 25.511811023622048 Sumere.
356.88188976377955 1167.023622047244 151.93700787401573 25.511811023622048 Accire,
467.43307086614175 1167.023622047244 82.77165354330708 25.511811023622048 v.
494.92913385826773 1167.023622047244 165.82677165354332 25.511811023622048 Arcessere.

69.73228346456693 1199.3385826771653 149.95275590551182 25.511811023622048 Accusare,
185.10236220472441 1199.3385826771653 69.16535433070867 25.511811023622048 v.
208.06299212598427 1199.3385826771653 115.37007874015748 25.511811023622048 Arguere.

96.94488188976378 1251.4960629921259 120.18897637795276 30.614173228346456 Acer.
177.16535433070865 1251.4960629921259 173.76377952755905 30.614173228346456 Vehemens.
310.6771653543307 1251.4960629921259 106.86614173228347 30.614173228346456 Acer
377.29133858267716 1251.4960629921259 160.15748031496062 30.614173228346456 présente
497.4803149606299 1251.4960629921259 80.22047244094489 30.614173228346456 la
537.7322834645669 1251.4960629921259 160.15748031496062 30.614173228346456 vivacité
657.9212598425197 1251.4960629921259 106.86614173228347 30.614173228346456 sous
711.2125984251968 1251.4960629921259 66.89763779527559 30.614173228346456 son

313.51181102362204 1356.9448818897638 114.80314960629921 34.58267716535433 Digitized
401.6692913385827 1356.9448818897638 53.00787401574803 34.58267716535433 by
419.5275590551181 1356.9448818897638 70.58267716535433 34.58267716535433 Google
