845.2913385826772 1420.1574803149606
298.7716535433071 120.4724409448819 128.1259842519685 19.84251968503937 DE
362.8346456692913 120.4724409448819 277.51181102362204 19.84251968503937 SYNONYMIE
576.0 120.4724409448819 234.70866141732284 19.84251968503937 LATINE.
725.3858267716536 120.4724409448819 64.06299212598425 19.84251968503937 7

83.33858267716535 164.69291338582678 99.77952755905511 26.078740157480315 ADIGERE,
157.88976377952756 164.69291338582678 49.889763779527556 26.078740157480315 v.
174.61417322834646 164.69291338582678 132.9448818897638 26.078740157480315 Cogere.

83.62204724409449 196.44094488188978 101.76377952755905 24.37795275590551 ADIPISCI,
161.85826771653544 196.44094488188978 47.05511811023622 24.37795275590551 v.
177.4488188976378 196.44094488188978 140.88188976377953 24.37795275590551 Invenire.

82.20472440944881 228.18897637795277 110.55118110236221 26.64566929133858 ADMODUM,
165.25984251968504 228.18897637795277 55.275590551181104 26.64566929133858 v.
183.68503937007873 228.18897637795277 156.75590551181102 26.64566929133858 Perquam.

83.05511811023622 260.503937007874 127.84251968503936 24.944881889763778 ADOLESCENS,
185.38582677165354 260.503937007874 51.023622047244096 24.944881889763778 v.
202.39370078740157 260.503937007874 119.33858267716535 24.944881889763778 Puer.

82.77165354330708 291.68503937007875 132.66141732283464 24.944881889763778 ADSCENDERE,
188.78740157480314 291.68503937007875 53.00787401574803 24.944881889763778 v.
206.64566929133858 291.68503937007875 159.30708661417322 24.944881889763778 Scandere.

81.92125984251969 322.2992125984252 123.8740157480315 26.078740157480315 ADSOLERE,
177.4488188976378 322.2992125984252 57.25984251968504 26.078740157480315 v.
196.44094488188978 322.2992125984252 152.50393700787401 26.078740157480315 Solere.

84.18897637795276 355.18110236220474 96.66141732283465 24.944881889763778 ADULARI,
156.4724409448819 355.18110236220474 48.188976377952756 24.944881889763778 v.
172.62992125984252 355.18110236220474 153.0708661417323 24.944881889763778 Assentiri.

83.05511811023622 385.79527559055117 92.97637795275591 24.944881889763778 ADVENA,
150.51968503937007 385.79527559055117 50.74015748031496 24.944881889763778 v.
167.5275590551181 385.79527559055117 151.93700787401573 24.944881889763778 Externus.

429.4488188976378 166.39370078740157 103.18110236220473 24.37795275590551 ADIMERE,
506.5511811023622 166.39370078740157 51.59055118110236 24.37795275590551 v.
523.8425196850394 166.39370078740157 137.48031496062993 24.37795275590551 Demere.

432.56692913385825 198.14173228346456 106.2992125984252 25.511811023622048 ADMIRARI,
514.2047244094488 198.14173228346456 49.039370078740156 25.511811023622048 v.
530.6456692913385 198.14173228346456 130.6771653543307 25.511811023622048 Vereri.

434.8346456692913 261.6377952755906 98.07874015748031 25.511811023622048 ADORARE,
508.53543307086613 261.6377952755906 49.039370078740156 25.511811023622048 v.
524.6929133858267 261.6377952755906 130.96062992125985 25.511811023622048 Vereri.

431.43307086614175 293.38582677165357 97.22834645669292 24.37795275590551 ADSQEUI,
504.56692913385825 293.38582677165357 48.47244094488189 24.37795275590551 v.
520.7244094488188 293.38582677165357 145.70078740157481 24.37795275590551 Invenire.

432.0 324.56692913385825 124.44094488188976 25.511811023622048 ADSPECTUS,
529.7952755905512 324.56692913385825 124.44094488188976 25.511811023622048 ADSPICERE,
627.5905511811023 324.56692913385825 53.29133858267716 25.511811023622048 v.
645.4488188976378 324.56692913385825 142.29921259842519 25.511811023622048 Videre.

431.7165354330709 355.748031496063 100.34645669291339 24.944881889763778 ADUNCUS,
507.11811023622045 355.748031496063 50.173228346456696 24.944881889763778 v.
523.8425196850394 355.748031496063 134.07874015748033 24.944881889763778 Curvus.

432.56692913385825 388.06299212598424 113.38582677165354 27.77952755905512 ADVENTOR,
519.8740157480315 388.06299212598424 52.44094488188976 27.77952755905512 v.
545.9527559055118 388.06299212598424 157.03937007874015 27.77952755905512 Hospes.

108.56692913385827 443.0551181102362 181.13385826771653 26.64566929133858 ADVERSARIUS.
255.68503937007873 443.0551181102362 124.44094488188976 26.64566929133858 HOSTIS.
346.3937007874016 443.0551181102362 147.11811023622047 26.64566929133858 INIMICUS.
459.496062992126 443.0551181102362 68.03149606299213 26.64566929133858 1.
493.51181102362204 443.0551181102362 260.2204724409449 26.64566929133858 Adversarius,
708.3779527559055 443.0551181102362 79.37007874015748 26.64566929133858 terme

79.65354330708661 475.93700787401576 132.09448818897638 30.614173228346456 général
175.748031496063 475.93700787401576 96.09448818897638 30.614173228346456 pour
235.84251968503938 475.93700787401576 96.09448818897638 30.614173228346456 tout
295.65354330708664 475.93700787401576 180.28346456692913 30.614173228346456 adversaire:
439.93700787401576 475.93700787401576 60.09448818897638 30.614173228346456 à
464.0314960629921 475.93700787401576 72.0 30.614173228346456 la
500.0314960629921 475.93700787401576 132.09448818897638 30.614173228346456 guerre,
596.1259842519685 475.93700787401576 96.09448818897638 30.614173228346456 dans
656.2204724409448 475.93700787401576 72.0 30.614173228346456 la
680.3149606299213 475.93700787401576 108.0 30.614173228346456 politi-

80.78740157480316 510.5196850393701 91.2755905511811 28.346456692913385 que,
137.76377952755905 510.5196850393701 68.5984251968504 28.346456692913385 en
172.06299212598427 510.5196850393701 136.91338582677164 28.346456692913385 justice,
274.6771653543307 510.5196850393701 102.61417322834646 28.346456692913385 comme
343.2755905511811 510.5196850393701 171.21259842519686 28.346456692913385 ἀντιστάτης;
480.18897637795277 510.5196850393701 205.51181102362204 28.346456692913385 hostis,
651.4015748031496 510.5196850393701 114.23622047244095 28.346456692913385 ennemi
731.3385826771654 510.5196850393701 56.976377952755904 28.346456692913385 à
742.6771653543307 510.5196850393701 45.63779527559055 28.346456692913385 la

79.08661417322834 546.8031496062993 129.82677165354332 29.480314960629922 guerre,
173.48031496062993 546.8031496062993 70.86614173228347 29.480314960629922 en
208.91338582677164 546.8031496062993 153.35433070866142 29.480314960629922 campagne,
326.8346456692913 546.8031496062993 82.48818897637796 29.480314960629922 par
373.8897637795276 546.8031496062993 164.9763779527559 29.480314960629922 opposition
503.7165354330709 546.8031496062993 58.960629921259844 29.480314960629922 à
527.2440944881889 546.8031496062993 223.93700787401573 29.480314960629922 pacatus,
704.1259842519685 546.8031496062993 82.48818897637796 29.480314960629922 comme

79.08661417322834 579.6850393700787 145.98425196850394 30.614173228346456 πολέμιος;
191.6220472440945 579.6850393700787 224.78740157480314 30.614173228346456 inimicus,
382.6771653543307 579.6850393700787 112.25196850393701 30.614173228346456 ennemi
461.1968503937008 579.6850393700787 67.46456692913385 30.614173228346456 du
494.92913385826773 579.6850393700787 89.85826771653544 30.614173228346456 fond
551.0551181102362 579.6850393700787 67.46456692913385 30.614173228346456 du
584.7874015748032 579.6850393700787 101.19685039370079 30.614173228346456 cœur,
652.2519685039371 579.6850393700787 78.80314960629921 30.614173228346456 par
685.9842519685039 579.6850393700787 101.19685039370079 30.614173228346456 opposi-

79.65354330708661 614.2677165354331 95.81102362204724 35.1496062992126 tion
139.46456692913387 614.2677165354331 59.811023622047244 35.1496062992126 à
163.55905511811022 614.2677165354331 215.71653543307087 35.1496062992126 amicus,
343.2755905511811 614.2677165354331 107.71653543307086 35.1496062992126 comme
414.99212598425197 614.2677165354331 131.81102362204723 35.1496062992126 ἐχθρός.
511.0866141732283 614.2677165354331 95.81102362204724 35.1496062992126 Cic.
570.8976377952756 614.2677165354331 95.81102362204724 35.1496062992126 Man.
630.7086614173228 614.2677165354331 83.90551181102362 35.1496062992126 10.
666.7086614173228 614.2677165354331 119.90551181102362 35.1496062992126 Pompeius

81.07086614173228 648.8503937007874 105.44881889763779 30.614173228346456 sæpius
154.77165354330708 648.8503937007874 73.7007874015748 30.614173228346456 cum
197.00787401574803 648.8503937007874 168.66141732283464 30.614173228346456 hoste
334.20472440944883 648.8503937007874 137.1968503937008 30.614173228346456 conflixit
439.65354330708664 648.8503937007874 84.4724409448819 30.614173228346456 quam
492.37795275590554 648.8503937007874 126.70866141732283 30.614173228346456 quisquam
587.3385826771654 648.8503937007874 73.7007874015748 30.614173228346456 cum
619.0866141732283 648.8503937007874 168.66141732283464 30.614173228346456 inimico

77.95275590551181 684.0 210.04724409448818 30.614173228346456 concertavit.
248.5984251968504 684.0 131.24409448818898 30.614173228346456 Pompée
340.4409448818898 684.0 131.24409448818898 30.614173228346456 compte
432.2834645669291 684.0 104.88188976377953 30.614173228346456 plus
497.76377952755905 684.0 78.80314960629921 30.614173228346456 de
537.1653543307086 684.0 144.28346456692913 30.614173228346456 combats
642.3307086614174 684.0 131.24409448818898 30.614173228346456 contre
720.8503937007874 684.0 65.76377952755905 30.614173228346456 des

75.96850393700787 718.5826771653543 144.8503937007874 30.04724409448819 armées
177.4488188976378 718.5826771653543 188.50393700787401 30.04724409448819 ennemies,
322.2992125984252 718.5826771653543 101.48031496062993 30.04724409448819 que
380.40944881889766 718.5826771653543 101.48031496062993 30.04724409448819 qui
438.23622047244095 718.5826771653543 101.48031496062993 30.04724409448819 que
496.34645669291336 718.5826771653543 87.02362204724409 30.04724409448819 ce
539.7165354330708 718.5826771653543 115.93700787401575 30.04724409448819 soit
612.2834645669292 718.5826771653543 87.02362204724409 30.04724409448819 au
655.6535433070866 718.5826771653543 130.39370078740157 30.04724409448819 monde
728.2204724409448 718.5826771653543 58.110236220472444 30.04724409448819 ne

78.23622047244095 753.7322834645669 121.88976377952756 28.913385826771652 compte
163.55905511811022 753.7322834645669 73.13385826771653 28.913385826771652 de
200.1259842519685 753.7322834645669 121.88976377952756 28.913385826771652 luttes
285.4488188976378 753.7322834645669 121.88976377952756 28.913385826771652 contre
370.7716535433071 753.7322834645669 73.13385826771653 28.913385826771652 un
407.33858267716533 753.7322834645669 121.88976377952756 28.913385826771652 ennemi
492.37795275590554 753.7322834645669 195.0236220472441 28.913385826771652 particulier.
650.8346456692914 753.7322834645669 97.51181102362204 28.913385826771652 Liv.
699.5905511811023 753.7322834645669 85.32283464566929 28.913385826771652 XXII,

80.50393700787401 787.7480314960629 68.88188976377953 30.614173228346456 39.
119.90551181102362 787.7480314960629 98.36220472440945 30.614173228346456 Nescio
188.78740157480314 787.7480314960629 58.960629921259844 30.614173228346456 an
218.26771653543307 787.7480314960629 127.84251968503936 30.614173228346456 infestior
316.62992125984255 787.7480314960629 68.88188976377953 30.614173228346456 hic
355.748031496063 787.7480314960629 226.20472440944883 30.614173228346456 adversarius,
552.4724409448819 787.7480314960629 78.51968503937007 30.614173228346456 quam
601.511811023622 787.7480314960629 78.51968503937007 30.614173228346456 ille
640.9133858267717 787.7480314960629 147.4015748031496 30.614173228346456 hostis

77.95275590551181 822.8976377952756 144.28346456692913 29.480314960629922 maneat.
182.83464566929135 822.8976377952756 210.04724409448818 29.480314960629922 J’appréhende
353.4803149606299 822.8976377952756 91.84251968503936 29.480314960629922 que
405.9212598425197 822.8976377952756 91.84251968503936 29.480314960629922 ton
458.3622047244094 822.8976377952756 183.68503937007873 29.480314960629922 adversaire
602.9291338582677 822.8976377952756 78.80314960629921 29.480314960629922 ne
642.3307086614174 822.8976377952756 118.20472440944881 29.480314960629922 reste
707.8110236220473 822.8976377952756 78.80314960629921 29.480314960629922 plus

77.38582677165354 858.0472440944882 175.1811023622047 28.346456692913385 dangereux
212.31496062992127 858.0472440944882 94.39370078740157 28.346456692913385 que
266.1732283464567 858.0472440944882 94.39370078740157 28.346456692913385 ton
306.4251968503937 858.0472440944882 121.32283464566929 28.346456692913385 ennemi.

108.85039370078741 892.6299212598425 58.960629921259844 28.913385826771652 2.
138.33070866141733 892.6299212598425 186.23622047244095 28.913385826771652 Hostilis
295.37007874015745 892.6299212598425 58.960629921259844 28.913385826771652 et
324.56692913385825 892.6299212598425 186.23622047244095 28.913385826771652 inimicus
481.6062992125984 892.6299212598425 127.55905511811024 28.913385826771652 indiquent
579.6850393700787 892.6299212598425 68.5984251968504 28.913385826771652 une
618.8031496062993 892.6299212598425 147.11811023622047 28.913385826771652 disposition
726.5196850393701 892.6299212598425 58.960629921259844 28.913385826771652 per-

81.07086614173228 927.2125984251968 107.14960629921259 29.480314960629922 manente,
161.29133858267716 927.2125984251968 169.51181102362204 29.480314960629922 infestus
304.15748031496065 927.2125984251968 53.574803149606296 29.480314960629922 et
330.8031496062992 927.2125984251968 178.58267716535434 29.480314960629922 infensus,
482.45669291338584 927.2125984251968 53.574803149606296 29.480314960629922 un
509.38582677165357 927.2125984251968 71.43307086614173 29.480314960629922 état
553.8897637795276 927.2125984251968 115.93700787401575 29.480314960629922 passager:
634.3937007874016 927.2125984251968 151.6535433070866 29.480314960629922 infestus

77.95275590551181 961.7952755905512 74.55118110236221 28.913385826771652 ne
115.37007874015748 961.7952755905512 136.62992125984252 28.913385826771652 suppose
214.58267716535434 961.7952755905512 124.15748031496064 28.913385826771652 qu’une
301.3228346456693 961.7952755905512 148.8188976377953 28.913385826771652 attitude
413.00787401574803 961.7952755905512 148.8188976377953 28.913385826771652 hostile,
524.9763779527559 961.7952755905512 74.55118110236221 28.913385826771652 et
562.1102362204724 961.7952755905512 99.21259842519684 28.913385826771652 peut
624.1889763779527 961.7952755905512 74.55118110236221 28.913385826771652 se
661.3228346456693 961.7952755905512 99.21259842519684 28.913385826771652 dire
710.9291338582677 961.7952755905512 74.55118110236221 28.913385826771652 même

76.53543307086615 996.9448818897638 96.94488188976378 28.346456692913385 des
132.09448818897638 996.9448818897638 138.33070866141733 28.346456692913385 objets
228.75590551181102 996.9448818897638 166.11023622047244 28.346456692913385 inanimés
353.4803149606299 996.9448818897638 96.94488188976378 28.346456692913385 qui
408.755905511811 996.9448818897638 110.83464566929133 28.346456692913385 nous
478.20472440944883 996.9448818897638 166.11023622047244 28.346456692913385 menacent
602.6456692913385 996.9448818897638 110.83464566929133 28.346456692913385 d’un
657.9212598425197 996.9448818897638 124.7244094488189 28.346456692913385 danger;

79.65354330708661 1031.5275590551182 212.88188976377953 28.913385826771652 infensus
259.0866141732283 1031.5275590551182 123.30708661417323 28.913385826771652 suppose
348.9448818897638 1031.5275590551182 78.51968503937007 28.913385826771652 des
393.73228346456693 1031.5275590551182 157.03937007874015 28.913385826771652 mouvements
517.0393700787401 1031.5275590551182 157.03937007874015 28.913385826771652 passionnés
640.3464566929134 1031.5275590551182 67.18110236220473 28.913385826771652 et
674.0787401574803 1031.5275590551182 67.18110236220473 28.913385826771652 ne
707.5275590551181 1031.5275590551182 67.18110236220473 28.913385826771652 se
729.9212598425197 1031.5275590551182 56.125984251968504 28.913385826771652 dit

78.80314960629921 1066.6771653543308 85.03937007874016 28.913385826771652 que
127.55905511811024 1066.6771653543308 85.03937007874016 28.913385826771652 des
176.03149606299212 1066.6771653543308 170.07874015748033 28.913385826771652 personnes.
309.8267716535433 1066.6771653543308 97.22834645669292 28.913385826771652 TAC.
370.48818897637796 1066.6771653543308 97.22834645669292 28.913385826771652 Ann.
431.43307086614175 1066.6771653543308 85.03937007874016 28.913385826771652 XV,
479.90551181102364 1066.6771653543308 85.03937007874016 28.913385826771652 28.
528.6614173228346 1066.6771653543308 85.03937007874016 28.913385826771652 Non
564.9448818897638 1066.6771653543308 218.83464566929135 28.913385826771652 infensum,

78.23622047244095 1093.3228346456692 104.31496062992126 30.04724409448819 nedum
147.68503937007873 1093.3228346456692 208.3464566929134 30.04724409448819 hostili
321.4488188976378 1093.3228346456692 92.69291338582677 30.04724409448819 odio
379.2755905511811 1093.3228346456692 162.14173228346456 30.04724409448819 Corbulonis
506.5511811023622 1093.3228346456692 104.31496062992126 30.04724409448819 nomen
576.0 1093.3228346456692 162.14173228346456 30.04724409448819 habebatur.
703.2755905511812 1093.3228346456692 69.44881889763779 30.04724409448819 Le
726.5196850393701 1093.3228346456692 57.826771653543304 30.04724409448819 nom

77.95275590551181 1135.275590551181 75.4015748031496 28.913385826771652 de
115.65354330708661 1135.275590551181 151.08661417322836 28.913385826771652 Corbulon
228.75590551181102 1135.275590551181 138.33070866141733 28.913385826771652 n’avait
329.6692913385827 1135.275590551181 125.85826771653544 28.913385826771652 jamais
417.54330708661416 1135.275590551181 125.85826771653544 28.913385826771652 excité
505.7007874015748 1135.275590551181 75.4015748031496 28.913385826771652 de
543.4015748031496 1135.275590551181 214.01574803149606 28.913385826771652 ressentiment,
707.2440944881889 1135.275590551181 75.4015748031496 28.913385826771652 loin

78.23622047244095 1170.4251968503936 121.32283464566929 28.913385826771652 d’être
163.2755905511811 1170.4251968503936 133.22834645669292 28.913385826771652 l’objet
260.2204724409449 1170.4251968503936 109.13385826771653 28.913385826771652 d’une
332.78740157480314 1170.4251968503936 109.13385826771653 28.913385826771652 haine
405.6377952755906 1170.4251968503936 169.79527559055117 28.913385826771652 nationale.
539.1496062992126 1170.4251968503936 96.94488188976378 28.913385826771652 SEN.
599.5275590551181 1170.4251968503936 72.85039370078741 28.913385826771652 N.
636.0944881889764 1170.4251968503936 72.85039370078741 28.913385826771652 Q.
672.3779527559055 1170.4251968503936 96.94488188976378 28.913385826771652 III,
720.8503937007874 1170.4251968503936 60.661417322834644 28.913385826771652 pr.

78.23622047244095 1204.4409448818897 105.16535433070867 28.346456692913385 Animus
151.93700787401573 1204.4409448818897 115.65354330708661 28.346456692913385 luxuriæ
235.84251968503938 1204.4409448818897 73.7007874015748 28.346456692913385 non
278.0787401574803 1204.4409448818897 199.84251968503938 28.346456692913385 adversus
446.1732283464567 1204.4409448818897 115.65354330708661 28.346456692913385 tantum,
530.3622047244095 1204.4409448818897 73.7007874015748 28.346456692913385 sed
572.3149606299213 1204.4409448818897 63.21259842519685 28.346456692913385 et
593.2913385826772 1204.4409448818897 189.35433070866142 28.346456692913385 infestus.

76.81889763779527 1239.5905511811025 88.15748031496064 28.913385826771652 Ame
126.99212598425197 1239.5905511811025 214.01574803149606 28.913385826771652 non-seulement
303.3070866141732 1239.5905511811025 176.31496062992127 28.913385826771652 contraire,
441.6377952755906 1239.5905511811025 100.62992125984252 28.913385826771652 mais
504.56692913385825 1239.5905511811025 138.33070866141733 28.913385826771652 rebelle
605.1968503937007 1239.5905511811025 88.15748031496064 28.913385826771652 aux
643.1811023622047 1239.5905511811025 138.33070866141733 28.913385826771652 plaisirs.

77.95275590551181 1269.6377952755906 86.74015748031496 34.01574803149607 Liv.
132.09448818897638 1269.6377952755906 75.96850393700787 34.01574803149607 II,
175.46456692913387 1269.6377952755906 75.96850393700787 34.01574803149607 20.
218.83464566929135 1269.6377952755906 151.93700787401573 34.01574803149607 Tarquinium
338.1732283464567 1269.6377952755906 195.30708661417322 34.01574803149607 infesto
500.88188976377955 1269.6377952755906 119.33858267716535 34.01574803149607 spiculo
587.6220472440945 1269.6377952755906 108.56692913385827 34.01574803149607 petit;
652.5354330708661 1269.6377952755906 130.11023622047244 34.01574803149607 Tarquinius
