839.0551181102362 1397.1968503937007
276.37795275590554 98.92913385826772 78.51968503937007 17.007874015748033 DE
315.496062992126 98.92913385826772 169.79527559055117 17.007874015748033 SYNONYMIE
433.13385826771656 98.92913385826772 117.63779527559055 17.007874015748033 LATINE.

712.9133858267717 96.09448818897638 55.55905511811024 19.84251968503937 35

62.36220472440945 142.01574803149606 176.5984251968504 29.480314960629922 trices,
209.76377952755905 142.01574803149606 176.5984251968504 29.480314960629922 auxilio
356.88188976377955 142.01574803149606 58.960629921259844 29.480314960629922 in
386.3622047244094 142.01574803149606 108.0 29.480314960629922 paterna
464.88188976377955 142.01574803149606 117.63779527559055 29.480314960629922 injuria.
553.0393700787401 142.01574803149606 68.5984251968504 29.480314960629922 Les
592.4409448818898 142.01574803149606 88.44094488188976 29.480314960629922 mères
651.4015748031496 142.01574803149606 58.960629921259844 29.480314960629922 ne
670.9606299212599 142.01574803149606 98.07874015748031 29.480314960629922 manquent

57.826771653543304 177.16535433070865 116.78740157480316 28.913385826771652 jamais
139.46456692913387 177.16535433070865 70.01574803149606 28.913385826771652 de
174.61417322834646 177.16535433070865 70.01574803149606 28.913385826771652 se
209.76377952755905 177.16535433070865 116.78740157480316 28.913385826771652 prêter
291.40157480314963 177.16535433070865 81.92125984251969 28.913385826771652 aux
338.1732283464567 177.16535433070865 140.31496062992127 28.913385826771652 sottises
443.33858267716533 177.16535433070865 70.01574803149606 28.913385826771652 de
478.48818897637796 177.16535433070865 105.16535433070867 28.913385826771652 leurs
548.7874015748032 177.16535433070865 93.54330708661418 28.913385826771652 fils
607.1811023622047 177.16535433070865 70.01574803149606 28.913385826771652 et
642.0472440944882 177.16535433070865 70.01574803149606 28.913385826771652 de
677.1968503937007 177.16535433070865 81.92125984251969 28.913385826771652 les
712.3464566929134 177.16535433070865 58.39370078740158 28.913385826771652 se-

58.960629921259844 212.31496062992127 122.74015748031496 28.346456692913385 courir
144.8503937007874 212.31496062992127 122.74015748031496 28.346456692913385 contre
230.74015748031496 212.31496062992127 196.44094488188978 28.346456692913385 l’oppression
390.3307086614173 212.31496062992127 98.07874015748031 28.346456692913385 d’un
451.5590551181102 212.31496062992127 110.55118110236221 28.346456692913385 père.
525.2598425196851 212.31496062992127 110.55118110236221 28.346456692913385 Quand
598.9606299212599 212.31496062992127 147.4015748031496 28.346456692913385 Tarquin,
697.0393700787401 212.31496062992127 73.7007874015748 28.346456692913385 dans

61.79527559055118 246.33070866141733 78.51968503937007 29.480314960629922 Liv.
111.11811023622047 246.33070866141733 68.88188976377953 29.480314960629922 II,
150.23622047244095 246.33070866141733 58.960629921259844 29.480314960629922 6,
179.71653543307087 246.33070866141733 78.51968503937007 29.480314960629922 prie
228.75590551181102 246.33070866141733 68.88188976377953 29.480314960629922 les
268.15748031496065 246.33070866141733 108.0 29.480314960629922 Véiens:
346.6771653543307 246.33070866141733 137.48031496062993 29.480314960629922 ferrent
454.6771653543307 246.33070866141733 127.55905511811024 29.480314960629922 opem,
553.0393700787401 246.33070866141733 216.0 29.480314960629922 adjuvarent,
729.6377952755905 246.33070866141733 39.40157480314961 29.480314960629922 il

61.22834645669291 280.9133858267717 88.7244094488189 27.77952755905512 faut
116.50393700787401 280.9133858267717 66.33070866141732 27.77952755905512 se
149.95275590551182 280.9133858267717 66.33070866141732 27.77952755905512 le
183.11811023622047 280.9133858267717 166.11023622047244 27.77952755905512 représenter
316.06299212598424 280.9133858267717 121.88976377952756 27.77952755905512 d’abord
404.503937007874 280.9133858267717 99.77952755905511 27.77952755905512 comme
471.11811023622045 280.9133858267717 110.83464566929133 27.77952755905512 exilé,
548.503937007874 280.9133858267717 210.61417322834646 27.77952755905512 exulans,
714.8976377952756 280.9133858267717 55.275590551181104 27.77952755905512 en-

62.645669291338585 316.06299212598424 98.07874015748031 28.913385826771652 suite
127.84251968503936 316.06299212598424 98.07874015748031 28.913385826771652 comme
193.3228346456693 316.06299212598424 163.55905511811022 28.913385826771652 prétendant,
324.0 316.06299212598424 141.73228346456693 28.913385826771652 regnum
422.0787401574803 316.06299212598424 196.15748031496062 28.913385826771652 repetiturus.

90.70866141732283 350.0787401574803 56.40944881889764 29.480314960629922 2.
118.77165354330708 350.0787401574803 141.4488188976378 29.480314960629922 Opem
231.8740157480315 350.0787401574803 56.40944881889764 29.480314960629922 et
260.2204724409449 350.0787401574803 141.4488188976378 29.480314960629922 auxilium
373.3228346456693 350.0787401574803 122.45669291338582 29.480314960629922 ferre
467.43307086614175 350.0787401574803 66.04724409448819 29.480314960629922 ont
505.13385826771656 350.0787401574803 113.10236220472441 29.480314960629922 l’accent
589.8897637795276 350.0787401574803 66.04724409448819 29.480314960629922 sur
627.5905511811023 350.0787401574803 56.40944881889764 29.480314960629922 le
646.5826771653543 350.0787401574803 122.45669291338582 29.480314960629922 substantif;

61.79527559055118 384.66141732283467 99.77952755905511 28.913385826771652 c’est
128.40944881889763 384.66141732283467 66.61417322834646 28.913385826771652 du
161.5748031496063 384.66141732283467 121.88976377952756 28.913385826771652 secours
250.29921259842519 384.66141732283467 99.77952755905511 28.913385826771652 qu’on
316.62992125984255 384.66141732283467 110.83464566929133 28.913385826771652 porte,
394.2992125984252 384.66141732283467 77.66929133858268 28.913385826771652 non
438.8031496062992 384.66141732283467 99.77952755905511 28.913385826771652 autre
505.13385826771656 384.66141732283467 110.83464566929133 28.913385826771652 chose;
571.7480314960629 384.66141732283467 199.55905511811022 28.913385826771652 opitulari

62.36220472440945 418.6771653543307 63.21259842519685 30.04724409448819 et
93.8267716535433 418.6771653543307 63.21259842519685 30.04724409448819 le
125.5748031496063 418.6771653543307 94.96062992125984 30.04724409448819 terme
188.78740157480314 418.6771653543307 126.4251968503937 30.04724409448819 poétique
283.748031496063 418.6771653543307 210.89763779527559 30.04724409448819 auxiliari
462.8976377952756 418.6771653543307 73.7007874015748 30.04724409448819 ont
504.8503937007874 418.6771653543307 126.4251968503937 30.04724409448819 l’accent
599.8110236220473 418.6771653543307 73.7007874015748 30.04724409448819 sur
642.0472440944882 418.6771653543307 84.18897637795276 30.04724409448819 leur
684.2834645669292 418.6771653543307 84.18897637795276 30.04724409448819 racine

61.22834645669291 454.3937007874016 140.5984251968504 26.078740157480315 verbale;
166.39370078740157 454.3937007874016 105.44881889763779 26.078740157480315 c’est
236.69291338582678 454.3937007874016 140.5984251968504 26.078740157480315 secourir
342.1417322834646 454.3937007874016 93.54330708661418 26.078740157480315 sans
388.9133858267717 454.3937007874016 117.07086614173228 26.078740157480315 hésiter.

89.5748031496063 488.9763779527559 87.8740157480315 29.480314960629922 AVE.
144.56692913385828 488.9763779527559 109.98425196850394 29.480314960629922 SALVE.
221.38582677165354 488.9763779527559 98.92913385826772 29.480314960629922 VALE.
287.43307086614175 488.9763779527559 164.69291338582678 29.480314960629922 Ave,
419.244094488189 488.9763779527559 120.75590551181102 29.480314960629922 formule
507.11811023622045 488.9763779527559 66.04724409448819 29.480314960629922 de
540.0 488.9763779527559 153.92125984251967 29.480314960629922 salutation
660.7559055118111 488.9763779527559 76.81889763779527 29.480314960629922 qui
693.9212598425197 488.9763779527559 76.81889763779527 29.480314960629922 s’em-

61.79527559055118 522.992125984252 115.65354330708661 30.614173228346456 ploie
138.89763779527559 522.992125984252 166.96062992125985 30.614173228346456 également
267.3070866141732 522.992125984252 64.34645669291339 30.614173228346456 à
293.1023622047244 522.992125984252 166.96062992125985 30.614173228346456 l’arrivée
421.51181102362204 522.992125984252 77.10236220472441 30.614173228346456 et
460.06299212598424 522.992125984252 77.10236220472441 30.614173228346456 au
498.61417322834643 522.992125984252 141.4488188976378 30.614173228346456 départ,
601.511811023622 522.992125984252 115.65354330708661 30.614173228346456 comme
665.5748031496063 522.992125984252 102.89763779527559 30.614173228346456 χαῖρε;

62.645669291338585 559.2755905511812 164.40944881889763 27.77952755905512 salve,
198.14173228346456 559.2755905511812 106.58267716535433 27.77952755905512 formule
275.5275590551181 559.2755905511812 106.58267716535433 27.77952755905512 d’usage
352.9133858267717 559.2755905511812 48.47244094488189 27.77952755905512 à
372.18897637795277 559.2755905511812 135.49606299212599 27.77952755905512 l’arrivée;
478.7716535433071 559.2755905511812 154.77165354330708 27.77952755905512 vale,
604.6299212598425 559.2755905511812 58.110236220472444 27.77952755905512 au
633.5433070866142 559.2755905511812 106.58267716535433 27.77952755905512 départ,
701.2913385826772 559.2755905511812 67.74803149606299 27.77952755905512 comme

63.77952755905512 594.4251968503937 104.88188976377953 30.04724409448819 ἔῤῥωσο.
140.31496062992127 594.4251968503937 85.88976377952756 30.04724409448819 SUET.
197.5748031496063 594.4251968503937 85.88976377952756 30.04724409448819 Galb.
254.83464566929135 594.4251968503937 57.25984251968504 30.04724409448819 4.
283.46456692913387 594.4251968503937 57.25984251968504 30.04724409448819 Ut
312.09448818897636 594.4251968503937 104.88188976377953 30.04724409448819 liberti
388.34645669291336 594.4251968503937 76.25196850393701 30.04724409448819 mane
436.251968503937 594.4251968503937 181.41732283464566 30.04724409448819 salvere,
588.7559055118111 594.4251968503937 104.88188976377953 30.04724409448819 vespere
655.6535433070866 594.4251968503937 114.51968503937007 30.04724409448819 va

63.21259842519685 628.4409448818898 153.63779527559055 29.480314960629922 lere
185.95275590551182 628.4409448818898 81.92125984251969 29.480314960629922 sibi
237.25984251968504 628.4409448818898 112.53543307086615 29.480314960629922 singuli
319.18110236220474 628.4409448818898 133.22834645669292 29.480314960629922 dicerent.
421.51181102362204 628.4409448818898 61.511811023622045 29.480314960629922 Il
452.12598425196853 628.4409448818898 122.74015748031496 29.480314960629922 maintint
544.2519685039371 628.4409448818898 112.53543307086615 29.480314960629922 l’usage
626.1732283464567 628.4409448818898 71.71653543307086 29.480314960629922 qui
657.0708661417323 628.4409448818898 112.53543307086615 29.480314960629922 obligeait

61.79527559055118 663.5905511811023 85.32283464566929 28.346456692913385 ses
110.55118110236221 663.5905511811023 170.36220472440945 28.346456692913385 affranchis
244.3464566929134 663.5905511811023 60.94488188976378 28.346456692913385 à
268.7244094488189 663.5905511811023 109.7007874015748 28.346456692913385 venir
341.8582677165354 663.5905511811023 85.32283464566929 28.346456692913385 lui
390.61417322834643 663.5905511811023 158.17322834645668 28.346456692913385 souhaiter
512.2204724409448 663.5905511811023 121.60629921259843 28.346456692913385 chacun
597.5433070866142 663.5905511811023 73.13385826771653 28.346456692913385 le
634.1102362204724 663.5905511811023 133.79527559055117 28.346456692913385 bonjour
719.1496062992126 663.5905511811023 48.75590551181102 28.346456692913385 le

60.94488188976378 698.7401574803149 119.62204724409449 28.346456692913385 matin,
144.56692913385828 698.7401574803149 71.71653543307086 28.346456692913385 et
180.56692913385828 698.7401574803149 71.71653543307086 28.346456692913385 le
216.56692913385828 698.7401574803149 95.81102362204724 28.346456692913385 soir
276.37795275590554 698.7401574803149 83.90551181102362 28.346456692913385 une
324.2834645669291 698.7401574803149 107.71653543307086 28.346456692913385 bonne
384.09448818897636 698.7401574803149 83.90551181102362 28.346456692913385 nuit.

62.92913385826772 752.5984251968504 95.5275590551181 27.212598425196852 AVES,
126.4251968503937 752.5984251968504 63.496062992125985 27.212598425196852 v.
158.17322834645668 752.5984251968504 212.03149606299212 27.212598425196852 Volucres.
338.45669291338584 752.5984251968504 116.50393700787401 27.212598425196852 AVIDUS,
423.21259842519686 752.5984251968504 63.496062992125985 27.212598425196852 v.
444.4724409448819 752.5984251968504 159.0236220472441 27.212598425196852 Velle.

94.39370078740157 802.488188976378 82.20472440944881 30.04724409448819 AXES.
149.10236220472441 802.488188976378 100.34645669291339 30.04724409448819 PLANCÆ.
222.23622047244095 802.488188976378 100.34645669291339 30.04724409448819 TABULÆ.
295.37007874015745 802.488188976378 136.91338582677164 30.04724409448819 Axes
404.78740157480314 802.488188976378 54.70866141732284 30.04724409448819 ou
432.2834645669291 802.488188976378 146.26771653543307 30.04724409448819 asses
551.0551181102362 802.488188976378 54.70866141732284 30.04724409448819 et
578.2677165354331 802.488188976378 164.40944881889763 30.04724409448819 plancæ,
706.1102362204724 802.488188976378 64.06299212598425 30.04724409448819 plan-

63.77952755905512 838.7716535433071 100.62992125984252 28.913385826771652 ches
126.70866141732283 838.7716535433071 125.85826771653544 28.913385826771652 brutes
214.86614173228347 838.7716535433071 113.38582677165354 28.913385826771652 qu’on
290.26771653543307 838.7716535433071 138.61417322834646 28.913385826771652 emploie
391.18110236220474 838.7716535433071 125.85826771653544 28.913385826771652 telles
479.33858267716533 838.7716535433071 151.08661417322836 28.913385826771652 qu’elles
592.7244094488188 838.7716535433071 138.61417322834646 28.913385826771652 sortent
693.3543307086615 838.7716535433071 75.68503937007874 28.913385826771652 de
718.5826771653543 838.7716535433071 50.45669291338583 28.913385826771652 la

66.33070866141732 873.3543307086615 89.5748031496063 28.913385826771652 scie:
125.85826771653544 873.3543307086615 168.9448818897638 28.913385826771652 asses,
265.3228346456693 873.3543307086615 89.5748031496063 28.913385826771652 terme
324.8503937007874 873.3543307086615 99.49606299212599 28.913385826771652 usuel;
394.5826771653543 873.3543307086615 179.1496062992126 28.913385826771652 plancæ,
543.6850393700787 873.3543307086615 89.5748031496063 28.913385826771652 terme
603.496062992126 873.3543307086615 139.1811023622047 28.913385826771652 technique,
702.7086614173228 873.3543307086615 69.73228346456693 28.913385826771652 comme

66.04724409448819 907.9370078740158 82.77165354330708 28.346456692913385 ais.
117.63779527559055 907.9370078740158 185.95275590551182 28.346456692913385 Tabulæ,
272.6929133858268 907.9370078740158 123.8740157480315 28.346456692913385 planches
365.6692913385827 907.9370078740158 155.0551181102362 28.346456692913385 travaillées
489.54330708661416 907.9370078740158 82.77165354330708 28.346456692913385 avec
541.1338582677165 907.9370078740158 82.77165354330708 28.346456692913385 plus
592.7244094488188 907.9370078740158 62.07874015748032 28.346456692913385 de
623.9055118110236 907.9370078740158 82.77165354330708 28.346456692913385 fini
675.496062992126 907.9370078740158 51.59055118110236 28.346456692913385 à
685.7007874015748 907.9370078740158 82.77165354330708 28.346456692913385 l’aide

64.62992125984252 943.0866141732283 73.13385826771653 27.77952755905512 du
101.19685039370079 943.0866141732283 121.88976377952756 27.77952755905512 rabot,
186.51968503937007 943.0866141732283 97.51181102362204 27.77952755905512 pour
247.46456692913387 943.0866141732283 121.88976377952756 27.77952755905512 servir
332.78740157480314 943.0866141732283 60.94488188976378 27.77952755905512 à
357.1653543307087 943.0866141732283 85.32283464566929 27.77952755905512 des
405.9212598425197 943.0866141732283 134.07874015748033 27.77952755905512 meubles
503.43307086614175 943.0866141732283 73.13385826771653 27.77952755905512 de
527.8110236220473 943.0866141732283 85.32283464566929 27.77952755905512 luxe.

68.5984251968504 988.4409448818898 92.1259842519685 25.511811023622048 AXILLA,
135.49606299212599 988.4409448818898 50.173228346456696 25.511811023622048 v.
152.2204724409449 988.4409448818898 125.5748031496063 25.511811023622048 Armus.

365.38582677165357 1060.4409448818897 73.13385826771653 31.748031496062993 B

94.39370078740157 1135.275590551181 123.8740157480315 28.913385826771652 BALBUS.
184.53543307086613 1135.275590551181 123.8740157480315 28.913385826771652 BLÆSUS.
274.6771653543307 1135.275590551181 202.96062992125985 28.913385826771652 Balbus,
443.90551181102364 1135.275590551181 112.81889763779527 28.913385826771652 bègue,
522.7086614173228 1135.275590551181 101.48031496062993 28.913385826771652 c’est
590.4566929133858 1135.275590551181 67.74803149606299 28.913385826771652 un
624.1889763779527 1135.275590551181 112.81889763779527 28.913385826771652 défaut
691.9370078740158 1135.275590551181 78.80314960629921 28.913385826771652 habi-

66.61417322834646 1170.4251968503936 96.66141732283465 29.480314960629922 tuel;
130.96062992125985 1170.4251968503936 193.3228346456693 29.480314960629922 blæsus,
291.9685039370079 1170.4251968503936 75.11811023622047 29.480314960629922 qui
335.0551181102362 1170.4251968503936 118.20472440944881 29.480314960629922 bégaye,
420.9448818897638 1170.4251968503936 96.66141732283465 29.480314960629922 c’est
485.29133858267716 1170.4251968503936 64.34645669291339 29.480314960629922 un
517.6062992125984 1170.4251968503936 128.69291338582678 29.480314960629922 accident
603.496062992126 1170.4251968503936 139.46456692913387 29.480314960629922 temporaire.

68.5984251968504 1223.1496062992126 126.70866141732283 26.64566929133858 BACULUS,
163.55905511811022 1223.1496062992126 63.21259842519685 26.64566929133858 v.
195.30708661417322 1223.1496062992126 189.92125984251967 26.64566929133858 Fustis.
353.4803149606299 1223.1496062992126 137.1968503937008 26.64566929133858 BAJULARE,
459.21259842519686 1223.1496062992126 63.21259842519685 26.64566929133858 v.
480.18897637795277 1223.1496062992126 158.45669291338584 26.64566929133858 Ferre.

71.14960629921259 1256.0314960629921 92.1259842519685 25.511811023622048 BARDUS,
138.33070866141733 1256.0314960629921 50.173228346456696 25.511811023622048 v.
155.0551181102362 1256.0314960629921 150.8031496062992 25.511811023622048 Stupidus.
