839.0551181102362 1397.1968503937007
308.40944881889766 179.71653543307087 198.99212598425197 34.01574803149607 MANUEL

402.5196850393701 267.3070866141732 30.04724409448819 13.606299212598426 DE

44.22047244094488 339.59055118110234 481.8897637795276 54.425196850393704 SYNONYMIE
405.6377952755906 339.59055118110234 361.4173228346457 54.425196850393704 LATINE

398.26771653543307 610.5826771653543 35.43307086614173 32.881889763779526 A

61.22834645669291 683.4330708661417 89.29133858267717 25.511811023622048 ABDERE,
126.14173228346456 683.4330708661417 48.75590551181102 25.511811023622048 v.
142.58267716535434 683.4330708661417 129.82677165354332 25.511811023622048 Celare.

84.4724409448819 735.0236220472441 128.9763779527559 28.913385826771652 ABESSE.
178.01574803149606 735.0236220472441 128.9763779527559 28.913385826771652 DEESSE.
271.84251968503935 735.0236220472441 152.2204724409449 28.913385826771652 DEFICERE.
388.9133858267717 735.0236220472441 70.2992125984252 28.913385826771652 1.
424.06299212598424 735.0236220472441 199.2755905511811 28.913385826771652 Abesse
588.1889763779527 735.0236220472441 117.07086614173228 28.913385826771652 marque
670.1102362204724 735.0236220472441 81.92125984251969 28.913385826771652 une
705.2598425196851 735.0236220472441 58.67716535433071 28.913385826771652 ab-

57.826771653543304 769.6062992125984 113.66929133858268 29.480314960629922 sence
133.79527559055117 769.6062992125984 88.44094488188976 29.480314960629922 qui
184.251968503937 769.6062992125984 75.68503937007874 29.480314960629922 se
221.95275590551182 769.6062992125984 126.14173228346456 29.480314960629922 réduit
310.3937007874016 769.6062992125984 63.21259842519685 29.480314960629922 à
335.62204724409446 769.6062992125984 88.44094488188976 29.480314960629922 une
386.0787401574803 769.6062992125984 151.37007874015748 29.480314960629922 relation
499.46456692913387 769.6062992125984 75.68503937007874 29.480314960629922 de
537.4488188976378 769.6062992125984 113.66929133858268 29.480314960629922 lieu,
613.1338582677165 769.6062992125984 75.68503937007874 29.480314960629922 ne
650.8346456692914 769.6062992125984 88.44094488188976 29.480314960629922 pas
688.8188976377953 769.6062992125984 75.68503937007874 29.480314960629922 être

60.661417322834644 804.7559055118111 109.13385826771653 29.480314960629922 quelque
140.03149606299212 804.7559055118111 89.29133858267717 29.480314960629922 part,
199.55905511811022 804.7559055118111 69.44881889763779 29.480314960629922 par
239.24409448818898 804.7559055118111 138.89763779527559 29.480314960629922 opposition
348.09448818897636 804.7559055118111 49.60629921259842 29.480314960629922 à
367.93700787401576 804.7559055118111 178.29921259842519 29.480314960629922 adesse;
516.7559055118111 804.7559055118111 168.66141732283464 29.480314960629922 deesse
655.3700787401575 804.7559055118111 99.21259842519684 29.480314960629922 marque
714.8976377952756 804.7559055118111 49.60629921259842 29.480314960629922 une

56.69291338582677 839.3385826771654 152.78740157480314 29.480314960629922 absence
167.81102362204723 839.3385826771654 97.22834645669292 29.480314960629922 qui
223.37007874015748 839.3385826771654 111.11811023622047 29.480314960629922 rend
292.81889763779526 839.3385826771654 83.33858267716535 29.480314960629922 un
334.48818897637796 839.3385826771654 111.11811023622047 29.480314960629922 tout
403.93700787401576 839.3385826771654 194.45669291338584 29.480314960629922 incomplet,
556.7244094488188 839.3385826771654 125.00787401574803 29.480314960629922 comme
626.1732283464567 839.3385826771654 138.89763779527559 29.480314960629922 manquer,

61.22834645669291 873.9212598425197 84.18897637795276 28.913385826771652 faire
117.35433070866142 873.9212598425197 102.89763779527559 28.913385826771652 défaut,
192.18897637795277 873.9212598425197 65.48031496062993 28.913385826771652 par
229.60629921259843 873.9212598425197 130.96062992125985 28.913385826771652 opposition
332.78740157480314 873.9212598425197 46.77165354330709 28.913385826771652 à
351.496062992126 873.9212598425197 140.31496062992127 28.913385826771652 esse
463.748031496063 873.9212598425197 56.125984251968504 28.913385826771652 et
491.81102362204723 873.9212598425197 196.7244094488189 28.913385826771652 superesse.
660.4724409448819 873.9212598425197 74.83464566929133 28.913385826771652 CIC.
697.8897637795276 873.9212598425197 65.48031496062993 28.913385826771652 Brut.

60.37795275590551 909.0708661417323 74.55118110236221 28.913385826771652 80.
103.18110236220473 909.0708661417323 117.35433070866142 28.913385826771652 Calidio
188.50393700787401 909.0708661417323 74.55118110236221 28.913385826771652 hoc
231.0236220472441 909.0708661417323 95.81102362204724 28.913385826771652 unum,
295.0866141732283 909.0708661417323 64.06299212598425 28.913385826771652 si
326.8346456692913 909.0708661417323 95.81102362204724 28.913385826771652 nihil
390.8976377952756 909.0708661417323 149.10236220472441 28.913385826771652 utilitatis
508.251968503937 909.0708661417323 127.84251968503936 28.913385826771652 habebat,
593.2913385826772 909.0708661417323 170.64566929133858 28.913385826771652 abfuit,

60.37795275590551 944.2204724409448 64.06299212598425 28.913385826771652 si
92.40944881889764 944.2204724409448 85.32283464566929 28.913385826771652 opus
145.70078740157481 944.2204724409448 95.81102362204724 28.913385826771652 erat,
209.76377952755905 944.2204724409448 191.90551181102362 28.913385826771652 defuit.
369.6377952755906 944.2204724409448 64.06299212598425 28.913385826771652 Si
401.6692913385827 944.2204724409448 85.32283464566929 28.913385826771652 vous
454.96062992125985 944.2204724409448 95.81102362204724 28.913385826771652 jugez
518.7401574803149 944.2204724409448 95.81102362204724 28.913385826771652 cette
582.8031496062993 944.2204724409448 117.35433070866142 28.913385826771652 qualité
657.3543307086615 944.2204724409448 106.58267716535433 28.913385826771652 inutile,

56.976377952755904 978.8031496062993 165.82677165354332 28.913385826771652 j’avouerai
187.37007874015748 978.8031496062993 130.11023622047244 28.913385826771652 qu’elle
282.0472440944882 978.8031496062993 165.82677165354332 28.913385826771652 n’existait
412.15748031496065 978.8031496062993 82.77165354330708 28.913385826771652 pas
459.496062992126 978.8031496062993 94.67716535433071 28.913385826771652 chez
518.7401574803149 978.8031496062993 153.92125984251967 28.913385826771652 Calidius;
637.2283464566929 978.8031496062993 71.14960629921259 28.913385826771652 si
672.6614173228346 978.8031496062993 94.67716535433071 28.913385826771652 vous
720.0 978.8031496062993 47.338582677165356 28.913385826771652 la

56.69291338582677 1013.9527559055118 104.5984251968504 28.913385826771652 jugez
126.4251968503937 1013.9527559055118 174.33070866141733 28.913385826771652 nécessaire,
265.6062992125984 1013.9527559055118 69.73228346456693 28.913385826771652 je
300.4724409448819 1013.9527559055118 174.33070866141733 28.913385826771652 conviendrai
439.93700787401576 1013.9527559055118 127.84251968503936 28.913385826771652 qu’elle
532.9133858267717 1013.9527559055118 81.35433070866142 28.913385826771652 lui
579.4015748031496 1013.9527559055118 127.84251968503936 28.913385826771652 faisait
660.4724409448819 1013.9527559055118 104.5984251968504 28.913385826771652 défaut.

89.85826771653544 1048.5354330708662 67.74803149606299 28.913385826771652 2.
123.8740157480315 1048.5354330708662 192.18897637795277 28.913385826771652 Deesse
282.0472440944882 1048.5354330708662 158.17322834645668 28.913385826771652 s’applique
406.20472440944883 1048.5354330708662 56.40944881889764 28.913385826771652 à
428.88188976377955 1048.5354330708662 67.74803149606299 28.913385826771652 ce
462.8976377952756 1048.5354330708662 79.08661417322834 28.913385826771652 qui
507.9685039370079 1048.5354330708662 90.4251968503937 28.913385826771652 nous
564.3779527559055 1048.5354330708662 90.4251968503937 28.913385826771652 fait
609.7322834645669 1048.5354330708662 158.17322834645668 28.913385826771652 complètement

61.22834645669291 1083.1181102362204 120.75590551181102 28.913385826771652 défaut,
149.10236220472441 1083.1181102362204 219.68503937007873 28.913385826771652 deficere,
335.90551181102364 1083.1181102362204 54.99212598425197 28.913385826771652 à
358.01574803149606 1083.1181102362204 66.04724409448819 28.913385826771652 ce
390.8976377952756 1083.1181102362204 76.81889763779527 28.913385826771652 qui
434.8346456692913 1083.1181102362204 131.81102362204723 28.913385826771652 commence
533.7637795275591 1083.1181102362204 54.99212598425197 28.913385826771652 à
555.8740157480315 1083.1181102362204 87.8740157480315 28.913385826771652 nous
610.5826771653543 1083.1181102362204 98.92913385826772 28.913385826771652 faire
665.5748031496063 1083.1181102362204 98.92913385826772 28.913385826771652 défaut.

59.52755905511811 1117.7007874015749 83.33858267716535 29.480314960629922 CIC.
111.68503937007874 1117.7007874015749 93.8267716535433 29.480314960629922 Verr.
174.04724409448818 1117.7007874015749 62.36220472440945 29.480314960629922 I,
205.51181102362204 1117.7007874015749 72.85039370078741 29.480314960629922 11.
247.1811023622047 1117.7007874015749 114.51968503937007 29.480314960629922 Vererer
330.5196850393701 1117.7007874015749 62.36220472440945 29.480314960629922 ne
361.7007874015748 1117.7007874015749 104.03149606299213 29.480314960629922 oratio
434.5511811023622 1117.7007874015749 197.85826771653544 29.480314960629922 deesset,
601.2283464566929 1117.7007874015749 62.36220472440945 29.480314960629922 ne
632.4094488188977 1117.7007874015749 72.85039370078741 29.480314960629922 vox
663.8740157480315 1117.7007874015749 104.03149606299213 29.480314960629922 viresque

59.811023622047244 1152.8503937007874 239.81102362204723 30.614173228346456 deficerent.
266.74015748031496 1152.8503937007874 65.48031496062993 30.614173228346456 Je
299.62204724409446 1152.8503937007874 152.78740157480314 30.614173228346456 craindrais
419.5275590551181 1152.8503937007874 76.25196850393701 30.614173228346456 que
463.18110236220474 1152.8503937007874 65.48031496062993 30.614173228346456 la
495.7795275590551 1152.8503937007874 109.13385826771653 30.614173228346456 parole
572.3149606299213 1152.8503937007874 65.48031496062993 30.614173228346456 ne
604.9133858267717 1152.8503937007874 65.48031496062993 30.614173228346456 me
637.511811023622 1152.8503937007874 119.90551181102362 30.614173228346456 manque,
714.0472440944882 1152.8503937007874 54.425196850393704 30.614173228346456 que

58.39370078740158 1187.4330708661416 72.28346456692914 23.244094488188978 ma
94.67716535433071 1187.4330708661416 96.37795275590551 23.244094488188978 voix
155.0551181102362 1187.4330708661416 72.28346456692914 23.244094488188978 et
191.0551181102362 1187.4330708661416 84.4724409448819 23.244094488188978 mes
239.5275590551181 1187.4330708661416 120.4724409448819 23.244094488188978 forces
323.7165354330709 1187.4330708661416 72.28346456692914 23.244094488188978 ne
347.81102362204723 1187.4330708661416 168.9448818897638 23.244094488188978 faiblissent.

61.22834645669291 1240.724409448819 104.03149606299213 25.511811023622048 ABNUERE,
139.46456692913387 1240.724409448819 52.15748031496063 25.511811023622048 v.
156.75590551181102 1240.724409448819 138.89763779527559 25.511811023622048 Negare.

628.4409448818898 1277.007874015748 60.37795275590551 21.826771653543307 1
