2982 5010
954 339 280 66 DE
1094 339 607 66 SYNONYMIE
1515 339 420 66 LATINE.

2557 333 132 68 3

205 489 746 106 άναφλογίζειν.
819 489 570 106 Comburere
1258 489 263 106 et
1389 489 526 106 cremare,
1784 489 526 106 consumer
2179 489 263 106 et
2310 489 439 106 brûler
2573 489 132 106 :

205 615 649 100 comburere,
714 615 417 100 comme
992 615 695 100 χατακαίειν,
1549 615 324 100 sur
1734 615 324 100 des
1919 615 556 100 charbons
2290 615 417 100 ardents

206 737 410 106 (c’est
493 737 246 106 le
616 737 492 106 causatif
986 737 533 106 d’ardere)
1396 737 205 106 ;
1478 737 492 106 cremare,
1847 737 369 106 comme
2094 737 574 106 πιμπράναι,
2504 737 205 106 par

211 859 459 106 flammes
545 859 375 106 vives
795 859 417 106 (c’est
1087 859 250 106 le
1212 859 500 106 causatif
1587 859 250 106 de
1712 859 584 106 flagrare).
2171 859 250 106 On
2296 859 375 106 brûle
2505 859 208 106 les

205 983 465 102 morts,
530 983 465 102 mortui
855 983 650 102 cremantur,
1366 983 325 102 sur
1552 983 279 102 un
1691 983 465 102 bûcher
2016 983 697 102 flamboyant;
2527 983 186 102 on

213 1103 364 106 brûle
455 1103 283 106 les
617 1103 444 106 vivants
940 1103 202 106 à
1020 1103 364 106 petit
1263 1103 323 106 feu,
1465 1103 323 106 vivi
1667 1103 646 106 comburuntur,
2192 1103 242 106 et
2313 1103 364 106 cette
2515 1103 202 106 ma-

211 1227 395 106 nière
474 1227 263 106 de
606 1227 439 106 parler
913 1227 351 106 rend
1133 1227 351 106 plus
1352 1227 571 106 frappante
1791 1227 571 106 l'horreur
2230 1227 263 106 de
2362 1227 263 106 la
2450 1227 263 106 mort

212 1353 301 102 par
384 1353 258 102 ce
513 1353 387 102 genre
771 1353 258 102 de
858 1353 473 102 supplice.

220 1541 507 86 Acceptus,
610 1541 234 86 v.
688 1541 351 86 Gratus.

311 1721 601 82 Accidere.
773 1721 554 82 Evenire.
1189 1721 693 82 Contingere.
1743 1721 601 82 Obvenire.
2159 1721 554 82 Obtingere.

216 1843 581 106 Accidere,
664 1843 492 106 evenire
1021 1843 268 106 et
1156 1843 626 106 contingere
1648 1843 537 106 marquent
2050 1843 313 106 des
2184 1843 537 106 événements

220 1967 627 104 favorables
713 1967 269 104 ou
847 1967 761 104 défavorables,
1474 1967 269 104 le
1608 1967 537 104 premier,
2011 1967 627 104 lorsqu’ils
2458 1967 269 104 sont

220 2089 909 102 inattendus,qu’ils
998 2089 692 102 surprennent;
1561 2089 260 102 le
1691 2089 476 102 second,
2037 2089 606 102 lorsqu’ils
2469 2089 260 102 sont

223 2211 542 104 attendus,
641 2211 584 104 pressentis
1100 2211 209 104 ;
1183 2211 250 104 le
1308 2211 584 104 troisième,
1767 2211 542 104 lorsqu’on
2185 2211 292 104 les
2351 2211 209 104 a
2393 2211 334 104 prépa-

227 2335 340 102 rés,
439 2335 467 102 amenés;
778 2335 509 102 obvenire
1160 2335 255 102 et
1288 2335 552 102 obtingere
1712 2335 255 102 ne
1840 2335 255 102 se
1967 2335 424 102 disent
2264 2335 297 102 que
2391 2335 340 102 d’évé-

226 2457 490 94 nements
583 2457 535 94 heureux.
984 2457 312 94 Les
1163 2457 624 94 accidentia
1653 2457 357 94 sont
1876 2457 490 94 l’œuvre
2233 2457 267 94 du
2322 2457 401 94 hasard,

224 2579 318 102 les
405 2579 637 102 evenientia
906 2579 364 102 sont
1133 2579 318 102 des
1315 2579 728 102 conséquences
1906 2579 273 102 de
2043 2579 318 102 nos
2225 2579 500 102 actions
2543 2579 182 102 ou

227 2701 319 106 des
410 2701 819 106 circonstances;
1092 2701 319 106 les
1274 2701 774 106 contingentia,
1912 2701 319 106 des
2094 2701 455 106 effets
2412 2701 273 106 de
2503 2701 228 106 nos

237 2825 500 102 efforts,
612 2825 250 102 de
737 2825 292 102 nos
904 2825 375 102 vœux,
1154 2825 250 102 de
1279 2825 292 102 nos
1446 2825 458 102 fautes;
1779 2825 292 102 les
1945 2825 625 102 obtingentia
2445 2825 250 102 et
2529 2825 208 102 les

232 2945 691 96 obvenientia,
793 2945 302 96 des
966 2945 475 96 faveurs
1311 2945 259 96 du
1440 2945 388 96 sort.
1699 2945 345 96 Cic.
1915 2945 345 96 Fam.
2131 2945 302 96 VI,
2303 2945 302 96 21.
2433 2945 302 96 Time-

240 3069 302 100 bam
412 3069 259 100 ne
542 3069 560 100 evenirent
972 3069 302 100 quæ
1145 3069 646 100 acciderunt.
1662 3069 259 100 Je
1791 3069 560 100 craignais
2222 3069 259 100 de
2351 3069 345 100 voir
2524 3069 215 100 ces

232 3191 492 100 hasards
590 3191 268 100 se
724 3191 581 100 réaliser.
1172 3191 268 100 Le
1306 3191 492 100 premier
1664 3191 313 100 des
1842 3191 358 100 deux
2066 3191 492 100 verbes,
2379 3191 358 100 eveni-

233 3311 411 104 rent,
507 3311 274 104 se
644 3311 548 104 rapporte
1055 3311 228 104 à
1146 3311 502 104 Cicéron
1511 3311 593 104 lui-même,
1967 3311 228 104 à
2059 3311 319 104 ses
2195 3311 548 104 pressenti-

240 3435 447 106 ments;
553 3435 268 106 le
687 3435 492 106 second,
1045 3435 670 106 acciderunt,
1581 3435 492 106 regarde
1939 3435 313 106 les
2117 3435 581 106 personnes
2520 3435 223 106 qui

236 3559 283 100 se
377 3559 567 100 montrent
803 3559 614 100 surprises
1275 3559 236 100 à
1369 3559 520 100 l’heure
1747 3559 283 100 de
1889 3559 756 100 l’événement.
2456 3559 283 100 Sén.

241 3681 307 104 Ep.
416 3681 351 104 110.
636 3681 394 104 Scies
899 3681 394 104 plura
1161 3681 351 104 mala
1381 3681 570 104 confiner*
1819 3681 394 104 nobis
2082 3681 351 104 quam
2257 3681 482 104 accidere,

245 3803 647 104 c’est-à-dire
770 3803 283 104 que
932 3803 283 104 nos
1094 3803 606 104 souffrances
1579 3803 323 104 sont
1781 3803 323 104 plus
1983 3803 445 104 souvent
2306 3803 283 104 les
2428 3803 323 104 suites

243 3931 265 102 de
375 3931 310 102 nos
552 3931 487 102 propres
906 3931 354 102 vœux
1127 3931 310 102 que
1304 3931 487 102 l’effet
1658 3931 354 102 d’un
1879 3931 442 102 hasard
2145 3931 442 102 aveugle.

236 4117 633 90 Accipere,
723 4117 292 90 v.
870 4117 536 90 Sumere.
1259 4117 536 90 Accire,
1649 4117 292 90 v.
1746 4117 585 90 Arcessere.

246 4231 529 90 Accusare,
653 4231 244 90 v.
734 4231 407 90 Arguere.

342 4415 424 108 Acer.
625 4415 613 108 Vehemens.
1096 4415 377 108 Acer
1331 4415 565 108 présente
1755 4415 283 108 la
1897 4415 565 108 vivacité
2321 4415 377 108 sous
2509 4415 236 108 son

1106 4787 405 122 Digitized
1417 4787 187 122 by
1480 4787 249 122 Google
