839.0551181102362 1397.1968503937007
269.8582677165354 72.85039370078741 79.37007874015748 17.007874015748033 DE
309.54330708661416 72.85039370078741 171.7795275590551 17.007874015748033 SYNONYMIE
428.59842519685037 72.85039370078741 118.77165354330708 17.007874015748033 LATINE.

706.6771653543307 70.58267716535433 54.425196850393704 19.275590551181104 23

51.30708661417323 115.37007874015748 168.09448818897638 29.480314960629922 γερούσιος.
183.11811023622047 115.37007874015748 180.0 29.480314960629922 Antiquus
327.40157480314963 115.37007874015748 155.90551181102362 29.480314960629922 homo,
447.3070866141732 115.37007874015748 108.0 29.480314960629922 homme
519.3070866141733 115.37007874015748 72.0 29.480314960629922 du
555.3070866141733 115.37007874015748 83.90551181102362 29.480314960629922 bon
603.496062992126 115.37007874015748 108.0 29.480314960629922 vieux
663.3070866141733 115.37007874015748 96.09448818897638 29.480314960629922 temps;

53.85826771653543 148.8188976377953 158.17322834645668 30.614173228346456 vetus,
183.96850393700788 148.8188976377953 130.11023622047244 30.614173228346456 vieillard.
286.2992125984252 148.8188976377953 65.19685039370079 30.614173228346456 Les
323.43307086614175 148.8188976377953 130.11023622047244 30.614173228346456 classiques
425.76377952755905 148.8188976377953 139.46456692913387 30.614173228346456 s’appellent
537.4488188976378 148.8188976377953 130.11023622047244 30.614173228346456 antiqui
630.4251968503937 148.8188976377953 130.11023622047244 30.614173228346456 scripto

52.724409448818896 185.10236220472441 158.17322834645668 29.480314960629922 res,
179.1496062992126 185.10236220472441 63.21259842519685 29.480314960629922 en
210.89763779527559 185.10236220472441 63.21259842519685 29.480314960629922 ce
242.64566929133858 185.10236220472441 84.4724409448819 29.480314960629922 sens
295.37007874015745 185.10236220472441 73.7007874015748 29.480314960629922 que
337.6062992125984 185.10236220472441 84.4724409448819 29.480314960629922 leur
390.3307086614173 185.10236220472441 105.44881889763779 29.480314960629922 siècle
464.0314960629921 185.10236220472441 73.7007874015748 29.480314960629922 est
506.26771653543307 185.10236220472441 105.44881889763779 29.480314960629922 depuis
579.9685039370079 185.10236220472441 137.1968503937008 29.480314960629922 longtemps
674.9291338582677 185.10236220472441 84.4724409448819 29.480314960629922 passé;

52.724409448818896 220.251968503937 201.25984251968504 27.77952755905512 veteres,
221.95275590551182 220.251968503937 63.496062992125985 27.77952755905512 en
253.98425196850394 220.251968503937 63.496062992125985 27.77952755905512 ce
285.73228346456693 220.251968503937 84.75590551181102 27.77952755905512 sens
338.45669291338584 220.251968503937 106.01574803149606 27.77952755905512 qu’ils
412.7244094488189 220.251968503937 148.251968503937 27.77952755905512 subsistent
529.2283464566929 220.251968503937 63.496062992125985 27.77952755905512 et
560.9763779527559 220.251968503937 116.50393700787401 27.77952755905512 servent
645.7322834645669 220.251968503937 63.496062992125985 27.77952755905512 de
666.992125984252 220.251968503937 95.24409448818898 27.77952755905512 modèles

50.45669291338583 254.26771653543307 126.99212598425197 28.346456692913385 depuis
139.46456692913387 254.26771653543307 101.48031496062993 28.346456692913385 deux
202.96062992125985 254.26771653543307 114.23622047244095 28.346456692913385 mille
279.21259842519686 254.26771653543307 101.48031496062993 28.346456692913385 ans.
342.70866141732284 254.26771653543307 101.48031496062993 28.346456692913385 CIC.
406.20472440944883 254.26771653543307 114.23622047244095 28.346456692913385 Verr.
482.1732283464567 254.26771653543307 89.00787401574803 28.346456692913385 Il,
533.1968503937007 254.26771653543307 89.00787401574803 28.346456692913385 21.
583.9370078740158 254.26771653543307 126.99212598425197 28.346456692913385 Vereor
672.6614173228346 254.26771653543307 76.25196850393701 28.346456692913385 ne
698.1732283464567 254.26771653543307 63.496062992125985 28.346456692913385 hæc

53.574803149606296 289.4173228346457 87.30708661417323 28.913385826771652 nimis
111.68503937007874 289.4173228346457 174.89763779527559 28.913385826771652 antiqua
257.38582677165357 289.4173228346457 58.39370078740158 28.913385826771652 et
286.5826771653543 289.4173228346457 68.03149606299213 28.913385826771652 jam
325.4173228346457 289.4173228346457 184.53543307086613 28.913385826771652 obsoleta
480.755905511811 289.4173228346457 136.06299212598427 28.913385826771652 videantur.
587.6220472440945 289.4173228346457 77.66929133858268 28.913385826771652 J’ai
636.0944881889764 289.4173228346457 77.66929133858268 28.913385826771652 peur
684.5669291338583 289.4173228346457 68.03149606299213 28.913385826771652 que
713.7637795275591 289.4173228346457 48.47244094488189 28.913385826771652 ces

51.023622047244096 324.56692913385825 152.50393700787401 28.346456692913385 exemples
165.54330708661416 324.56692913385825 76.25196850393701 28.346456692913385 de
203.5275590551181 324.56692913385825 178.01574803149606 28.346456692913385 modération
343.2755905511811 324.56692913385825 139.748031496063 28.346456692913385 n’aient
445.03937007874015 324.56692913385825 139.748031496063 28.346456692913385 vieilli
546.8031496062993 324.56692913385825 76.25196850393701 28.346456692913385 et
584.7874015748032 324.56692913385825 76.25196850393701 28.346456692913385 ne
610.2992125984252 324.56692913385825 152.50393700787401 28.346456692913385 paraissent

52.724409448818896 358.01574803149606 83.33858267716535 30.04724409448819 hors
104.88188976377953 358.01574803149606 125.29133858267717 30.04724409448819 d’usage.
198.70866141732284 358.01574803149606 125.29133858267717 30.04724409448819 Comparez
292.81889763779526 358.01574803149606 83.33858267716535 30.04724409448819 avec
344.9763779527559 358.01574803149606 93.8267716535433 30.04724409448819 Orat.
407.62204724409446 358.01574803149606 62.645669291338585 30.04724409448819 I,
438.8031496062992 358.01574803149606 73.13385826771653 30.04724409448819 37.
480.4724409448819 358.01574803149606 62.645669291338585 30.04724409448819 Ut
511.93700787401576 358.01574803149606 83.33858267716535 30.04724409448819 illi
564.0944881889764 358.01574803149606 166.96062992125985 30.04724409448819 vetus
689.1023622047244 358.01574803149606 73.13385826771653 30.04724409448819 atque

52.724409448818896 393.73228346456693 199.55905511811022 27.77952755905512 usitata
219.11811023622047 393.73228346456693 132.9448818897638 27.77952755905512 exceptio
318.8976377952756 393.73228346456693 132.9448818897638 27.77952755905512 daretur.
418.6771653543307 393.73228346456693 88.7244094488189 27.77952755905512 Pour
473.9527559055118 393.73228346456693 77.66929133858268 27.77952755905512 lui
518.4566929133858 393.73228346456693 110.83464566929133 27.77952755905512 donner
595.8425196850394 393.73228346456693 66.61417322834646 27.77952755905512 le
629.2913385826772 393.73228346456693 132.9448818897638 27.77952755905512 bénéfice
718.0157480314961 393.73228346456693 44.22047244094488 27.77952755905512 de

51.874015748031496 427.748031496063 72.0 30.04724409448819 ce
87.8740157480315 427.748031496063 156.18897637795277 30.04724409448819 privilège
207.7795275590551 427.748031496063 120.18897637795276 30.04724409448819 ancien
291.9685039370079 427.748031496063 72.0 30.04724409448819 et
327.9685039370079 427.748031496063 132.09448818897638 30.04724409448819 souvent
411.87401574803147 427.748031496063 132.09448818897638 30.04724409448819 appliqué.

80.22047244094489 462.8976377952756 67.18110236220473 28.346456692913385 2.
113.95275590551181 462.8976377952756 179.43307086614172 28.346456692913385 Vetus
259.65354330708664 462.8976377952756 67.18110236220473 28.346456692913385 se
293.38582677165357 462.8976377952756 134.64566929133858 28.346456692913385 rapporte
394.2992125984252 462.8976377952756 190.77165354330708 28.346456692913385 exclusivement
551.3385826771654 462.8976377952756 56.125984251968504 28.346456692913385 à
573.7322834645669 462.8976377952756 67.18110236220473 28.346456692913385 la
607.4645669291339 462.8976377952756 100.91338582677166 28.346456692913385 durée
674.6456692913385 462.8976377952756 67.18110236220473 28.346456692913385 et
697.3228346456693 462.8976377952756 67.18110236220473 28.346456692913385 pré-

52.15748031496063 497.4803149606299 114.51968503937007 29.480314960629922 sente
128.40944881889763 497.4803149606299 114.51968503937007 29.480314960629922 l’âge
204.9448818897638 497.4803149606299 101.76377952755905 29.480314960629922 soit
268.4409448818898 497.4803149606299 114.51968503937007 29.480314960629922 comme
344.6929133858268 497.4803149606299 76.25196850393701 29.480314960629922 un
382.96062992125985 497.4803149606299 165.25984251968504 29.480314960629922 avantage,
510.23622047244095 497.4803149606299 101.76377952755905 29.480314960629922 soit
573.7322834645669 497.4803149606299 114.51968503937007 29.480314960629922 comme
649.9842519685039 497.4803149606299 76.25196850393701 29.480314960629922 un
675.496062992126 497.4803149606299 89.00787401574803 29.480314960629922 désa-

52.724409448818896 532.0629921259842 131.24409448818898 29.480314960629922 vantage;
151.37007874015748 532.0629921259842 207.7795275590551 29.480314960629922 vetustus
326.26771653543307 532.0629921259842 54.70866141732284 29.480314960629922 a
348.09448818897636 532.0629921259842 98.36220472440945 29.480314960629922 trait
413.5748031496063 532.0629921259842 76.53543307086615 29.480314960629922 aux
457.2283464566929 532.0629921259842 153.0708661417323 29.480314960629922 priviléges
577.4173228346457 532.0629921259842 65.48031496062993 29.480314960629922 de
610.2992125984252 532.0629921259842 109.41732283464567 29.480314960629922 l’âge:
686.8346456692914 532.0629921259842 65.48031496062993 29.480314960629922 ce
708.6614173228346 532.0629921259842 54.70866141732284 29.480314960629922 qui

53.00787401574803 567.2125984251968 141.73228346456693 29.480314960629922 subsiste
159.59055118110237 567.2125984251968 70.86614173228347 29.480314960629922 de
195.0236220472441 567.2125984251968 130.11023622047244 29.480314960629922 vieille
289.4173228346457 567.2125984251968 94.67716535433071 29.480314960629922 date
348.66141732283467 567.2125984251968 82.77165354330708 29.480314960629922 est
395.7165354330709 567.2125984251968 94.67716535433071 29.480314960629922 plus
454.96062992125985 567.2125984251968 130.11023622047244 29.480314960629922 solide,
549.3543307086615 567.2125984251968 94.67716535433071 29.480314960629922 plus
596.6929133858267 567.2125984251968 165.54330708661416 29.480314960629922 respectable,

53.29133858267716 601.7952755905512 87.59055118110236 28.913385826771652 plus
108.0 601.7952755905512 54.70866141732284 28.913385826771652 à
129.82677165354332 601.7952755905512 142.01574803149606 28.913385826771652 l’épreuve
239.24409448818898 601.7952755905512 76.53543307086615 28.913385826771652 que
282.8976377952756 601.7952755905512 76.53543307086615 28.913385826771652 les
326.8346456692913 601.7952755905512 163.84251968503938 28.913385826771652 nouveautés;
457.79527559055117 601.7952755905512 65.48031496062993 28.913385826771652 il
490.6771653543307 601.7952755905512 54.70866141732284 28.913385826771652 a
512.503937007874 601.7952755905512 87.59055118110236 28.913385826771652 pour
567.2125984251968 601.7952755905512 109.41732283464567 28.913385826771652 opposé
632.6929133858267 601.7952755905512 131.24409448818898 28.913385826771652 no

54.99212598425197 636.3779527559055 169.79527559055117 27.77952755905512 vicius.
196.44094488188978 636.3779527559055 85.03937007874016 27.77952755905512 Enfin
253.13385826771653 636.3779527559055 179.43307086614172 27.77952755905512 veternus
404.2204724409449 636.3779527559055 75.4015748031496 27.77952755905512 fait
451.2755905511811 636.3779527559055 113.38582677165354 27.77952755905512 allusion
536.3149606299213 636.3779527559055 66.04724409448819 27.77952755905512 aux
574.0157480314961 636.3779527559055 132.09448818897638 27.77952755905512 infirmités
677.7637795275591 636.3779527559055 56.69291338582677 27.77952755905512 du
696.7559055118111 636.3779527559055 66.04724409448819 27.77952755905512 grand

52.44094488188976 670.3937007874016 87.30708661417323 30.04724409448819 âge
102.33070866141732 670.3937007874016 87.30708661417323 30.04724409448819 usé
152.2204724409449 670.3937007874016 87.30708661417323 30.04724409448819 par
202.11023622047244 670.3937007874016 87.30708661417323 30.04724409448819 les
252.0 670.3937007874016 137.1968503937008 30.04724409448819 années,
351.7795275590551 670.3937007874016 162.14173228346456 30.04724409448819 affaibli,
476.503937007874 670.3937007874016 124.7244094488189 30.04724409448819 épuisé
563.8110236220473 670.3937007874016 99.77952755905511 30.04724409448819 pour
626.1732283464567 670.3937007874016 112.25196850393701 30.04724409448819 avoir
688.5354330708661 670.3937007874016 74.83464566929133 30.04724409448819 duré

51.023622047244096 705.5433070866142 107.71653543307086 30.04724409448819 trop
118.20472440944881 705.5433070866142 188.50393700787401 30.04724409448819 longtemps.
266.45669291338584 705.5433070866142 107.71653543307086 30.04724409448819 Mais
333.6377952755906 705.5433070866142 121.32283464566929 30.04724409448819 comme
414.4251968503937 705.5433070866142 107.71653543307086 30.04724409448819 dans
481.8897637795276 705.5433070866142 80.78740157480316 30.04724409448819 le
522.1417322834645 705.5433070866142 107.71653543307086 30.04724409448819 beau
589.6062992125984 705.5433070866142 134.64566929133858 30.04724409448819 siècle
683.7165354330708 705.5433070866142 80.78740157480316 30.04724409448819 de
710.6456692913385 705.5433070866142 53.85826771653543 30.04724409448819 la

52.724409448818896 740.6929133858267 109.41732283464567 29.480314960629922 langue
129.54330708661416 740.6929133858267 65.76377952755905 29.480314960629922 on
162.14173228346456 740.6929133858267 65.76377952755905 29.480314960629922 ne
195.0236220472441 740.6929133858267 142.29921259842519 29.480314960629922 rencontre
304.4409448818898 740.6929133858267 207.7795275590551 29.480314960629922 veternus
479.62204724409446 740.6929133858267 76.53543307086615 29.480314960629922 que
523.2755905511812 740.6929133858267 87.59055118110236 29.480314960629922 sous
577.9842519685039 740.6929133858267 65.76377952755905 29.480314960629922 la
610.8661417322835 740.6929133858267 98.36220472440945 29.480314960629922 forme
676.3464566929134 740.6929133858267 65.76377952755905 29.480314960629922 de
698.1732283464567 740.6929133858267 65.76377952755905 29.480314960629922 sub-

55.275590551181104 775.8425196850394 121.60629921259843 27.212598425196852 stantif,
146.5511811023622 775.8425196850394 202.6771653543307 27.212598425196852 veternum,
318.61417322834643 775.8425196850394 81.07086614173228 27.212598425196852 dans
369.3543307086614 775.8425196850394 60.661417322834644 27.212598425196852 le
399.68503937007875 775.8425196850394 81.07086614173228 27.212598425196852 sens
450.4251968503937 775.8425196850394 60.661417322834644 27.212598425196852 de
480.755905511811 775.8425196850394 151.93700787401573 27.212598425196852 somnolence,
602.3622047244095 775.8425196850394 162.14173228346456 27.212598425196852 vetus
723.9685039370079 775.8425196850394 40.53543307086614 27.212598425196852 le

52.44094488188976 809.8582677165355 142.29921259842519 29.480314960629922 supplée
156.18897637795277 809.8582677165355 219.96850393700788 29.480314960629922 régulièrement
337.3228346456693 809.8582677165355 77.66929133858268 29.480314960629922 et
376.15748031496065 809.8582677165355 142.29921259842519 29.480314960629922 désigne
479.62204724409446 809.8582677165355 103.46456692913385 29.480314960629922 plus
544.5354330708661 809.8582677165355 142.29921259842519 29.480314960629922 souvent
648.0 809.8582677165355 77.66929133858268 29.480314960629922 la
673.7952755905512 809.8582677165355 90.70866141732283 29.480314960629922 déca-

54.70866141732284 845.5748031496063 96.66141732283465 28.913385826771652 dence
119.33858267716535 845.5748031496063 75.4015748031496 28.913385826771652 que
162.14173228346456 845.5748031496063 64.62992125984252 28.913385826771652 la
194.45669291338584 845.5748031496063 118.20472440944881 28.913385826771652 vigueur
280.62992125984255 845.5748031496063 64.62992125984252 28.913385826771652 de
312.9448818897638 845.5748031496063 107.43307086614173 28.913385826771652 l’âge.
388.06299212598424 845.5748031496063 86.1732283464567 28.913385826771652 TAC.
441.9212598425197 845.5748031496063 86.1732283464567 28.913385826771652 Ann.
495.7795275590551 845.5748031496063 75.4015748031496 28.913385826771652 XI,
538.5826771653543 845.5748031496063 64.62992125984252 28.913385826771652 14
570.8976377952756 845.5748031496063 64.62992125984252 28.913385826771652 et
603.2125984251968 845.5748031496063 75.4015748031496 28.913385826771652 15.
635.5275590551181 845.5748031496063 128.9763779527559 28.913385826771652 Ve

56.976377952755904 880.1574803149606 203.81102362204723 28.346456692913385 terrimis
228.75590551181102 880.1574803149606 139.46456692913387 28.346456692913385 Græcorum.
335.90551181102364 880.1574803149606 75.11811023622047 28.346456692913385 Les
378.99212598425197 880.1574803149606 150.23622047244095 28.346456692913385 caractères
496.9133858267717 880.1574803149606 64.34645669291339 28.346456692913385 de
528.9448818897638 880.1574803149606 150.23622047244095 28.346456692913385 l'alphabet
647.1496062992126 880.1574803149606 96.66141732283465 28.346456692913385 latin
700.7244094488188 880.1574803149606 64.34645669291339 28.346456692913385 sont

54.14173228346457 915.3070866141733 161.5748031496063 29.480314960629922 empruntés
178.29921259842519 915.3070866141733 87.02362204724409 29.480314960629922 aux
228.18897637795277 915.3070866141733 99.49606299212599 29.480314960629922 plus
290.26771653543307 915.3070866141733 149.10236220472441 29.480314960629922 vieilles
401.9527559055118 915.3070866141733 124.15748031496064 29.480314960629922 formes
488.9763779527559 915.3070866141733 87.02362204724409 29.480314960629922 des
538.5826771653543 915.3070866141733 136.62992125984252 29.480314960629922 lettres
625.6062992125984 915.3070866141733 136.62992125984252 29.480314960629922 grecques.

54.99212598425197 950.4566929133858 62.36220472440945 28.346456692913385 Et
86.1732283464567 950.4566929133858 239.24409448818898 28.346456692913385 vetustissima
294.23622047244095 950.4566929133858 104.03149606299213 28.346456692913385 Italiæ
367.0866141732283 950.4566929133858 155.90551181102362 28.346456692913385 disciplina.
491.81102362204723 950.4566929133858 62.36220472440945 28.346456692913385 La
522.992125984252 950.4566929133858 114.51968503937007 28.346456692913385 science
606.3307086614174 950.4566929133858 72.85039370078741 28.346456692913385 des
637.511811023622 950.4566929133858 124.7244094488189 28.346456692913385 aruspices,

54.14173228346457 984.4724409448819 74.83464566929133 30.04724409448819 la
91.55905511811024 984.4724409448819 99.77952755905511 30.04724409448819 plus
153.92125984251967 984.4724409448819 137.1968503937008 30.04724409448819 auguste
253.41732283464566 984.4724409448819 87.30708661417323 30.04724409448819 par
303.3070866141732 984.4724409448819 87.30708661417323 30.04724409448819 son
353.1968503937008 984.4724409448819 162.14173228346456 30.04724409448819 antiquité
477.9212598425197 984.4724409448819 74.83464566929133 30.04724409448819 de
515.3385826771654 984.4724409448819 124.7244094488189 30.04724409448819 toutes
602.3622047244095 984.4724409448819 87.30708661417323 30.04724409448819 les
639.7795275590552 984.4724409448819 124.7244094488189 30.04724409448819 sciences

57.54330708661417 1019.0551181102362 75.11811023622047 28.346456692913385 que
100.62992125984252 1019.0551181102362 128.9763779527559 28.346456692913385 l’Italie
186.51968503937007 1019.0551181102362 107.43307086614173 28.346456692913385 cultive.

83.05511811023622 1053.0708661417323 72.0 30.04724409448819 3.
119.05511811023622 1053.0708661417323 227.6220472440945 30.04724409448819 Antiquus
310.6771653543307 1053.0708661417323 72.0 30.04724409448819 se
346.3937007874016 1053.0708661417323 83.90551181102362 30.04724409448819 dit
394.2992125984252 1053.0708661417323 167.81102362204723 30.04724409448819 simplement
526.1102362204724 1053.0708661417323 83.90551181102362 30.04724409448819 des
574.0157480314961 1053.0708661417323 119.90551181102362 30.04724409448819 choses
657.9212598425197 1053.0708661417323 72.0 30.04724409448819 du
681.7322834645669 1053.0708661417323 83.90551181102362 30.04724409448819 vieux

56.125984251968504 1088.7874015748032 109.13385826771653 29.480314960629922 temps,
132.66141732283464 1088.7874015748032 65.48031496062993 29.480314960629922 du
165.54330708661416 1088.7874015748032 98.36220472440945 29.480314960629922 temps
231.0236220472441 1088.7874015748032 109.13385826771653 29.480314960629922 passé,
307.5590551181102 1088.7874015748032 76.53543307086615 29.480314960629922 par
351.21259842519686 1088.7874015748032 152.78740157480314 29.480314960629922 opposition
471.40157480314963 1088.7874015748032 65.48031496062993 29.480314960629922 au
504.0 1088.7874015748032 130.96062992125985 29.480314960629922 présent;
591.5905511811023 1088.7874015748032 174.89763779527559 29.480314960629922 priscus

55.55905511811024 1123.3700787401574 85.60629921259843 29.480314960629922 est
104.5984251968504 1123.3700787401574 73.41732283464567 29.480314960629922 un
141.16535433070865 1123.3700787401574 110.26771653543307 29.480314960629922 terme
214.58267716535434 1123.3700787401574 134.64566929133858 29.480314960629922 pompeux
312.66141732283467 1123.3700787401574 85.60629921259843 29.480314960629922 qui
361.7007874015748 1123.3700787401574 122.45669291338582 29.480314960629922 ajoute
447.3070866141732 1123.3700787401574 61.22834645669291 29.480314960629922 à
471.68503937007875 1123.3700787401574 122.45669291338582 29.480314960629922 l’idée
557.5748031496063 1123.3700787401574 171.49606299212599 29.480314960629922 principale
680.0314960629921 1123.3700787401574 85.60629921259843 29.480314960629922 d’an-

54.425196850393704 1158.5196850393702 141.73228346456693 28.913385826771652 tiquité
157.3228346456693 1158.5196850393702 90.14173228346456 28.913385826771652 une
208.91338582677164 1158.5196850393702 103.18110236220473 28.913385826771652 idée
273.54330708661416 1158.5196850393702 180.56692913385828 28.913385826771652 accessoire
415.2755905511811 1158.5196850393702 77.38582677165354 28.913385826771652 de
453.8267716535433 1158.5196850393702 141.73228346456693 28.913385826771652 respect
557.007874015748 1158.5196850393702 77.38582677165354 28.913385826771652 et
595.8425196850394 1158.5196850393702 77.38582677165354 28.913385826771652 de
621.6377952755905 1158.5196850393702 141.73228346456693 28.913385826771652 sainteté,

55.275590551181104 1193.6692913385828 113.66929133858268 30.04724409448819 comme
130.96062992125985 1193.6692913385828 151.37007874015748 30.04724409448819 ἀρχαῖος,
244.3464566929134 1193.6692913385828 88.44094488188976 30.04724409448819 par
294.8031496062992 1193.6692913385828 176.5984251968504 30.04724409448819 opposition
433.7007874015748 1193.6692913385828 63.21259842519685 30.04724409448819 à
458.92913385826773 1193.6692913385828 75.68503937007874 30.04724409448819 la
496.62992125984255 1193.6692913385828 100.91338582677166 30.04724409448819 mode
559.8425196850394 1193.6692913385828 75.68503937007874 30.04724409448819 du
585.0708661417323 1193.6692913385828 88.44094488188976 30.04724409448819 jour.

82.77165354330708 1227.6850393700788 60.09448818897638 30.04724409448819 4.
112.81889763779527 1227.6850393700788 189.92125984251967 30.04724409448819 Antiquus
272.6929133858268 1227.6850393700788 60.09448818897638 30.04724409448819 et
302.74015748031496 1227.6850393700788 180.0 30.04724409448819 priscus
452.6929133858268 1227.6850393700788 60.09448818897638 30.04724409448819 se
482.74015748031496 1227.6850393700788 100.06299212598425 30.04724409448819 disent
552.7559055118111 1227.6850393700788 90.14173228346456 30.04724409448819 d’une
612.8503937007874 1227.6850393700788 100.06299212598425 30.04724409448819 époque
672.6614173228346 1227.6850393700788 90.14173228346456 30.04724409448819 écoulée
