845.2913385826772 1421.291338582677
37.98425196850393 113.38582677165354 54.425196850393704 20.125984251968504 20

338.74015748031496 117.35433070866142 114.23622047244095 17.291338582677167 MANUEL

52.15748031496063 158.74015748031496 153.35433070866142 30.89763779527559 abondance
170.07874015748033 158.74015748031496 141.4488188976378 30.89763779527559 d’objets
276.37795275590554 158.74015748031496 106.01574803149606 30.89763779527559 qu’il
346.96062992125985 158.74015748031496 106.01574803149606 30.89763779527559 n’est
417.8267716535433 158.74015748031496 82.48818897637796 30.89763779527559 pas
464.88188976377955 158.74015748031496 164.9763779527559 30.89763779527559 nécessaire
594.7086614173228 158.74015748031496 153.35433070866142 30.89763779527559 d’écarter
700.7244094488188 158.74015748031496 58.960629921259844 30.89763779527559 les

53.00787401574803 194.45669291338584 74.83464566929133 30.330708661417322 uns
95.81102362204724 194.45669291338584 74.83464566929133 30.330708661417322 des
138.61417322834646 194.45669291338584 106.58267716535433 30.330708661417322 autres
213.16535433070865 194.45669291338584 85.32283464566929 30.330708661417322 pour
266.45669291338584 194.45669291338584 117.35433070866142 30.330708661417322 couvrir
351.7795275590551 194.45669291338584 64.06299212598425 30.330708661417322 un
383.81102362204723 194.45669291338584 96.09448818897638 30.330708661417322 vaste
447.87401574803147 194.45669291338584 117.35433070866142 30.330708661417322 espace;
533.1968503937007 194.45669291338584 85.32283464566929 30.330708661417322 dans
576.0 194.45669291338584 181.41732283464566 30.330708661417322 spissus,

51.874015748031496 229.03937007874015 106.01574803149606 29.763779527559056 c’est
122.74015748031496 229.03937007874015 153.0708661417323 29.763779527559056 l’absence
240.3779527559055 229.03937007874015 70.58267716535433 29.763779527559056 de
275.81102362204723 229.03937007874015 117.92125984251969 29.763779527559056 vides:
358.2992125984252 229.03937007874015 82.48818897637796 29.763779527559056 les
405.3543307086614 229.03937007874015 117.92125984251969 29.763779527559056 objets
487.84251968503935 229.03937007874015 94.11023622047244 29.763779527559056 sont
546.8031496062993 229.03937007874015 153.0708661417323 29.763779527559056 tellement
652.8188976377953 229.03937007874015 106.01574803149606 29.763779527559056 pressés

53.00787401574803 264.18897637795277 114.80314960629921 29.763779527559056 qu’ils
133.22834645669292 264.18897637795277 172.06299212598427 29.763779527559056 remplissent
270.70866141732284 264.18897637795277 91.84251968503936 29.763779527559056 tous
327.9685039370079 264.18897637795277 80.22047244094489 29.763779527559056 les
362.5511811023622 264.18897637795277 160.44094488188978 29.763779527559056 intervalles.

82.20472440944881 299.0551181102362 104.03149606299213 26.64566929133858 ANIMA.
155.0551181102362 299.0551181102362 83.33858267716535 26.64566929133858 AER.
207.21259842519686 299.0551181102362 93.54330708661418 26.64566929133858 AURA.
269.5748031496063 299.0551181102362 135.21259842519686 26.64566929133858 SPIRITUS.
373.6062992125984 299.0551181102362 125.00787401574803 26.64566929133858 SUBLIME.
467.43307086614175 299.0551181102362 166.6771653543307 26.64566929133858 Anima
602.6456692913385 299.0551181102362 62.36220472440945 26.64566929133858 et
623.6220472440945 299.0551181102362 135.21259842519686 26.64566929133858 aer,

51.874015748031496 333.3543307086614 106.2992125984252 31.46456692913386 l’air
122.74015748031496 333.3543307086614 94.39370078740157 31.46456692913386 pris
181.98425196850394 333.3543307086614 106.2992125984252 31.46456692913386 comme
252.8503937007874 333.3543307086614 141.73228346456693 31.46456692913386 élément,
359.1496062992126 333.3543307086614 94.39370078740157 31.46456692913386 ἀήρ:
418.1102362204724 333.3543307086614 200.69291338582678 31.46456692913386 anima,
583.3700787401575 333.3543307086614 82.77165354330708 31.46456692913386 par
618.8031496062993 333.3543307086614 141.73228346456693 31.46456692913386 opposition

56.40944881889764 367.93700787401576 56.69291338582677 30.89763779527559 aux
89.00787401574803 367.93700787401576 72.85039370078741 30.89763779527559 trois
137.48031496062993 367.93700787401576 80.78740157480316 30.89763779527559 autres
193.88976377952756 367.93700787401576 105.16535433070867 30.89763779527559 éléments,
274.96062992125985 367.93700787401576 40.53543307086614 30.89763779527559 à
291.11811023622045 367.93700787401576 137.48031496062993 30.89763779527559 terra,
404.2204724409449 367.93700787401576 129.25984251968504 30.89763779527559 mare,
509.38582677165357 367.93700787401576 137.48031496062993 30.89763779527559 ignis;
622.488188976378 367.93700787401576 64.62992125984252 30.89763779527559 mais
654.8031496062993 367.93700787401576 105.16535433070867 30.89763779527559 aer,

52.724409448818896 403.0866141732283 108.0 30.330708661417322 terme
124.7244094488189 403.0866141732283 144.28346456692913 30.330708661417322 étranger
232.7244094488189 403.0866141732283 72.0 30.330708661417322 et
268.7244094488189 403.0866141732283 132.09448818897638 30.330708661417322 savant,
364.81889763779526 403.0866141732283 84.18897637795276 30.330708661417322 par
413.00787401574803 403.0866141732283 168.09448818897638 30.330708661417322 opposition
545.1023622047244 403.0866141732283 60.09448818897638 30.330708661417322 à
569.1968503937007 403.0866141732283 108.0 30.330708661417322 l’air
641.1968503937007 403.0866141732283 108.0 30.330708661417322 épuré
701.2913385826772 403.0866141732283 60.09448818897638 30.330708661417322 des

56.40944881889764 434.26771653543307 111.4015748031496 34.86614173228347 célestes
140.03149606299212 434.26771653543307 120.75590551181102 34.86614173228347 demeures,
232.7244094488189 434.26771653543307 46.488188976377955 34.86614173228347 à
251.43307086614172 434.26771653543307 157.88976377952756 34.86614173228347 æther;
381.25984251968504 434.26771653543307 139.1811023622047 34.86614173228347 aura
492.66141732283467 434.26771653543307 55.55905511811024 34.86614173228347 et
520.7244094488188 434.26771653543307 185.66929133858267 34.86614173228347 spiritus,
678.3307086614174 434.26771653543307 83.62204724409449 34.86614173228347 l'air
724.8188976377953 434.26771653543307 37.13385826771653 34.86614173228347 en

54.70866141732284 472.81889763779526 154.77165354330708 29.763779527559056 mouvement:
176.31496062992127 472.81889763779526 176.88188976377953 29.763779527559056 aura,
320.0314960629921 472.81889763779526 99.49606299212599 29.763779527559056 l’air
386.3622047244094 472.81889763779526 143.71653543307087 29.763779527559056 doucement
497.1968503937008 472.81889763779526 110.55118110236221 29.763779527559056 agité,
574.5826771653543 472.81889763779526 66.33070866141732 29.763779527559056 le
607.7480314960629 472.81889763779526 121.60629921259843 29.763779527559056 souffle
685.1338582677165 472.81889763779526 77.38582677165354 29.763779527559056 léger

56.40944881889764 504.56692913385825 73.98425196850394 34.86614173228347 qui
98.64566929133858 504.56692913385825 116.22047244094489 34.86614173228347 évente,
183.11811023622047 504.56692913385825 94.96062992125984 34.86614173228347 αὖρα;
246.33070866141733 504.56692913385825 211.1811023622047 34.86614173228347 spiritus,
425.76377952755905 504.56692913385825 94.96062992125984 34.86614173228347 l’air
489.25984251968504 504.56692913385825 73.98425196850394 34.86614173228347 qui
531.496062992126 504.56692913385825 63.21259842519685 34.86614173228347 se
562.9606299212599 504.56692913385825 147.68503937007873 34.86614173228347 précipite,
679.1811023622047 504.56692913385825 73.98425196850394 34.86614173228347 qui
710.9291338582677 504.56692913385825 52.724409448818896 34.86614173228347 en-

54.14173228346457 542.5511811023622 132.09448818897638 29.763779527559056 traîne,
150.23622047244095 542.5511811023622 96.09448818897638 29.763779527559056 tout
210.33070866141733 542.5511811023622 132.09448818897638 29.763779527559056 courant
306.4251968503937 542.5511811023622 108.28346456692914 29.763779527559056 d’air
378.4251968503937 542.5511811023622 144.28346456692913 29.763779527559056 analogue
486.70866141732284 542.5511811023622 60.09448818897638 29.763779527559056 à
510.8031496062992 542.5511811023622 84.18897637795276 29.763779527559056 une
558.7086614173228 542.5511811023622 180.28346456692913 29.763779527559056 inspiration
702.992125984252 542.5511811023622 72.0 29.763779527559056 ou
727.0866141732283 542.5511811023622 36.0 29.763779527559056 à

54.70866141732284 577.1338582677165 76.53543307086615 31.46456692913386 une
98.36220472440945 577.1338582677165 163.84251968503938 31.46456692913386 expiration,
229.3228346456693 577.1338582677165 120.18897637795276 31.46456692913386 πνεῦμα;
316.62992125984255 577.1338582677165 98.36220472440945 31.46456692913386 enfin
382.1102362204724 577.1338582677165 207.49606299212599 31.46456692913386 sublime,
556.7244094488188 577.1338582677165 98.36220472440945 31.46456692913386 l’air
622.2047244094488 577.1338582677165 130.96062992125985 31.46456692913386 suspendu
709.511811023622 577.1338582677165 54.70866141732284 31.46456692913386 au-

53.85826771653543 612.2834645669292 128.9763779527559 30.330708661417322 dessus
144.0 612.2834645669292 77.38582677165354 30.330708661417322 de
182.5511811023622 612.2834645669292 115.93700787401575 30.330708661417322 nous:
259.93700787401576 612.2834645669292 77.38582677165354 30.330708661417322 ce
298.7716535433071 612.2834645669292 141.73228346456693 30.330708661417322 dernier
401.9527559055118 612.2834645669292 128.9763779527559 30.330708661417322 marque
492.09448818897636 612.2834645669292 77.38582677165354 30.330708661417322 un
530.6456692913385 612.2834645669292 128.9763779527559 30.330708661417322 simple
621.0708661417323 612.2834645669292 141.73228346456693 30.330708661417322 rapport
711.2125984251968 612.2834645669292 51.59055118110236 30.330708661417322 de

55.84251968503937 645.7322834645669 87.02362204724409 32.31496062992126 lieu
109.98425196850394 645.7322834645669 75.96850393700787 32.31496062992126 par
153.63779527559055 645.7322834645669 152.2204724409449 32.31496062992126 opposition
273.25984251968504 645.7322834645669 54.425196850393704 32.31496062992126 à
294.8031496062992 645.7322834645669 184.8188976377953 32.31496062992126 humus,
447.0236220472441 645.7322834645669 97.79527559055119 32.31496062992126 comme
512.503937007874 645.7322834645669 152.2204724409449 32.31496062992126 μετάρσιον,
621.0708661417323 645.7322834645669 119.62204724409449 32.31496062992126 μετέωρον.

83.33858267716535 681.1653543307086 117.35433070866142 30.04724409448819 ANIMA.
165.25984251968504 681.1653543307086 128.9763779527559 30.04724409448819 ANIMUS.
259.37007874015745 681.1653543307086 105.73228346456693 30.04724409448819 MENS.
329.6692913385827 681.1653543307086 70.2992125984252 30.04724409448819 1.
364.81889763779526 681.1653543307086 199.55905511811022 30.04724409448819 Anima,
529.2283464566929 681.1653543307086 105.73228346456693 30.04724409448819 l’âme
599.5275590551181 681.1653543307086 70.2992125984252 30.04724409448819 de
634.9606299212599 681.1653543307086 70.2992125984252 30.04724409448819 la
658.2047244094488 681.1653543307086 105.73228346456693 30.04724409448819 physio-

54.425196850393704 714.8976377952756 118.20472440944881 31.46456692913386 logie,
137.1968503937008 714.8976377952756 70.86614173228347 31.46456692913386 le
172.62992125984252 714.8976377952756 141.73228346456693 31.46456692913386 principe
279.21259842519686 714.8976377952756 70.86614173228347 31.46456692913386 de
314.6456692913386 714.8976377952756 70.86614173228347 31.46456692913386 la
350.0787401574803 714.8976377952756 82.77165354330708 31.46456692913386 vie
397.13385826771656 714.8976377952756 130.11023622047244 31.46456692913386 animale
491.81102362204723 714.8976377952756 94.67716535433071 31.46456692913386 chez
550.7716535433071 714.8976377952756 82.77165354330708 31.46456692913386 les
598.1102362204724 714.8976377952756 118.20472440944881 31.46456692913386 hommes
680.8818897637796 714.8976377952756 70.86614173228347 31.46456692913386 et
704.6929133858267 714.8976377952756 58.960629921259844 31.46456692913386 les

55.55905511811024 751.1811023622047 111.96850393700787 31.46456692913386 bêtes,
134.07874015748033 751.1811023622047 78.51968503937007 31.46456692913386 vie
178.86614173228347 751.1811023622047 78.51968503937007 31.46456692913386 qui
223.93700787401573 751.1811023622047 100.91338582677166 31.46456692913386 cesse
291.11811023622045 751.1811023622047 89.5748031496063 31.46456692913386 avec
347.244094488189 751.1811023622047 67.18110236220473 31.46456692913386 la
380.6929133858268 751.1811023622047 179.43307086614172 31.46456692913386 respiration,
526.3937007874016 751.1811023622047 100.91338582677166 31.46456692913386 ψυχή;
582.5196850393701 751.1811023622047 179.43307086614172 31.46456692913386 animus,

54.99212598425197 786.3307086614174 108.28346456692914 30.89763779527559 l’âme
126.99212598425197 786.3307086614174 72.0 30.89763779527559 de
162.99212598425197 786.3307086614174 72.0 30.89763779527559 la
199.2755905511811 786.3307086614174 180.28346456692913 30.89763779527559 psychologie
343.5590551181102 786.3307086614174 72.0 30.89763779527559 et
379.5590551181102 786.3307086614174 72.0 30.89763779527559 de
415.5590551181102 786.3307086614174 72.0 30.89763779527559 la
451.5590551181102 786.3307086614174 132.3779527559055 30.89763779527559 morale,
547.9370078740158 786.3307086614174 72.0 30.89763779527559 le
583.9370078740158 786.3307086614174 144.28346456692913 30.89763779527559 principe
692.2204724409448 786.3307086614174 72.0 30.89763779527559 de
716.0314960629921 786.3307086614174 48.188976377952756 30.89763779527559 la

55.55905511811024 821.4803149606299 191.90551181102362 30.330708661417322 personnalité
211.46456692913387 821.4803149606299 83.90551181102362 30.330708661417322 qui
259.37007874015745 821.4803149606299 108.0 30.330708661417322 cesse
331.37007874015745 821.4803149606299 95.81102362204724 30.330708661417322 avec
391.18110236220474 821.4803149606299 72.0 30.330708661417322 la
427.18110236220474 821.4803149606299 144.0 30.330708661417322 volonté,
535.1811023622047 821.4803149606299 119.90551181102362 30.330708661417322 θυμός.
619.0866141732283 821.4803149606299 72.0 30.330708661417322 Au
655.0866141732283 821.4803149606299 95.81102362204724 30.330708661417322 sens
702.992125984252 821.4803149606299 60.09448818897638 30.330708661417322 my-

54.99212598425197 855.496062992126 155.33858267716536 30.89763779527559 thologique
176.88188976377953 855.496062992126 77.66929133858268 30.89763779527559 les
221.38582677165354 855.496062992126 88.7244094488189 30.89763779527559 âmes
276.66141732283467 855.496062992126 77.66929133858268 30.89763779527559 des
321.1653543307087 855.496062992126 99.77952755905511 30.89763779527559 morts
387.7795275590551 855.496062992126 166.39370078740157 30.89763779527559 s’appellent
520.7244094488188 855.496062992126 188.50393700787401 30.89763779527559 animæ,
676.0629921259842 855.496062992126 66.61417322834646 30.89763779527559 ce
698.1732283464567 855.496062992126 66.61417322834646 30.89763779527559 sont

56.976377952755904 890.0787401574803 83.90551181102362 30.89763779527559 des
104.88188976377953 890.0787401574803 131.81102362204723 30.89763779527559 ombres;
200.69291338582678 890.0787401574803 72.0 30.89763779527559 au
236.69291338582678 890.0787401574803 95.81102362204724 30.89763779527559 sens
296.503937007874 890.0787401574803 191.6220472440945 30.89763779527559 métaphysique
452.40944881889766 890.0787401574803 203.81102362204723 30.89763779527559 animi,
620.2204724409448 890.0787401574803 72.0 30.89763779527559 ce
656.2204724409448 890.0787401574803 95.81102362204724 30.89763779527559 sont
704.1259842519685 890.0787401574803 59.811023622047244 30.89763779527559 des

58.67716535433071 925.2283464566929 136.62992125984252 30.330708661417322 esprits.
161.00787401574803 925.2283464566929 204.9448818897638 30.330708661417322 L’anima
331.93700787401576 925.2283464566929 79.65354330708661 30.330708661417322 est
377.29133858267716 925.2283464566929 68.31496062992126 30.330708661417322 un
411.59055118110234 925.2283464566929 79.65354330708661 30.330708661417322 des
457.2283464566929 925.2283464566929 136.62992125984252 30.330708661417322 éléments
559.5590551181102 925.2283464566929 68.31496062992126 30.330708661417322 de
593.8582677165355 925.2283464566929 170.64566929133858 30.330708661417322 l’existence
718.8661417322835 925.2283464566929 45.63779527559055 30.330708661417322 du

58.39370078740158 959.8110236220473 110.55118110236221 30.89763779527559 corps;
135.7795275590551 959.8110236220473 66.33070866141732 30.89763779527559 le
168.9448818897638 959.8110236220473 88.44094488188976 30.89763779527559 même
223.93700787401573 959.8110236220473 99.49606299212599 30.89763779527559 corps
290.26771653543307 959.8110236220473 77.38582677165354 30.89763779527559 n’a
334.48818897637796 959.8110236220473 77.38582677165354 30.89763779527559 pas
378.70866141732284 959.8110236220473 132.3779527559055 30.89763779527559 d’opposé
477.9212598425197 959.8110236220473 88.44094488188976 30.89763779527559 plus
533.1968503937007 959.8110236220473 121.32283464566929 30.89763779527559 tranché
610.5826771653543 959.8110236220473 154.48818897637796 30.89763779527559 qu'a

58.960629921259844 994.9606299212599 166.39370078740157 29.763779527559056 nimus.
196.15748031496062 994.9606299212599 78.23622047244095 29.763779527559056 SEN.
245.1968503937008 994.9606299212599 68.5984251968504 29.763779527559056 Ep.
284.31496062992125 994.9606299212599 58.67716535433071 29.763779527559056 4.
313.51181102362204 994.9606299212599 127.2755905511811 29.763779527559056 Difficile
411.59055118110234 994.9606299212599 68.5984251968504 29.763779527559056 est
450.70866141732284 994.9606299212599 166.39370078740157 29.763779527559056 animum
587.6220472440945 994.9606299212599 127.2755905511811 29.763779527559056 perducere
685.7007874015748 994.9606299212599 58.67716535433071 29.763779527559056 ad
705.2598425196851 994.9606299212599 58.67716535433071 29.763779527559056 con-

58.39370078740158 1029.5433070866143 152.2204724409449 30.330708661417322 temptionem
178.01574803149606 1029.5433070866143 185.10236220472441 30.330708661417322 animæ.
330.23622047244095 1029.5433070866143 65.19685039370079 30.330708661417322 Il
363.11811023622045 1029.5433070866143 76.25196850393701 30.330708661417322 est
406.48818897637796 1029.5433070866143 141.4488188976378 30.330708661417322 difficile
515.3385826771654 1029.5433070866143 130.6771653543307 30.330708661417322 d’amener
613.4173228346457 1029.5433070866143 98.07874015748031 30.330708661417322 l’âme
667.5590551181102 1029.5433070866143 98.07874015748031 30.330708661417322 raison-

56.40944881889764 1064.6929133858268 109.41732283464567 29.763779527559056 nable
129.54330708661416 1064.6929133858268 145.98425196850394 29.763779527559056 jusqu’au
238.96062992125985 1064.6929133858268 121.60629921259843 29.763779527559056 mépris
324.0 1064.6929133858268 72.85039370078741 29.763779527559056 de
360.56692913385825 1064.6929133858268 109.41732283464567 29.763779527559056 l’âme
433.4173228346457 1064.6929133858268 170.36220472440945 29.763779527559056 sensitive.
567.2125984251968 1064.6929133858268 121.60629921259843 29.763779527559056 JUVEN.
652.5354330708661 1064.6929133858268 85.03937007874016 29.763779527559056 XV,
689.1023622047244 1064.6929133858268 72.85039370078741 29.763779527559056 148.

59.52755905511811 1098.708661417323 140.5984251968504 30.330708661417322 Principio
167.81102362204723 1098.708661417323 129.82677165354332 30.330708661417322 indulsit
265.03937007874015 1098.708661417323 129.82677165354332 30.330708661417322 communis
362.5511811023622 1098.708661417323 129.82677165354332 30.330708661417322 conditor
460.06299212598424 1098.708661417323 97.51181102362204 30.330708661417322 illis
524.9763779527559 1098.708661417323 108.28346456692914 30.330708661417322 tantum
589.8897637795276 1098.708661417323 173.1968503937008 30.330708661417322 animas,

59.52755905511811 1133.291338582677 113.38582677165354 29.763779527559056 nobis
134.9291338582677 1133.291338582677 214.01574803149606 29.763779527559056 animum
311.244094488189 1133.291338582677 138.61417322834646 29.763779527559056 quoque.
412.15748031496065 1133.291338582677 75.68503937007874 29.763779527559056 Au
449.8582677165354 1133.291338582677 201.54330708661416 29.763779527559056 commencement
613.7007874015748 1133.291338582677 75.68503937007874 29.763779527559056 le
638.9291338582677 1133.291338582677 125.85826771653544 29.763779527559056 créateur

59.52755905511811 1168.4409448818897 130.39370078740157 30.89763779527559 commun
150.8031496062992 1168.4409448818897 169.51181102362204 30.89763779527559 n’accorda
280.9133858267717 1168.4409448818897 91.2755905511811 30.89763779527559 aux
333.07086614173227 1168.4409448818897 143.43307086614172 30.89763779527559 animaux
437.38582677165357 1168.4409448818897 91.2755905511811 30.89763779527559 que
489.54330708661416 1168.4409448818897 91.2755905511811 30.89763779527559 des
541.7007874015748 1168.4409448818897 104.31496062992126 30.89763779527559 âmes
593.5748031496063 1168.4409448818897 169.51181102362204 30.89763779527559 sensitives,

58.67716535433071 1203.023622047244 74.55118110236221 25.511811023622048 il
96.09448818897638 1203.023622047244 99.21259842519684 25.511811023622048 nous
157.88976377952756 1203.023622047244 136.3464566929134 25.511811023622048 accorda
257.1023622047244 1203.023622047244 74.55118110236221 25.511811023622048 en
294.5196850393701 1203.023622047244 111.68503937007874 25.511811023622048 outre
368.78740157480314 1203.023622047244 86.74015748031496 25.511811023622048 une
418.3937007874016 1203.023622047244 86.74015748031496 25.511811023622048 âme
455.5275590551181 1203.023622047244 173.76377952755905 25.511811023622048 raisonnable.

87.8740157480315 1237.3228346456692 70.01574803149606 31.748031496062993 2.
122.74015748031496 1237.3228346456692 210.04724409448818 31.748031496062993 Animus,
297.9212598425197 1237.3228346456692 105.16535433070867 31.748031496062993 l’âme
367.93700787401576 1237.3228346456692 128.40944881889763 31.748031496062993 humaine
461.4803149606299 1237.3228346456692 105.16535433070867 31.748031496062993 prise
531.496062992126 1237.3228346456692 105.16535433070867 31.748031496062993 comme
601.511811023622 1237.3228346456692 70.01574803149606 31.748031496062993 le
625.0393700787401 1237.3228346456692 140.03149606299212 31.748031496062993 réceptacle

61.79527559055118 1271.6220472440946 120.75590551181102 32.031496062992126 commun
146.5511811023622 1271.6220472440946 72.56692913385827 32.031496062992126 de
182.83464566929135 1271.6220472440946 120.75590551181102 32.031496062992126 toutes
267.3070866141732 1271.6220472440946 84.4724409448819 32.031496062992126 les
315.7795275590551 1271.6220472440946 145.13385826771653 32.031496062992126 facultés
424.34645669291336 1271.6220472440946 205.51181102362204 32.031496062992126 spirituelles;
593.5748031496063 1271.6220472440946 72.56692913385827 32.031496062992126 il
629.8582677165355 1271.6220472440946 84.4724409448819 32.031496062992126 est
666.1417322834645 1271.6220472440946 96.66141732283465 32.031496062992126 alors,
