845.2913385826772 1431.4960629921259
293.1023622047244 124.44094488188976 79.65354330708661 17.007874015748033 DE
333.07086614173227 124.44094488188976 172.3464566929134 17.007874015748033 SYNONYMIE
452.40944881889766 124.44094488188976 119.33858267716535 17.007874015748033 LATINE.

749.1968503937007 123.30708661417323 39.118110236220474 18.708661417322833 5

78.51968503937007 166.96062992125985 124.7244094488189 31.748031496062993 poëtes
165.82677165354332 166.96062992125985 74.83464566929133 31.748031496062993 de
203.24409448818898 166.96062992125985 99.77952755905511 31.748031496062993 tous
265.8897637795276 166.96062992125985 87.30708661417323 31.748031496062993 les
315.7795275590551 166.96062992125985 112.25196850393701 31.748031496062993 Grecs
390.61417322834643 166.96062992125985 174.89763779527559 31.748031496062993 considérés
527.8110236220473 166.96062992125985 74.83464566929133 31.748031496062993 en
565.2283464566929 166.96062992125985 137.1968503937008 31.748031496062993 général
665.2913385826772 166.96062992125985 112.25196850393701 31.748031496062993 comme
727.6535433070866 166.96062992125985 62.36220472440945 31.748031496062993 les

79.93700787401575 202.6771653543307 189.0708661417323 27.77952755905512 contemporains
235.55905511811022 202.6771653543307 77.66929133858268 27.77952755905512 des
280.06299212598424 202.6771653543307 133.22834645669292 27.77952755905512 Romains.
379.84251968503935 202.6771653543307 89.00787401574803 27.77952755905512 CIC.
435.40157480314963 202.6771653543307 111.11811023622047 27.77952755905512 Divin.
513.3543307086615 202.6771653543307 66.61417322834646 27.77952755905512 I,
546.5196850393701 202.6771653543307 77.66929133858268 27.77952755905512 16.
591.0236220472441 202.6771653543307 77.66929133858268 27.77952755905512 Cum
624.4724409448819 202.6771653543307 166.6771653543307 27.77952755905512 Achivi

77.95275590551181 236.69291338582678 168.3779527559055 28.913385826771652 cœpissent
207.49606299212599 236.69291338582678 116.50393700787401 28.913385826771652 inter
285.1653543307087 236.69291338582678 77.66929133858268 28.913385826771652 se
324.0 236.69291338582678 168.3779527559055 28.913385826771652 strepere.
453.54330708661416 236.69291338582678 116.50393700787401 28.913385826771652 Quand
531.2125984251968 236.69291338582678 129.54330708661416 28.913385826771652 eurent
621.6377952755905 236.69291338582678 155.33858267716536 28.913385826771652 commencé
725.3858267716536 236.69291338582678 64.62992125984252 28.913385826771652 les

78.23622047244095 271.84251968503935 174.61417322834646 29.480314960629922 querelles
212.31496062992127 271.84251968503935 174.61417322834646 29.480314960629922 bruyantes
346.6771653543307 271.84251968503935 93.8267716535433 29.480314960629922 des
400.251968503937 271.84251968503935 147.68503937007873 29.480314960629922 anciens
507.68503937007875 271.84251968503935 134.07874015748033 29.480314960629922 Grecs.
601.511811023622 271.84251968503935 161.00787401574803 29.480314960629922 Comparez
708.9448818897638 271.84251968503935 80.50393700787401 29.480314960629922 avec

77.95275590551181 306.4251968503937 120.18897637795276 28.913385826771652 CÆCIL.
161.85826771653544 306.4251968503937 84.18897637795276 28.913385826771652 20.
210.04724409448818 306.4251968503937 96.09448818897638 28.913385826771652 Quod
270.1417322834646 306.4251968503937 84.18897637795276 28.913385826771652 eum
318.3307086614173 306.4251968503937 96.09448818897638 28.913385826771652 sibi
378.4251968503937 306.4251968503937 192.4724409448819 28.913385826771652 Achæi
534.6141732283464 306.4251968503937 144.28346456692913 28.913385826771652 patronum
630.992125984252 306.4251968503937 156.18897637795277 28.913385826771652 adoptarant.

79.37007874015748 341.5748031496063 104.88188976377953 28.913385826771652 Parce
149.10236220472441 341.5748031496063 81.35433070866142 28.913385826771652 que
195.8740157480315 341.5748031496063 81.35433070866142 28.913385826771652 les
242.36220472440945 341.5748031496063 104.88188976377953 28.913385826771652 Grecs
312.09448818897636 341.5748031496063 69.73228346456693 28.913385826771652 de
346.96062992125985 341.5748031496063 139.748031496063 28.913385826771652 l’Achaïe
451.84251968503935 341.5748031496063 151.37007874015748 28.913385826771652 l’avaient
568.3464566929134 341.5748031496063 139.748031496063 28.913385826771652 souhaité
672.9448818897638 341.5748031496063 69.73228346456693 28.913385826771652 et
696.1889763779527 341.5748031496063 93.25984251968504 28.913385826771652 choisi

78.51968503937007 378.4251968503937 100.91338582677166 26.64566929133858 pour
128.9763779527559 378.4251968503937 164.1259842519685 26.64566929133858 protecteur.

110.26771653543307 411.3070866141732 47.338582677165356 28.346456692913385 2.
134.07874015748033 411.3070866141732 142.01574803149606 28.346456692913385 Achaius
252.28346456692913 411.3070866141732 55.275590551181104 28.346456692913385 est
283.748031496063 411.3070866141732 110.26771653543307 28.346456692913385 l’adjectif
370.48818897637796 411.3070866141732 47.338582677165356 28.346456692913385 d'
394.01574803149606 411.3070866141732 149.66929133858267 28.346456692913385 Achivus;
520.1574803149606 411.3070866141732 149.66929133858267 28.346456692913385 Achaicus
646.2992125984252 411.3070866141732 70.86614173228347 28.346456692913385 celui
685.7007874015748 411.3070866141732 102.61417322834646 28.346456692913385 d’A

77.95275590551181 445.6062992125984 85.03937007874016 22.677165354330707 chæus.

106.86614173228347 479.90551181102364 64.91338582677166 29.480314960629922 3.
139.1811023622047 479.90551181102364 194.74015748031496 29.480314960629922 Troius,
301.6062992125984 479.90551181102364 129.82677165354332 29.480314960629922 adjectif
399.11811023622045 479.90551181102364 119.05511811023622 29.480314960629922 réservé
485.8582677165354 479.90551181102364 54.14173228346457 29.480314960629922 à
507.40157480314963 479.90551181102364 151.6535433070866 29.480314960629922 l’ancienne
626.4566929133858 479.90551181102364 97.51181102362204 29.480314960629922 Troie
680.5984251968504 479.90551181102364 108.28346456692914 29.480314960629922 héroïque

79.37007874015748 515.6220472440945 69.73228346456693 28.913385826771652 et
114.23622047244095 515.6220472440945 162.70866141732284 28.913385826771652 homérique;
242.07874015748033 515.6220472440945 220.8188976377953 28.913385826771652 Troicus,
428.0314960629921 515.6220472440945 139.46456692913387 28.913385826771652 adjectif
532.6299212598425 515.6220472440945 104.5984251968504 28.913385826771652 usuel
602.3622047244095 515.6220472440945 92.97637795275591 28.913385826771652 pour
660.4724409448819 515.6220472440945 69.73228346456693 28.913385826771652 le
695.3385826771654 515.6220472440945 92.97637795275591 28.913385826771652 pays
741.8267716535433 515.6220472440945 46.488188976377955 28.913385826771652 de

77.38582677165354 550.7716535433071 120.18897637795276 28.913385826771652 Troie,
161.5748031496063 550.7716535433071 96.37795275590551 28.913385826771652 pour
221.66929133858267 550.7716535433071 72.28346456692914 28.913385826771652 la
257.6692913385827 550.7716535433071 132.3779527559055 28.913385826771652 Troade,
354.0472440944882 550.7716535433071 96.37795275590551 28.913385826771652 sans
414.1417322834646 550.7716535433071 144.28346456692913 28.913385826771652 allusion
522.4251968503937 550.7716535433071 60.09448818897638 28.913385826771652 à
546.5196850393701 550.7716535433071 72.28346456692914 28.913385826771652 la
582.5196850393701 550.7716535433071 120.18897637795276 28.913385826771652 guerre
666.992125984252 550.7716535433071 72.28346456692914 28.913385826771652 de
690.8031496062993 550.7716535433071 96.37795275590551 28.913385826771652 Troie.

106.58267716535433 585.9212598425197 110.26771653543307 27.212598425196852 ACIES.
183.96850393700788 585.9212598425197 121.32283464566929 27.212598425196852 ACUMEN.
272.12598425196853 585.9212598425197 132.3779527559055 27.212598425196852 CACUMEN.
371.33858267716533 585.9212598425197 110.26771653543307 27.212598425196852 MUCRO.
448.7244094488189 585.9212598425197 121.32283464566929 27.212598425196852 CUSPIS.
536.8818897637796 585.9212598425197 66.33070866141732 27.212598425196852 1.
570.0472440944882 585.9212598425197 187.6535433070866 27.212598425196852 Acies,
713.4803149606299 585.9212598425197 77.10236220472441 27.212598425196852 tran-

79.65354330708661 621.0708661417323 102.61417322834646 28.913385826771652 chant
147.96850393700788 621.0708661417323 113.95275590551181 28.913385826771652 propre
227.6220472440945 621.0708661417323 56.976377952755904 28.913385826771652 à
250.58267716535434 621.0708661417323 125.29133858267717 28.913385826771652 couper;
341.5748031496063 621.0708661417323 205.22834645669292 28.913385826771652 acumen,
512.503937007874 621.0708661417323 113.95275590551181 28.913385826771652 pointe
592.4409448818898 621.0708661417323 113.95275590551181 28.913385826771652 propre
672.0944881889764 621.0708661417323 56.976377952755904 28.913385826771652 à
683.4330708661417 621.0708661417323 102.61417322834646 28.913385826771652 piquer.

81.07086614173228 655.6535433070866 62.36220472440945 29.480314960629922 Au
112.25196850393701 655.6535433070866 114.23622047244095 29.480314960629922 figuré,
195.59055118110237 655.6535433070866 145.41732283464566 29.480314960629922 l'acies
309.8267716535433 655.6535433070866 145.41732283464566 29.480314960629922 mentis
424.06299212598424 655.6535433070866 145.41732283464566 29.480314960629922 débrouille
538.2992125984252 655.6535433070866 62.36220472440945 29.480314960629922 ce
569.4803149606299 655.6535433070866 72.85039370078741 29.480314960629922 qui
611.1496062992126 655.6535433070866 93.54330708661418 29.480314960629922 était
673.511811023622 655.6535433070866 114.23622047244095 29.480314960629922 confus,
746.0787401574803 655.6535433070866 41.669291338582674 29.480314960629922 le

75.96850393700787 690.2362204724409 105.44881889763779 23.244094488188978 fait
142.01574803149606 690.2362204724409 171.49606299212599 23.244094488188978 connaître
273.8267716535433 690.2362204724409 197.85826771653544 23.244094488188978 clairement:
432.2834645669291 690.2362204724409 79.08661417322834 23.244094488188978 on
471.68503937007875 690.2362204724409 92.40944881889764 23.244094488188978 met
524.4094488188977 690.2362204724409 79.08661417322834 23.244094488188978 de
564.0944881889764 690.2362204724409 145.13385826771653 23.244094488188978 l’ordre
669.5433070866142 690.2362204724409 105.44881889763779 23.244094488188978 dans
722.2677165354331 690.2362204724409 66.04724409448819 23.244094488188978 ses

76.81889763779527 725.9527559055118 114.80314960629921 28.913385826771652 idées;
157.03937007874015 725.9527559055118 172.06299212598427 28.913385826771652 l'acumen
294.5196850393701 725.9527559055118 160.44094488188978 28.913385826771652 mentis
420.66141732283467 725.9527559055118 172.06299212598427 28.913385826771652 approfondit
558.4251968503937 725.9527559055118 68.88188976377953 28.913385826771652 ce
592.7244094488188 725.9527559055118 80.22047244094489 28.913385826771652 qui
638.6456692913385 725.9527559055118 103.18110236220473 28.913385826771652 était
695.9055118110236 725.9527559055118 91.84251968503936 28.913385826771652 caché,

75.68503937007874 759.9685039370079 142.29921259842519 28.913385826771652 aboutit
179.43307086614172 759.9685039370079 64.62992125984252 28.913385826771652 à
205.22834645669292 759.9685039370079 90.70866141732283 28.913385826771652 des
257.1023622047244 759.9685039370079 194.17322834645668 28.913385826771652 découvertes
412.4409448818898 759.9685039370079 207.21259842519686 28.913385826771652 ingénieuses:
580.5354330708661 759.9685039370079 77.66929133858268 28.913385826771652 on
619.3700787401575 759.9685039370079 155.33858267716536 28.913385826771652 acquiert
723.1181102362204 759.9685039370079 64.62992125984252 28.913385826771652 des

76.81889763779527 796.2519685039371 108.0 22.677165354330707 idées
136.91338582677164 796.2519685039371 144.28346456692913 22.677165354330707 nouvelles.

107.14960629921259 829.7007874015748 63.496062992125985 28.346456692913385 2.
138.89763779527559 829.7007874015748 137.48031496062993 28.346456692913385 Acumen
244.62992125984252 829.7007874015748 63.496062992125985 28.346456692913385 et
276.37795275590554 829.7007874015748 169.22834645669292 28.346456692913385 cacumen,
413.8582677165354 829.7007874015748 116.50393700787401 28.346456692913385 pointes
498.61417322834643 829.7007874015748 158.74015748031496 28.346456692913385 naturelles:
615.1181102362204 829.7007874015748 169.22834645669292 28.346456692913385 acumen,

78.80314960629921 864.8503937007874 115.65354330708661 28.346456692913385 pointe
159.8740157480315 864.8503937007874 69.44881889763779 28.346456692913385 du
194.74015748031496 864.8503937007874 104.31496062992126 28.346456692913385 cône,
264.18897637795277 864.8503937007874 69.44881889763779 28.346456692913385 du
298.7716535433071 864.8503937007874 92.69291338582677 28.346456692913385 bec,
356.59842519685037 864.8503937007874 104.31496062992126 28.346456692913385 etc.;
426.0472440944882 864.8503937007874 219.96850393700788 28.346456692913385 cacumen,
611.4330708661417 864.8503937007874 104.31496062992126 28.346456692913385 terme
669.2598425196851 864.8503937007874 115.65354330708661 28.346456692913385 spécial,

77.95275590551181 900.0 101.19685039370079 28.913385826771652 pointe
148.8188976377953 900.0 91.2755905511811 28.913385826771652 d’une
209.76377952755905 900.0 131.81102362204723 28.913385826771652 montagne.
310.96062992125985 900.0 162.14173228346456 28.913385826771652 Mucro
442.7716535433071 900.0 60.661417322834644 28.913385826771652 et
473.1023622047244 900.0 182.26771653543307 28.913385826771652 cuspis,
625.0393700787401 900.0 111.4015748031496 28.913385826771652 pointes
695.9055118110236 900.0 91.2755905511811 28.913385826771652 artifi-

78.23622047244095 934.5826771653543 116.50393700787401 28.913385826771652 cielles
162.70866141732284 934.5826771653543 137.48031496062993 28.913385826771652 destinées
268.7244094488189 934.5826771653543 53.00787401574803 28.913385826771652 à
289.7007874015748 934.5826771653543 126.99212598425197 28.913385826771652 pénétrer
384.9448818897638 934.5826771653543 63.496062992125985 28.913385826771652 et
416.6929133858268 934.5826771653543 53.00787401574803 28.913385826771652 à
437.9527559055118 934.5826771653543 126.99212598425197 28.913385826771652 blesser:
533.1968503937007 934.5826771653543 180.0 28.913385826771652 mucro,
681.4488188976378 934.5826771653543 105.73228346456693 28.913385826771652 pointe
744.9448818897638 934.5826771653543 42.23622047244095 28.913385826771652 de

77.38582677165354 968.5984251968504 112.81889763779527 29.480314960629922 l’épée,
159.30708661417322 968.5984251968504 61.511811023622045 29.480314960629922 du
190.20472440944883 968.5984251968504 133.22834645669292 29.480314960629922 poignard,
292.81889763779526 968.5984251968504 92.40944881889764 29.480314960629922 etc.;
354.3307086614173 968.5984251968504 184.53543307086613 29.480314960629922 cuspis,
507.9685039370079 968.5984251968504 61.511811023622045 29.480314960629922 de
538.8661417322835 968.5984251968504 61.511811023622045 29.480314960629922 la
569.4803149606299 968.5984251968504 102.61417322834646 29.480314960629922 lance,
641.4803149606299 968.5984251968504 61.511811023622045 29.480314960629922 de
672.0944881889764 968.5984251968504 61.511811023622045 29.480314960629922 la
692.503937007874 968.5984251968504 92.40944881889764 29.480314960629922 flèche,

73.41732283464567 1003.7480314960629 128.9763779527559 30.04724409448819 comme
144.8503937007874 1003.7480314960629 114.51968503937007 30.04724409448819 αἰχμή.

76.25196850393701 1056.4724409448818 112.81889763779527 26.64566929133858 ACIES,
155.33858267716536 1056.4724409448818 67.74803149606299 26.64566929133858 v.
189.0708661417323 1056.4724409448818 191.6220472440945 26.64566929133858 Pugna.
346.96062992125985 1056.4724409448818 101.48031496062993 26.64566929133858 ACTA,
414.70866141732284 1056.4724409448818 67.74803149606299 26.64566929133858 v.
437.1023622047244 1056.4724409448818 157.88976377952756 26.64566929133858 Ripa.

105.44881889763779 1108.0629921259842 109.7007874015748 23.244094488188978 ACTOR.
182.26771653543307 1108.0629921259842 131.5275590551181 23.244094488188978 COMŒDUS.
280.9133858267717 1108.0629921259842 109.7007874015748 23.244094488188978 LUDIO.
357.73228346456693 1108.0629921259842 131.5275590551181 23.244094488188978 HISTRIO.
456.37795275590554 1108.0629921259842 65.76377952755905 23.244094488188978 1.
489.25984251968504 1108.0629921259842 175.46456692913387 23.244094488188978 Actor
631.8425196850394 1108.0629921259842 65.76377952755905 23.244094488188978 et
664.7244094488188 1108.0629921259842 76.81889763779527 23.244094488188978 les
697.6062992125984 1108.0629921259842 87.8740157480315 23.244094488188978 termes

76.25196850393701 1141.5118110236222 128.69291338582678 28.913385826771652 spéciaux
172.91338582677164 1141.5118110236222 64.34645669291339 28.913385826771652 de
204.9448818897638 1141.5118110236222 193.03937007874015 28.913385826771652 comœdus
365.9527559055118 1141.5118110236222 64.34645669291339 28.913385826771652 et
398.26771653543307 1141.5118110236222 214.58267716535434 28.913385826771652 tragœdus,
580.5354330708661 1141.5118110236222 128.69291338582678 28.913385826771652 l’acteur
666.4251968503937 1141.5118110236222 117.92125984251969 28.913385826771652 considéré

76.25196850393701 1176.6614173228347 92.40944881889764 27.212598425196852 comme
137.76377952755905 1176.6614173228347 61.511811023622045 27.212598425196852 un
168.3779527559055 1176.6614173228347 112.81889763779527 27.212598425196852 artiste
250.58267716535434 1176.6614173228347 143.43307086614172 27.212598425196852 estimable;
363.40157480314963 1176.6614173228347 174.33070866141733 27.212598425196852 ludio,
506.8346456692913 1176.6614173228347 184.53543307086613 27.212598425196852 ludius,
660.7559055118111 1176.6614173228347 61.511811023622045 27.212598425196852 le
681.1653543307086 1176.6614173228347 102.61417322834646 27.212598425196852 comédien

73.98425196850394 1211.244094488189 162.14173228346456 28.346456692913385 considéré
198.70866141732284 1211.244094488189 112.25196850393701 28.346456692913385 comme
273.25984251968504 1211.244094488189 74.83464566929133 28.346456692913385 un
310.6771653543307 1211.244094488189 137.1968503937008 28.346456692913385 artisan
410.45669291338584 1211.244094488189 149.66929133858267 28.346456692913385 vulgaire
522.7086614173228 1211.244094488189 99.77952755905511 28.346456692913385 avec
585.0708661417323 1211.244094488189 87.30708661417323 28.346456692913385 une
634.6771653543307 1211.244094488189 99.77952755905511 28.346456692913385 idée
684.5669291338583 1211.244094488189 99.77952755905511 28.346456692913385 acces-

76.81889763779527 1245.8267716535433 90.99212598425197 28.913385826771652 soire
137.48031496062993 1245.8267716535433 60.661417322834644 28.913385826771652 de
167.81102362204723 1245.8267716535433 151.37007874015748 28.913385826771652 trivialité;
288.8503937007874 1245.8267716535433 90.99212598425197 28.913385826771652 enfin
349.51181102362204 1245.8267716535433 181.70078740157481 28.913385826771652 histrio
501.1653543307087 1245.8267716535433 60.661417322834644 28.913385826771652 se
531.2125984251968 1245.8267716535433 70.58267716535433 28.913385826771652 dit
571.7480314960629 1245.8267716535433 100.91338582677166 28.913385826771652 tantôt
642.3307086614174 1245.8267716535433 60.661417322834644 28.913385826771652 de
672.6614173228346 1245.8267716535433 90.99212598425197 28.913385826771652 l’un,
723.1181102362204 1245.8267716535433 60.661417322834644 28.913385826771652 tan-

73.98425196850394 1280.4094488188975 83.90551181102362 28.346456692913385 tôt
121.88976377952756 1280.4094488188975 72.0 28.346456692913385 de
157.88976377952756 1280.4094488188975 144.0 28.346456692913385 l’autre,
265.8897637795276 1280.4094488188975 96.09448818897638 28.346456692913385 mais
325.98425196850394 1280.4094488188975 96.09448818897638 28.346456692913385 avec
386.0787401574803 1280.4094488188975 83.90551181102362 28.346456692913385 une
433.98425196850394 1280.4094488188975 96.09448818897638 28.346456692913385 idée
494.0787401574803 1280.4094488188975 168.09448818897638 28.346456692913385 accessoire
626.1732283464567 1280.4094488188975 72.0 28.346456692913385 de
649.9842519685039 1280.4094488188975 132.09448818897638 28.346456692913385 fanfaron
