839.0551181102362 1397.1968503937007
59.24409448818898 92.69291338582677 54.425196850393704 19.275590551181104 26

357.73228346456693 96.66141732283465 114.80314960629921 15.874015748031496 MANUEL

72.28346456692914 138.61417322834646 120.4724409448819 28.346456692913385 plutôt
156.4724409448819 138.61417322834646 108.28346456692914 28.346456692913385 qu’il
228.75590551181102 138.61417322834646 108.28346456692914 28.346456692913385 reste
301.03937007874015 138.61417322834646 84.18897637795276 28.346456692913385 des
349.2283464566929 138.61417322834646 108.28346456692914 28.346456692913385 ondes
421.51181102362204 138.61417322834646 60.09448818897638 28.346456692913385 à
445.3228346456693 138.61417322834646 72.28346456692914 28.346456692913385 la
481.6062992125984 138.61417322834646 84.18897637795276 28.346456692913385 mer
529.7952755905512 138.61417322834646 96.37795275590551 28.346456692913385 pour
589.8897637795276 138.61417322834646 108.28346456692914 28.346456692913385 venir
650.2677165354331 138.61417322834646 132.3779527559055 28.346456692913385 remplacer

70.86614173228347 173.1968503937008 72.28346456692914 29.480314960629922 au
107.14960629921259 173.1968503937008 120.4724409448819 29.480314960629922 rivage
191.6220472440945 173.1968503937008 96.37795275590551 29.480314960629922 tant
251.71653543307087 173.1968503937008 72.28346456692914 29.480314960629922 de
288.0 173.1968503937008 108.56692913385827 29.480314960629922 flots
360.2834645669291 173.1968503937008 84.4724409448819 29.480314960629922 qui
408.4724409448819 173.1968503937008 84.4724409448819 29.480314960629922 s’y
456.66141732283467 173.1968503937008 96.37795275590551 29.480314960629922 sont
517.0393700787401 173.1968503937008 132.66141732283464 29.480314960629922 brisés.
613.4173228346457 173.1968503937008 72.28346456692914 29.480314960629922 Et
649.4173228346457 173.1968503937008 84.4724409448819 29.480314960629922 IV,
697.6062992125984 173.1968503937008 72.28346456692914 29.480314960629922 2.
721.7007874015748 173.1968503937008 60.37795275590551 29.480314960629922 Nec

75.11811023622047 208.3464566929134 108.85039370078741 29.480314960629922 mergit
151.08661417322836 208.3464566929134 108.85039370078741 29.480314960629922 cadens
227.33858267716536 208.3464566929134 174.04724409448818 29.480314960629922 unda,
368.78740157480314 208.3464566929134 76.25196850393701 29.480314960629922 sed
412.15748031496065 208.3464566929134 108.85039370078741 29.480314960629922 planis
488.40944881889766 208.3464566929134 97.79527559055119 29.480314960629922 aquis
553.6062992125984 208.3464566929134 119.62204724409449 29.480314960629922 tradit.
640.6299212598425 208.3464566929134 65.19685039370079 29.480314960629922 Et
673.2283464566929 208.3464566929134 108.85039370078741 29.480314960629922 l’onde
738.7086614173228 208.3464566929134 43.653543307086615 29.480314960629922 ne

71.71653543307086 243.49606299212599 83.05511811023622 28.913385826771652 les
119.05511811023622 243.49606299212599 142.29921259842519 28.913385826771652 submerge
225.92125984251967 243.49606299212599 83.05511811023622 28.913385826771652 pas
273.25984251968504 243.49606299212599 94.96062992125984 28.913385826771652 dans
332.503937007874 243.49606299212599 71.14960629921259 28.913385826771652 sa
368.2204724409449 243.49606299212599 118.48818897637796 28.913385826771652 chute,
451.2755905511811 243.49606299212599 94.96062992125984 28.913385826771652 elle
510.5196850393701 243.49606299212599 83.05511811023622 28.913385826771652 les
557.8582677165355 243.49606299212599 106.58267716535433 28.913385826771652 lance
629.007874015748 243.49606299212599 83.05511811023622 28.913385826771652 sur
676.6299212598425 243.49606299212599 83.05511811023622 28.913385826771652 des
712.0629921259842 243.49606299212599 71.14960629921259 28.913385826771652 eaux

56.125984251968504 278.0787401574803 161.85826771653544 22.677165354330707 immobiles.

73.41732283464567 330.8031496062992 130.96062992125985 26.078740157480315 AQUOSUS,
171.49606299212599 330.8031496062992 65.48031496062993 26.078740157480315 v.
204.09448818897638 330.8031496062992 174.33070866141733 26.078740157480315 Udus.
345.8267716535433 330.8031496062992 152.78740157480314 26.078740157480315 ARBITRARI,
465.73228346456693 330.8031496062992 65.48031496062993 26.078740157480315 v.
498.61417322834643 330.8031496062992 207.21259842519686 26.078740157480315 Censere.
662.1732283464567 330.8031496062992 32.59842519685039 26.078740157480315 .

101.48031496062993 380.6929133858268 114.80314960629921 30.614173228346456 ARCANA.
185.10236220472441 380.6929133858268 125.29133858267717 30.614173228346456 SECRETA.
279.21259842519686 380.6929133858268 135.7795275590551 30.614173228346456 MYSTERIA.
383.5275590551181 380.6929133858268 177.4488188976378 30.614173228346456 Arcana
529.7952755905512 380.6929133858268 62.645669291338585 30.614173228346456 et
560.9763779527559 380.6929133858268 208.91338582677164 30.614173228346456 mysteria,
728.2204724409448 380.6929133858268 52.15748031496063 30.614173228346456 les

72.85039370078741 416.40944881889766 132.3779527559055 29.480314960629922 secrets
168.9448818897638 416.40944881889766 156.4724409448819 29.480314960629922 envisagés
289.4173228346457 416.40944881889766 84.18897637795276 29.480314960629922 par
337.3228346456693 416.40944881889766 96.37795275590551 29.480314960629922 leur
397.7007874015748 416.40944881889766 96.37795275590551 29.480314960629922 côté
457.79527559055117 416.40944881889766 168.3779527559055 29.480314960629922 honorable,
590.1732283464567 416.40944881889766 96.37795275590551 29.480314960629922 ceux
650.2677165354331 416.40944881889766 84.18897637795276 29.480314960629922 qui
686.2677165354331 416.40944881889766 96.37795275590551 29.480314960629922 tirent

71.14960629921259 451.5590551181102 186.8031496062992 28.346456692913385 d’eux-mêmes
220.8188976377953 451.5590551181102 99.77952755905511 28.346456692913385 leur
282.8976377952756 451.5590551181102 124.7244094488189 28.346456692913385 raison
370.20472440944883 451.5590551181102 137.1968503937008 28.346456692913385 d’être,
469.98425196850394 451.5590551181102 87.30708661417323 28.346456692913385 qui
519.8740157480315 451.5590551181102 149.66929133858267 28.346456692913385 tiennent
631.8425196850394 451.5590551181102 62.36220472440945 28.346456692913385 à
656.7874015748032 451.5590551181102 74.83464566929133 28.346456692913385 la
681.7322834645669 451.5590551181102 99.77952755905511 28.346456692913385 nature

71.43307086614173 485.5748031496063 85.60629921259843 29.480314960629922 des
120.18897637795276 485.5748031496063 122.45669291338582 29.480314960629922 choses
206.07874015748033 485.5748031496063 73.41732283464567 29.480314960629922 et
242.64566929133858 485.5748031496063 85.60629921259843 29.480314960629922 qui
291.68503937007875 485.5748031496063 146.83464566929135 29.480314960629922 méritent
401.6692913385827 485.5748031496063 61.22834645669291 29.480314960629922 à
426.0472440944882 485.5748031496063 73.41732283464567 29.480314960629922 ce
462.8976377952756 485.5748031496063 109.98425196850394 29.480314960629922 titre
536.3149606299213 485.5748031496063 171.21259842519686 29.480314960629922 d’inspirer
670.9606299212599 485.5748031496063 73.41732283464567 29.480314960629922 un
695.3385826771654 485.5748031496063 85.60629921259843 29.480314960629922 saint

71.71653543307086 520.7244094488188 137.48031496062993 29.480314960629922 respect;
174.61417322834646 520.7244094488188 194.74015748031496 29.480314960629922 arcana
335.0551181102362 520.7244094488188 80.22047244094489 29.480314960629922 est
380.6929133858268 520.7244094488188 160.44094488188978 29.480314960629922 d’ailleurs
506.8346456692913 520.7244094488188 68.5984251968504 29.480314960629922 un
541.1338582677165 520.7244094488188 103.18110236220473 29.480314960629922 terme
609.7322834645669 520.7244094488188 148.8188976377953 29.480314960629922 populaire
712.9133858267717 520.7244094488188 68.5984251968504 29.480314960629922 pour

72.28346456692914 555.8740157480315 96.66141732283465 28.913385826771652 toute
136.62992125984252 555.8740157480315 96.66141732283465 28.913385826771652 sorte
200.9763779527559 555.8740157480315 64.34645669291339 28.913385826771652 de
233.29133858267716 555.8740157480315 128.69291338582678 28.913385826771652 secrets;
329.6692913385827 555.8740157480315 214.58267716535434 28.913385826771652 mysteria,
512.2204724409448 555.8740157480315 64.34645669291339 28.913385826771652 un
544.2519685039371 555.8740157480315 96.66141732283465 28.913385826771652 terme
608.5984251968504 555.8740157480315 107.14960629921259 28.913385826771652 savant
683.7165354330708 555.8740157480315 85.88976377952756 28.913385826771652 pour
726.8031496062993 555.8740157480315 53.574803149606296 28.913385826771652 les

70.86614173228347 587.0551181102362 134.64566929133858 32.881889763779526 secrets
168.66141732283464 587.0551181102362 159.30708661417322 32.881889763779526 religieux
291.11811023622045 587.0551181102362 183.68503937007873 32.881889763779526 comparables
438.23622047244095 587.0551181102362 85.60629921259843 32.881889763779526 aux
486.99212598425197 587.0551181102362 146.83464566929135 32.881889763779526 mystères
597.2598425196851 587.0551181102362 171.49606299212599 32.881889763779526 d'Éleusis;
719.7165354330708 587.0551181102362 61.22834645669291 32.881889763779526 en-

72.85039370078741 623.9055118110236 81.92125984251969 28.346456692913385 fin,
123.8740157480315 623.9055118110236 194.45669291338584 28.346456692913385 secreta,
287.7165354330709 623.9055118110236 71.71653543307086 28.346456692913385 les
328.81889763779526 623.9055118110236 122.74015748031496 28.346456692913385 secrets,
420.9448818897638 623.9055118110236 61.511811023622045 28.346456692913385 au
451.5590551181102 623.9055118110236 81.92125984251969 28.346456692913385 sens
502.86614173228344 623.9055118110236 61.511811023622045 28.346456692913385 le
533.4803149606299 623.9055118110236 81.92125984251969 28.346456692913385 plus
584.7874015748032 623.9055118110236 133.22834645669292 28.346456692913385 vulgaire,
687.1181102362204 623.9055118110236 81.92125984251969 28.346456692913385 ceux
727.9370078740158 623.9055118110236 51.30708661417323 28.346456692913385 qui

70.2992125984252 659.0551181102362 88.7244094488189 28.913385826771652 ont
121.03937007874016 659.0551181102362 88.7244094488189 28.913385826771652 une
171.7795275590551 659.0551181102362 139.1811023622047 28.913385826771652 origine
272.9763779527559 659.0551181102362 151.93700787401573 28.913385826771652 purement
386.92913385826773 659.0551181102362 151.93700787401573 28.913385826771652 humaine,
500.88188976377955 659.0551181102362 75.96850393700787 28.913385826771652 en
538.8661417322835 659.0551181102362 139.1811023622047 28.913385826771652 parlant
640.0629921259842 659.0551181102362 88.7244094488189 28.913385826771652 des
678.0472440944882 659.0551181102362 101.19685039370079 28.913385826771652 choses

71.43307086614173 693.0708661417323 104.5984251968504 30.614173228346456 qu’on
141.16535433070865 693.0708661417323 104.5984251968504 30.614173228346456 tient
210.89763779527559 693.0708661417323 127.84251968503936 30.614173228346456 cachées
303.87401574803147 693.0708661417323 81.35433070866142 30.614173228346456 par
350.3622047244094 693.0708661417323 139.46456692913387 30.614173228346456 crainte.
454.96062992125985 693.0708661417323 92.97637795275591 30.614173228346456 TAC.
513.0708661417323 693.0708661417323 69.73228346456693 30.614173228346456 I,
547.9370078740158 693.0708661417323 69.73228346456693 30.614173228346456 6.
582.8031496062993 693.0708661417323 162.70866141732284 30.614173228346456 Sallustius
699.0236220472441 693.0708661417323 81.35433070866142 30.614173228346456 Cris-

72.85039370078741 728.7874015748032 70.58267716535433 29.480314960629922 pus
113.38582677165354 728.7874015748032 131.24409448818898 29.480314960629922 particeps
214.29921259842519 728.7874015748032 242.07874015748033 29.480314960629922 secretorum...
426.0472440944882 728.7874015748032 100.91338582677166 29.480314960629922 monuit
496.62992125984255 728.7874015748032 100.91338582677166 29.480314960629922 Liviam
567.496062992126 728.7874015748032 60.661417322834644 29.480314960629922 ne
597.5433070866142 728.7874015748032 171.49606299212599 29.480314960629922 arcana
728.7874015748032 728.7874015748032 50.45669291338583 29.480314960629922 do-

70.2992125984252 763.3700787401575 88.7244094488189 29.480314960629922 mus
121.03937007874016 763.3700787401575 202.96062992125985 29.480314960629922 vulgarentur.
286.01574803149606 763.3700787401575 177.4488188976378 29.480314960629922 Sallustius
425.4803149606299 763.3700787401575 152.2204724409449 29.480314960629922 Crispus,
539.4330708661417 763.3700787401575 101.48031496062993 29.480314960629922 pour
602.9291338582677 763.3700787401575 88.7244094488189 29.480314960629922 qui
653.6692913385826 763.3700787401575 126.70866141732283 29.480314960629922 Tibère
729.6377952755905 763.3700787401575 50.74015748031496 29.480314960629922 et

71.71653543307086 798.5196850393701 102.89763779527559 28.913385826771652 Livie
140.31496062992127 798.5196850393701 148.8188976377953 28.913385826771652 n’avaient
254.5511811023622 798.5196850393701 91.55905511811024 28.913385826771652 rien
311.81102362204723 798.5196850393701 68.5984251968504 28.913385826771652 de
346.1102362204724 798.5196850393701 114.51968503937007 28.913385826771652 caché,
426.3307086614173 798.5196850393701 125.85826771653544 28.913385826771652 engagea
517.8897637795276 798.5196850393701 102.89763779527559 28.913385826771652 Livie
586.488188976378 798.5196850393701 57.25984251968504 28.913385826771652 à
609.4488188976378 798.5196850393701 68.5984251968504 28.913385826771652 ne
643.7480314960629 798.5196850393701 91.55905511811024 28.913385826771652 plus
689.3858267716536 798.5196850393701 91.55905511811024 28.913385826771652 livrer

71.14960629921259 833.6692913385826 72.0 28.913385826771652 au
107.14960629921259 833.6692913385826 119.90551181102362 28.913385826771652 public
191.0551181102362 833.6692913385826 83.90551181102362 28.913385826771652 les
238.96062992125985 833.6692913385826 143.71653543307087 28.913385826771652 augustes
346.6771653543307 833.6692913385826 131.81102362204723 28.913385826771652 secrets
442.7716535433071 833.6692913385826 72.0 28.913385826771652 de
478.7716535433071 833.6692913385826 72.0 28.913385826771652 la
514.488188976378 833.6692913385826 131.81102362204723 28.913385826771652 famille
598.6771653543307 833.6692913385826 143.71653543307087 28.913385826771652 impériale.

99.21259842519684 868.8188976377953 133.79527559055117 28.913385826771652 ARCERE.
196.44094488188978 868.8188976377953 170.07874015748033 28.913385826771652 PROHIBERE.
330.23622047244095 868.8188976377953 218.83464566929135 28.913385826771652 Arcere,
512.503937007874 868.8188976377953 157.88976377952756 28.913385826771652 repousser
634.1102362204724 868.8188976377953 72.85039370078741 28.913385826771652 et
658.2047244094488 868.8188976377953 121.60629921259843 28.913385826771652 empêcher

74.26771653543307 903.4015748031496 122.1732283464567 28.913385826771652 d’entrer,
168.3779527559055 903.4015748031496 65.76377952755905 28.913385826771652 par
205.79527559055117 903.4015748031496 131.81102362204723 28.913385826771652 opposition
309.54330708661416 903.4015748031496 47.05511811023622 28.913385826771652 à
328.251968503937 903.4015748031496 197.5748031496063 28.913385826771652 admittere;
497.4803149606299 903.4015748031496 197.5748031496063 28.913385826771652 prohibere,
666.992125984252 903.4015748031496 84.75590551181102 28.913385826771652 tenir
714.0472440944882 903.4015748031496 65.76377952755905 28.913385826771652 éloi-

71.14960629921259 937.9842519685039 78.51968503937007 28.913385826771652 gné
116.22047244094489 937.9842519685039 67.18110236220473 28.913385826771652 et
149.66929133858267 937.9842519685039 134.64566929133858 28.913385826771652 empêcher
250.86614173228347 937.9842519685039 179.43307086614172 28.913385826771652 d’approcher,
396.56692913385825 937.9842519685039 78.51968503937007 28.913385826771652 par
441.6377952755906 937.9842519685039 157.03937007874015 28.913385826771652 opposition
564.9448818897638 937.9842519685039 56.125984251968504 28.913385826771652 à
576.2834645669292 937.9842519685039 201.82677165354332 28.913385826771652 adhibere.

71.71653543307086 973.1338582677165 183.96850393700788 27.212598425196852 L'arcens
226.48818897637796 973.1338582677165 58.110236220472444 27.212598425196852 se
255.68503937007873 973.1338582677165 87.02362204724409 27.212598425196852 tient
313.51181102362204 973.1338582677165 67.74803149606299 27.212598425196852 sur
352.34645669291336 973.1338582677165 58.110236220472444 27.212598425196852 la
381.25984251968504 973.1338582677165 135.49606299212599 27.212598425196852 défensive,
487.84251968503935 973.1338582677165 87.02362204724409 27.212598425196852 comme
545.9527559055118 973.1338582677165 58.110236220472444 27.212598425196852 le
574.8661417322835 973.1338582677165 203.24409448818898 27.212598425196852 resistens,
739.2755905511812 973.1338582677165 38.83464566929134 27.212598425196852 et

70.86614173228347 1008.2834645669292 88.44094488188976 28.913385826771652 agit
126.14173228346456 1008.2834645669292 77.38582677165354 28.913385826771652 par
170.36220472440945 1008.2834645669292 165.82677165354332 28.913385826771652 sollicitude
303.0236220472441 1008.2834645669292 88.44094488188976 28.913385826771652 pour
358.2992125984252 1008.2834645669292 66.33070866141732 28.913385826771652 la
391.46456692913387 1008.2834645669292 132.66141732283464 28.913385826771652 personne
490.6771653543307 1008.2834645669292 132.66141732283464 28.913385826771652 menacée;
590.1732283464567 1008.2834645669292 66.33070866141732 28.913385826771652 le
612.2834645669292 1008.2834645669292 165.82677165354332 28.913385826771652 prohi

71.43307086614173 1043.4330708661416 149.10236220472441 28.913385826771652 bens
190.77165354330708 1043.4330708661416 89.5748031496063 28.913385826771652 prend
250.29921259842519 1043.4330708661416 159.0236220472441 28.913385826771652 l'offensive,
379.5590551181102 1043.4330708661416 89.5748031496063 28.913385826771652 comme
439.0866141732283 1043.4330708661416 59.52755905511811 28.913385826771652 le
468.8503937007874 1043.4330708661416 218.5511811023622 28.913385826771652 propulsans,
657.6377952755905 1043.4330708661416 59.52755905511811 28.913385826771652 et
687.4015748031496 1043.4330708661416 79.37007874015748 28.913385826771652 agit
727.3700787401575 1043.4330708661416 49.60629921259842 28.913385826771652 par

69.73228346456693 1078.015748031496 141.16535433070865 28.913385826771652 inimitié
175.46456692913387 1078.015748031496 117.63779527559055 28.913385826771652 contre
246.04724409448818 1078.015748031496 164.69291338582678 28.913385826771652 l’agresseur.

98.64566929133858 1113.1653543307086 160.7244094488189 22.677165354330707 ARCESSERE.
225.0708661417323 1113.1653543307086 126.4251968503937 22.677165354330707 ACCIRE.
316.9133858267717 1113.1653543307086 137.76377952755905 22.677165354330707 EVOCARE.
420.37795275590554 1113.1653543307086 160.7244094488189 22.677165354330707 ACCERSERE.
546.8031496062993 1113.1653543307086 68.88188976377953 22.677165354330707 1.
569.7637795275591 1113.1653543307086 206.64566929133858 22.677165354330707 Arcessere

70.58267716535433 1147.748031496063 64.06299212598425 28.346456692913385 et
102.61417322834646 1147.748031496063 224.50393700787401 28.346456692913385 accersere,
295.0866141732283 1147.748031496063 106.86614173228347 28.346456692913385 termes
369.9212598425197 1147.748031496063 138.89763779527559 28.346456692913385 généraux,
476.78740157480314 1147.748031496063 149.66929133858267 28.346456692913385 signifient
594.1417322834645 1147.748031496063 149.66929133858267 28.346456692913385 simplement
701.007874015748 1147.748031496063 74.83464566929133 28.346456692913385 faire

69.44881889763779 1182.3307086614172 106.86614173228347 28.913385826771652 venir;
144.28346456692913 1182.3307086614172 192.18897637795277 28.913385826771652 accire,
304.7244094488189 1182.3307086614172 128.1259842519685 28.913385826771652 inviter,
400.81889763779526 1182.3307086614172 117.63779527559055 28.913385826771652 suppose
486.1417322834646 1182.3307086614172 96.09448818897638 28.913385826771652 qu’on
550.2047244094488 1182.3307086614172 138.89763779527559 28.913385826771652 s’adresse
657.0708661417323 1182.3307086614172 53.29133858267716 28.913385826771652 à
678.6141732283464 1182.3307086614172 64.06299212598425 28.913385826771652 un
699.8740157480315 1182.3307086614172 74.83464566929133 28.913385826771652 égal;

68.5984251968504 1216.9133858267717 189.0708661417323 29.480314960629922 evocare,
227.6220472440945 1216.9133858267717 109.41732283464567 29.480314960629922 mander,
307.2755905511811 1216.9133858267717 49.60629921259842 29.480314960629922 à
327.11811023622045 1216.9133858267717 59.811023622047244 29.480314960629922 un
356.88188976377955 1216.9133858267717 139.1811023622047 29.480314960629922 inférieur.
466.2992125984252 1216.9133858267717 218.83464566929135 29.480314960629922 L'arcessens
655.3700787401575 1216.9133858267717 99.49606299212599 29.480314960629922 pousse
725.1023622047244 1216.9133858267717 49.60629921259842 29.480314960629922 à
735.0236220472441 1216.9133858267717 39.68503937007874 29.480314960629922 se

71.14960629921259 1252.0629921259842 125.85826771653544 28.913385826771652 présenter,
170.07874015748033 1252.0629921259842 179.71653543307087 28.913385826771652 l'acciens
322.86614173228344 1252.0629921259842 98.92913385826772 28.913385826771652 engage,
394.5826771653543 1252.0629921259842 179.71653543307087 28.913385826771652 l'evocans
547.3700787401575 1252.0629921259842 107.71653543307086 28.913385826771652 ordonne.
628.1574803149606 1252.0629921259842 72.0 28.913385826771652 CIC.
672.9448818897638 1252.0629921259842 72.0 28.913385826771652 Att.
718.0157480314961 1252.0629921259842 53.85826771653543 28.913385826771652 V,
735.8740157480315 1252.0629921259842 36.0 28.913385826771652 1.
