839.0551181102362 1397.1968503937007
283.18110236220474 131.81102362204723 79.08661417322834 17.5748031496063 DE
322.5826771653543 131.81102362204723 171.49606299212599 17.5748031496063 SYNONYMIE
441.3543307086614 131.81102362204723 118.77165354330708 17.5748031496063 LATINE.

720.8503937007874 128.9763779527559 54.425196850393704 19.84251968503937 15

63.496062992125985 174.89763779527559 139.748031496063 28.913385826771652 tropher
165.25984251968504 174.89763779527559 101.76377952755905 28.913385826771652 d’un
228.75590551181102 174.89763779527559 89.00787401574803 28.913385826771652 ton
279.496062992126 174.89763779527559 178.01574803149606 28.913385826771652 pathétique
419.5275590551181 174.89763779527559 114.51968503937007 28.913385826771652 plein
495.7795275590551 174.89763779527559 152.50393700787401 28.913385826771652 d’amitié
610.0157480314961 174.89763779527559 76.25196850393701 28.913385826771652 ou
648.2834645669292 174.89763779527559 76.25196850393701 28.913385826771652 de
673.511811023622 174.89763779527559 101.76377952755905 28.913385826771652 solen-

64.34645669291339 209.48031496062993 118.48818897637796 28.913385826771652 nité.
143.1496062992126 209.48031496062993 105.16535433070867 28.913385826771652 CIC.
208.91338582677164 209.48031496062993 144.8503937007874 28.913385826771652 Cluent.
314.0787401574803 209.48031496062993 92.1259842519685 28.913385826771652 61.
366.8031496062992 209.48031496062993 105.16535433070867 28.913385826771652 Quum
432.56692913385825 209.48031496062993 105.16535433070867 28.913385826771652 nemo
498.3307086614173 209.48031496062993 157.88976377952756 28.913385826771652 recipere
616.8188976377953 209.48031496062993 131.5275590551181 28.913385826771652 tecto,
695.9055118110236 209.48031496062993 78.80314960629921 28.913385826771652 nemo

65.19685039370079 244.62992125984252 210.89763779527559 29.480314960629922 alloqui,
242.64566929133858 244.62992125984252 88.7244094488189 29.480314960629922 nemo
298.20472440944883 244.62992125984252 144.28346456692913 29.480314960629922 respicere
409.03937007874015 244.62992125984252 122.1732283464567 29.480314960629922 vellet.
497.76377952755905 244.62992125984252 122.1732283464567 29.480314960629922 Lorsque
586.7716535433071 244.62992125984252 133.22834645669292 29.480314960629922 personne
686.5511811023622 244.62992125984252 66.61417322834646 29.480314960629922 ne
708.6614173228346 244.62992125984252 66.61417322834646 29.480314960629922 vou-

65.48031496062993 277.51181102362204 96.37795275590551 29.480314960629922 lait
125.5748031496063 277.51181102362204 72.28346456692914 29.480314960629922 ni
161.5748031496063 277.51181102362204 72.28346456692914 29.480314960629922 le
197.5748031496063 277.51181102362204 168.3779527559055 29.480314960629922 recueillir
329.9527559055118 277.51181102362204 96.37795275590551 29.480314960629922 sous
390.3307086614173 277.51181102362204 84.18897637795276 29.480314960629922 son
438.23622047244095 277.51181102362204 108.28346456692914 29.480314960629922 toit,
510.5196850393701 277.51181102362204 72.28346456692914 29.480314960629922 ni
546.5196850393701 277.51181102362204 180.56692913385828 29.480314960629922 l’entendre,
691.0866141732283 277.51181102362204 72.28346456692914 29.480314960629922 ni
715.1811023622047 277.51181102362204 60.09448818897638 29.480314960629922 lui

64.91338582677166 313.2283464566929 170.36220472440945 29.480314960629922 adresser
192.75590551181102 313.2283464566929 85.32283464566929 29.480314960629922 la
235.2755905511811 313.2283464566929 156.18897637795277 29.480314960629922 parole,
348.9448818897638 313.2283464566929 85.32283464566929 29.480314960629922 ni
391.748031496063 313.2283464566929 85.32283464566929 29.480314960629922 le
434.26771653543307 313.2283464566929 184.8188976377953 29.480314960629922 regarder.
576.2834645669292 313.2283464566929 170.36220472440945 29.480314960629922 Comparez
689.9527559055118 313.2283464566929 85.32283464566929 29.480314960629922 avec

68.88188976377953 347.81102362204723 102.61417322834646 30.04724409448819 Phil.
137.1968503937008 347.81102362204723 102.61417322834646 30.04724409448819 ΧIIΙ,
205.79527559055117 347.81102362204723 68.5984251968504 30.04724409448819 2.
240.09448818897638 347.81102362204723 159.8740157480315 30.04724409448819 Salutabunt
365.6692913385827 347.81102362204723 136.91338582677164 30.04724409448819 benigne,
468.2834645669291 347.81102362204723 125.5748031496063 30.04724409448819 comiter
548.2204724409448 347.81102362204723 228.18897637795277 30.04724409448819 appellabunt

65.48031496062993 384.09448818897636 204.9448818897638 27.77952755905512 unumquemque
229.3228346456693 384.09448818897636 163.84251968503938 27.77952755905512 nostrum.
352.34645669291336 384.09448818897636 95.5275590551181 27.77952755905512 Ils
407.0551181102362 384.09448818897636 136.62992125984252 27.77952755905512 auront
502.5826771653543 384.09448818897636 109.41732283464567 27.77952755905512 pour
570.8976377952756 384.09448818897636 136.62992125984252 27.77952755905512 chacun
666.4251968503937 384.09448818897636 81.92125984251969 27.77952755905512 de
693.9212598425197 384.09448818897636 81.92125984251969 27.77952755905512 nous

66.61417322834646 416.9763779527559 74.55118110236221 30.04724409448819 un
104.03149606299213 416.9763779527559 111.96850393700787 30.04724409448819 abord
178.58267716535434 416.9763779527559 211.46456692913387 30.04724409448819 bienveillant,
352.62992125984255 416.9763779527559 87.02362204724409 30.04724409448819 des
402.23622047244095 416.9763779527559 136.62992125984252 30.04724409448819 paroles
501.73228346456693 416.9763779527559 149.10236220472441 30.04724409448819 aimables
613.7007874015748 416.9763779527559 74.55118110236221 30.04724409448819 et
638.6456692913385 416.9763779527559 136.62992125984252 30.04724409448819 prévenan-

68.88188976377953 453.25984251968504 87.02362204724409 28.913385826771652 tes.
123.02362204724409 453.25984251968504 65.19685039370079 28.913385826771652 Et
155.6220472440945 453.25984251968504 97.79527559055119 28.913385826771652 Brut.
220.8188976377953 453.25984251968504 65.19685039370079 28.913385826771652 3.
253.70078740157481 453.25984251968504 141.16535433070865 28.913385826771652 Salutatio
362.26771653543307 453.25984251968504 97.79527559055119 28.913385826771652 libri
427.46456692913387 453.25984251968504 75.96850393700787 28.913385826771652 quo
470.8346456692913 453.25984251968504 65.19685039370079 28.913385826771652 me
503.43307086614175 453.25984251968504 75.96850393700787 28.913385826771652 hic
547.0866141732283 453.25984251968504 195.59055118110237 28.913385826771652 affatus
699.3070866141733 453.25984251968504 75.96850393700787 28.913385826771652 quasi

64.06299212598425 487.84251968503935 152.50393700787401 28.346456692913385 jacentem
178.29921259842519 487.84251968503935 177.73228346456693 28.346456692913385 excitavit.
318.0472440944882 487.84251968503935 76.25196850393701 28.346456692913385 La
356.31496062992125 487.84251968503935 152.50393700787401 28.346456692913385 dédicace
470.5511811023622 487.84251968503935 76.25196850393701 28.346456692913385 du
508.53543307086613 487.84251968503935 114.23622047244095 28.346456692913385 livre
584.7874015748032 487.84251968503935 101.48031496062993 28.346456692913385 dans
648.2834645669292 487.84251968503935 126.99212598425197 28.346456692913385 lequel
724.5354330708661 487.84251968503935 50.74015748031496 28.346456692913385 il

67.74803149606299 522.4251968503937 198.14173228346456 29.480314960629922 m’apostrophe
229.03937007874015 522.4251968503937 74.26771653543307 29.480314960629922 et
266.1732283464567 522.4251968503937 86.74015748031496 29.480314960629922 qui
315.7795275590551 522.4251968503937 86.74015748031496 29.480314960629922 m’a
365.1023622047244 522.4251968503937 123.8740157480315 29.480314960629922 retiré
451.84251968503935 522.4251968503937 111.4015748031496 29.480314960629922 d’une
526.3937007874016 522.4251968503937 111.4015748031496 29.480314960629922 sorte
588.1889763779527 522.4251968503937 185.95275590551182 29.480314960629922 d’abattement.

68.03149606299213 574.5826771653543 109.41732283464567 27.212598425196852 ALSUS,
144.8503937007874 574.5826771653543 65.76377952755905 27.212598425196852 v.
177.73228346456693 574.5826771653543 208.06299212598427 27.212598425196852 Frigere.
352.9133858267717 574.5826771653543 164.40944881889763 27.212598425196852 ALTERCATIO,
484.15748031496065 574.5826771653543 65.76377952755905 27.212598425196852 v.
506.26771653543307 574.5826771653543 229.88976377952756 27.212598425196852 Disceptatio.

92.97637795275591 625.0393700787401 133.51181102362204 22.677165354330707 ALTUS.
186.23622047244095 625.0393700787401 146.83464566929135 22.677165354330707 EDITUS.
293.1023622047244 625.0393700787401 173.48031496062993 22.677165354330707 PROCERUS.
426.61417322834643 625.0393700787401 146.83464566929135 22.677165354330707 ARDUUS.
533.4803149606299 625.0393700787401 146.83464566929135 22.677165354330707 CELSUS.
626.7401574803149 625.0393700787401 146.83464566929135 22.677165354330707 EXCELSUS.

69.44881889763779 660.1889763779527 139.46456692913387 28.346456692913385 SUBLIMIS.
176.5984251968504 660.1889763779527 64.34645669291339 28.346456692913385 1.
208.91338582677164 660.1889763779527 182.26771653543307 28.346456692913385 Altus,
358.86614173228344 660.1889763779527 96.37795275590551 28.346456692913385 terme
423.21259842519686 660.1889763779527 128.69291338582678 28.346456692913385 général;
519.5905511811023 660.1889763779527 64.34645669291339 28.346456692913385 il
551.9055118110236 660.1889763779527 64.34645669291339 28.346456692913385 se
583.9370078740158 660.1889763779527 75.11811023622047 28.346456692913385 dit
627.0236220472441 660.1889763779527 64.34645669291339 28.346456692913385 de
659.0551181102362 660.1889763779527 64.34645669291339 28.346456692913385 la
680.5984251968504 660.1889763779527 96.37795275590551 28.346456692913385 hauteur

67.18110236220473 694.7716535433071 77.38582677165354 29.480314960629922 ou
106.01574803149606 694.7716535433071 77.38582677165354 29.480314960629922 de
144.8503937007874 694.7716535433071 77.38582677165354 29.480314960629922 la
183.4015748031496 694.7716535433071 180.56692913385828 29.480314960629922 profondeur
325.4173228346457 694.7716535433071 180.56692913385828 29.480314960629922 considérée
467.43307086614175 694.7716535433071 116.22047244094489 29.480314960629922 comme
544.8188976377953 694.7716535433071 90.4251968503937 29.480314960629922 une
596.4094488188977 694.7716535433071 90.4251968503937 29.480314960629922 des
648.0 694.7716535433071 116.22047244094489 29.480314960629922 trois
712.3464566929134 694.7716535433071 64.62992125984252 29.480314960629922 di-

67.46456692913385 729.9212598425197 152.2204724409449 27.77952755905512 mensions
181.70078740157481 729.9212598425197 75.96850393700787 27.77952755905512 de
219.68503937007873 729.9212598425197 75.96850393700787 27.77952755905512 la
257.6692913385827 729.9212598425197 177.4488188976378 27.77952755905512 géométrie,
397.13385826771656 729.9212598425197 75.96850393700787 27.77952755905512 et
435.11811023622045 729.9212598425197 101.48031496062993 27.77952755905512 doit
498.61417322834643 729.9212598425197 177.4488188976378 27.77952755905512 s’entendre
638.0787401574803 729.9212598425197 75.96850393700787 27.77952755905512 de
676.0629921259842 729.9212598425197 75.96850393700787 27.77952755905512 la
701.5748031496063 729.9212598425197 75.96850393700787 27.77952755905512 hau-

69.73228346456693 764.503937007874 84.4724409448819 29.480314960629922 teur
122.45669291338582 764.503937007874 73.98425196850394 29.480314960629922 par
164.69291338582678 764.503937007874 147.68503937007873 29.480314960629922 opposition
280.9133858267717 764.503937007874 52.724409448818896 29.480314960629922 à
301.8897637795276 764.503937007874 200.69291338582678 29.480314960629922 humilis,
470.8346456692913 764.503937007874 52.724409448818896 29.480314960629922 à
491.81102362204723 764.503937007874 63.21259842519685 29.480314960629922 ce
523.5590551181102 764.503937007874 73.98425196850394 29.480314960629922 qui
565.7952755905512 764.503937007874 94.96062992125984 29.480314960629922 reste
629.2913385826772 764.503937007874 116.22047244094489 29.480314960629922 attaché
702.992125984252 764.503937007874 73.98425196850394 29.480314960629922 terre

68.88188976377953 798.5196850393701 56.976377952755904 30.04724409448819 à
91.55905511811024 798.5196850393701 114.23622047244095 30.04724409448819 terre,
171.49606299212599 798.5196850393701 68.5984251968504 30.04724409448819 au
205.79527559055117 798.5196850393701 114.23622047244095 30.04724409448819 niveau
285.73228346456693 798.5196850393701 68.5984251968504 30.04724409448819 du
320.0314960629921 798.5196850393701 91.2755905511811 30.04724409448819 sol,
377.00787401574803 798.5196850393701 102.61417322834646 30.04724409448819 comme
445.3228346456693 798.5196850393701 125.5748031496063 30.04724409448819 ὑψηλóς;
536.5984251968504 798.5196850393701 205.51181102362204 30.04724409448819 editus;
696.4724409448819 798.5196850393701 79.93700787401575 30.04724409448819 élevé

70.01574803149606 834.2362204724409 76.25196850393701 28.913385826771652 par
113.38582677165354 834.2362204724409 152.2204724409449 28.913385826771652 opposition
233.00787401574803 834.2362204724409 54.425196850393704 28.913385826771652 à
254.83464566929135 834.2362204724409 195.8740157480315 28.913385826771652 planus,
418.1102362204724 834.2362204724409 54.425196850393704 28.913385826771652 à
439.65354330708664 834.2362204724409 65.19685039370079 28.913385826771652 ce
472.53543307086613 834.2362204724409 76.25196850393701 28.913385826771652 qui
515.9055118110236 834.2362204724409 119.62204724409449 28.913385826771652 n’offre
602.9291338582677 834.2362204724409 76.25196850393701 28.913385826771652 aux
646.5826771653543 834.2362204724409 87.02362204724409 28.913385826771652 yeux
689.9527559055118 834.2362204724409 87.02362204724409 28.913385826771652 qu’une

71.14960629921259 868.8188976377953 119.62204724409449 28.913385826771652 surface
157.88976377952756 868.8188976377953 108.56692913385827 28.913385826771652 plate;
234.14173228346456 868.8188976377953 97.79527559055119 28.913385826771652 enfin
299.33858267716533 868.8188976377953 217.41732283464566 28.913385826771652 procerus,
484.15748031496065 868.8188976377953 65.19685039370079 28.913385826771652 ce
516.7559055118111 868.8188976377953 75.96850393700787 28.913385826771652 qui
560.1259842519685 868.8188976377953 54.425196850393704 28.913385826771652 a
581.9527559055118 868.8188976377953 108.56692913385827 28.913385826771652 poussé
657.9212598425197 868.8188976377953 65.19685039370079 28.913385826771652 en
679.7480314960629 868.8188976377953 97.79527559055119 28.913385826771652 hauteur

71.14960629921259 902.8346456692914 58.110236220472444 28.913385826771652 ou
100.06299212598425 902.8346456692914 58.110236220472444 28.913385826771652 en
129.25984251968504 902.8346456692914 125.85826771653544 28.913385826771652 longueur.
226.20472440944883 902.8346456692914 203.5275590551181 28.913385826771652 L'altitudo
400.53543307086613 902.8346456692914 67.74803149606299 28.913385826771652 n’a
439.0866141732283 902.8346456692914 58.110236220472444 28.913385826771652 ni
468.2834645669291 902.8346456692914 96.94488188976378 28.913385826771652 mesure
536.0314960629921 902.8346456692914 58.110236220472444 28.913385826771652 ni
564.9448818897638 902.8346456692914 106.58267716535433 28.913385826771652 limite;
632.9763779527559 902.8346456692914 145.41732283464566 28.913385826771652 l'edi

71.71653543307086 937.4173228346457 133.22834645669292 29.480314960629922 tum
176.5984251968504 937.4173228346457 66.61417322834646 29.480314960629922 est
214.58267716535434 937.4173228346457 57.25984251968504 29.480314960629922 de
243.21259842519686 937.4173228346457 57.25984251968504 29.480314960629922 la
271.84251968503935 937.4173228346457 95.24409448818898 29.480314960629922 taille
338.45669291338584 937.4173228346457 85.60629921259843 29.480314960629922 d’une
395.43307086614175 937.4173228346457 114.23622047244095 29.480314960629922 colline;
481.3228346456693 937.4173228346457 57.25984251968504 29.480314960629922 la
509.9527559055118 937.4173228346457 209.48031496062993 29.480314960629922 proceritas,
690.8031496062993 937.4173228346457 57.25984251968504 29.480314960629922 de
709.7952755905512 937.4173228346457 66.61417322834646 29.480314960629922 celle

68.5984251968504 972.5669291338583 102.04724409448819 28.346456692913385 d’un
132.3779527559055 972.5669291338583 114.51968503937007 28.346456692913385 arbre
208.62992125984252 972.5669291338583 76.53543307086615 28.346456692913385 ou
246.89763779527559 972.5669291338583 102.04724409448819 28.346456692913385 d’un
310.6771653543307 972.5669291338583 114.51968503937007 28.346456692913385 corps
374.45669291338584 972.5669291338583 114.51968503937007 28.346456692913385 humain.

99.21259842519684 1007.1496062992126 53.574803149606296 28.346456692913385 2.
125.85826771653544 1007.1496062992126 151.37007874015748 28.346456692913385 Altus,
250.58267716535434 1007.1496062992126 151.37007874015748 28.346456692913385 editus
375.3070866141732 1007.1496062992126 53.574803149606296 28.346456692913385 et
402.23622047244095 1007.1496062992126 169.22834645669292 28.346456692913385 procerus
544.8188976377953 1007.1496062992126 115.93700787401575 28.346456692913385 réduisent
633.8267716535433 1007.1496062992126 53.574803149606296 28.346456692913385 la
660.4724409448819 1007.1496062992126 98.07874015748031 28.346456692913385 hauteur
731.9055118110236 1007.1496062992126 44.503937007874015 28.346456692913385 à
740.6929133858267 1007.1496062992126 35.71653543307087 28.346456692913385 un

70.86614173228347 1041.732283464567 111.96850393700787 29.480314960629922 simple
149.10236220472441 1041.732283464567 123.02362204724409 29.480314960629922 rapport
238.6771653543307 1041.732283464567 67.18110236220473 29.480314960629922 de
272.12598425196853 1041.732283464567 89.5748031496063 29.480314960629922 lieu
328.251968503937 1041.732283464567 67.18110236220473 29.480314960629922 et
361.7007874015748 1041.732283464567 145.41732283464566 29.480314960629922 d’espace;
473.6692913385827 1041.732283464567 190.20472440944883 29.480314960629922 arduus
630.4251968503937 1041.732283464567 67.18110236220473 29.480314960629922 se
663.8740157480315 1041.732283464567 78.23622047244095 29.480314960629922 dit
708.6614173228346 1041.732283464567 67.18110236220473 29.480314960629922 de
731.0551181102362 1041.732283464567 44.78740157480315 29.480314960629922 ce

71.14960629921259 1076.3149606299212 83.62204724409449 30.04724409448819 qui
119.05511811023622 1076.3149606299212 83.62204724409449 30.04724409448819 est
166.6771653543307 1076.3149606299212 131.5275590551181 30.04724409448819 d’abord
262.48818897637796 1076.3149606299212 107.71653543307086 30.04724409448819 haut,
334.20472440944883 1076.3149606299212 95.81102362204724 30.04724409448819 puis
394.01574803149606 1076.3149606299212 131.5275590551181 30.04724409448819 escarpé
489.8267716535433 1076.3149606299212 71.71653543307086 30.04724409448819 et
525.8267716535433 1076.3149606299212 203.5275590551181 30.04724409448819 inaccessible,
693.3543307086615 1076.3149606299212 71.71653543307086 30.04724409448819 au
717.1653543307086 1076.3149606299212 59.811023622047244 30.04724409448819 fi-

72.56692913385827 1110.8976377952756 94.67716535433071 28.913385826771652 guré:
135.49606299212599 1110.8976377952756 147.11811023622047 28.913385826771652 difficile,
251.1496062992126 1110.8976377952756 157.60629921259843 28.913385826771652 impossible;
377.5748031496063 1110.8976377952756 189.35433070866142 28.913385826771652 celsus,
535.1811023622047 1110.8976377952756 84.18897637795276 28.913385826771652 haut
587.6220472440945 1110.8976377952756 73.7007874015748 28.913385826771652 par
629.8582677165355 1110.8976377952756 115.65354330708661 28.913385826771652 l’effet
703.2755905511812 1110.8976377952756 73.7007874015748 28.913385826771652 d’une

72.56692913385827 1146.0472440944882 126.14173228346456 27.77952755905512 tendance
167.24409448818898 1146.0472440944882 52.724409448818896 27.77952755905512 à
188.2204724409449 1146.0472440944882 136.91338582677164 27.77952755905512 s’étendre
293.38582677165357 1146.0472440944882 63.21259842519685 27.77952755905512 et
325.13385826771656 1146.0472440944882 52.724409448818896 27.77952755905512 à
346.1102362204724 1146.0472440944882 147.4015748031496 27.77952755905512 s’élancer,
461.76377952755905 1146.0472440944882 63.21259842519685 27.77952755905512 au
493.51181102362204 1146.0472440944882 115.65354330708661 27.77952755905512 figuré:
577.7007874015748 1146.0472440944882 94.67716535433071 27.77952755905512 fier;
630.1417322834645 1146.0472440944882 147.4015748031496 27.77952755905512 excel

70.58267716535433 1180.6299212598426 141.16535433070865 30.04724409448819 sus
181.70078740157481 1180.6299212598426 60.661417322834644 30.04724409448819 et
212.03149606299212 1180.6299212598426 211.748031496063 30.04724409448819 præcelsus,
393.4488188976378 1180.6299212598426 60.661417322834644 30.04724409448819 ce
423.7795275590551 1180.6299212598426 70.58267716535433 30.04724409448819 qui
464.31496062992125 1180.6299212598426 111.11811023622047 30.04724409448819 dépasse
544.8188976377953 1180.6299212598426 100.91338582677166 30.04724409448819 encore
615.4015748031496 1180.6299212598426 121.03937007874016 30.04724409448819 d’autres
696.1889763779527 1180.6299212598426 80.78740157480316 30.04724409448819 points

70.86614173228347 1215.7795275590552 165.54330708661416 28.346456692913385 culminants,
203.24409448818898 1215.7795275590552 66.33070866141732 28.346456692913385 au
236.40944881889763 1215.7795275590552 121.32283464566929 28.346456692913385 figuré:
324.8503937007874 1215.7795275590552 132.3779527559055 28.346456692913385 éminent;
424.34645669291336 1215.7795275590552 220.8188976377953 28.346456692913385 sublimis,
612.0 1215.7795275590552 66.33070866141732 28.346456692913385 ce
645.1653543307086 1215.7795275590552 77.38582677165354 28.346456692913385 qui
689.1023622047244 1215.7795275590552 66.33070866141732 28.346456692913385 se
711.2125984251968 1215.7795275590552 66.33070866141732 28.346456692913385 sou-

70.01574803149606 1249.7952755905512 111.4015748031496 28.913385826771652 tient
144.28346456692913 1249.7952755905512 74.26771653543307 28.913385826771652 en
181.41732283464566 1249.7952755905512 111.4015748031496 28.913385826771652 l’air
255.96850393700788 1249.7952755905512 98.92913385826772 28.913385826771652 sans
317.76377952755905 1249.7952755905512 136.06299212598427 28.913385826771652 toucher
416.6929133858268 1249.7952755905512 61.79527559055118 28.913385826771652 à
441.6377952755906 1249.7952755905512 123.8740157480315 28.913385826771652 terre,
528.0944881889764 1249.7952755905512 74.26771653543307 28.913385826771652 ce
565.2283464566929 1249.7952755905512 86.74015748031496 28.913385826771652 qui
614.8346456692914 1249.7952755905512 123.8740157480315 28.913385826771652 plane,
689.1023622047244 1249.7952755905512 86.74015748031496 28.913385826771652 comme

70.2992125984252 1284.9448818897638 157.3228346456693 30.614173228346456 μετέωρος,
191.33858267716536 1284.9448818897638 72.56692913385827 30.614173228346456 au
227.6220472440945 1284.9448818897638 133.22834645669292 30.614173228346456 figuré:
312.37795275590554 1284.9448818897638 121.03937007874016 30.614173228346456 sublime.
