845.2913385826772 1417.8897637795276
286.5826771653543 123.30708661417323 78.80314960629921 17.5748031496063 DE
325.98425196850394 123.30708661417323 170.64566929133858 17.5748031496063 SYNONYMIE
443.90551181102364 123.30708661417323 118.20472440944881 17.5748031496063 LATINE.

722.5511811023622 119.90551181102362 54.425196850393704 19.84251968503937 19

71.71653543307086 166.39370078740157 224.50393700787401 29.480314960629922 amplecti,
262.48818897637796 166.39370078740157 100.91338582677166 29.480314960629922 c’est
329.9527559055118 166.39370078740157 123.30708661417323 29.480314960629922 prendre
419.5275590551181 166.39370078740157 123.30708661417323 29.480314960629922 quelque
509.38582677165357 166.39370078740157 100.91338582677166 29.480314960629922 chose
576.8503937007874 166.39370078740157 67.18110236220473 29.480314960629922 en
610.2992125984252 166.39370078740157 89.85826771653544 29.480314960629922 main
666.4251968503937 166.39370078740157 78.51968503937007 29.480314960629922 par
700.1574803149606 166.39370078740157 78.51968503937007 29.480314960629922 oppo-

71.71653543307086 201.54330708661416 107.14960629921259 29.480314960629922 sition
146.83464566929135 201.54330708661416 53.574803149606296 29.480314960629922 à
168.09448818897638 201.54330708661416 128.40944881889763 29.480314960629922 négliger
264.4724409448819 201.54330708661416 64.34645669291339 29.480314960629922 et
296.503937007874 201.54330708661416 53.574803149606296 29.480314960629922 à
318.0472440944882 201.54330708661416 149.95275590551182 29.480314960629922 dédaigner;
435.68503937007875 201.54330708661416 224.78740157480314 29.480314960629922 complecti,
628.1574803149606 201.54330708661416 96.37795275590551 29.480314960629922 c’est
681.7322834645669 201.54330708661416 96.37795275590551 29.480314960629922 s’empa-

69.16535433070867 236.1259842519685 88.7244094488189 28.913385826771652 rer
119.90551181102362 236.1259842519685 101.48031496062993 28.913385826771652 tout
183.4015748031496 236.1259842519685 63.496062992125985 28.913385826771652 à
208.91338582677164 236.1259842519685 101.48031496062993 28.913385826771652 fait
272.12598425196853 236.1259842519685 114.23622047244095 28.913385826771652 d’une
348.37795275590554 236.1259842519685 114.23622047244095 28.913385826771652 chose
424.62992125984255 236.1259842519685 88.7244094488189 28.913385826771652 par
475.37007874015745 236.1259842519685 177.73228346456693 28.913385826771652 opposition
614.8346456692914 236.1259842519685 63.496062992125985 28.913385826771652 à
640.3464566929134 236.1259842519685 152.2204724409449 28.913385826771652 posséder
741.8267716535433 236.1259842519685 37.98425196850393 28.913385826771652 à

70.2992125984252 270.70866141732284 113.66929133858268 28.346456692913385 demi,
146.26771653543307 270.70866141732284 63.21259842519685 28.346456692913385 à
171.49606299212599 270.70866141732284 88.44094488188976 28.346456692913385 peu
209.48031496062993 270.70866141732284 88.44094488188976 28.346456692913385 près.

72.28346456692914 327.9685039370079 119.62204724409449 26.078740157480315 AMPLUS,
159.0236220472441 327.9685039370079 65.19685039370079 26.078740157480315 v.
191.90551181102362 327.9685039370079 195.59055118110237 26.078740157480315 Magnus.
354.8976377952756 327.9685039370079 119.62204724409449 26.078740157480315 ANCEPS,
441.9212598425197 327.9685039370079 65.19685039370079 26.078740157480315 v.
463.46456692913387 327.9685039370079 174.04724409448818 26.078740157480315 Dubius.

72.28346456692914 359.1496062992126 128.69291338582678 26.078740157480315 ANCILLA,
168.66141732283464 359.1496062992126 64.34645669291339 26.078740157480315 v.
200.9763779527559 359.1496062992126 192.75590551181102 26.078740157480315 Servus.
361.7007874015748 359.1496062992126 107.14960629921259 26.078740157480315 ANGOR,
436.53543307086613 359.1496062992126 64.34645669291339 26.078740157480315 v.
458.0787401574803 359.1496062992126 149.95275590551182 26.078740157480315 Cura.

75.11811023622047 390.3307086614173 87.8740157480315 26.64566929133858 ANGUIS,
138.89763779527559 390.3307086614173 47.90551181102362 26.64566929133858 v.
154.77165354330708 390.3307086614173 127.84251968503936 26.64566929133858 Repere.

104.03149606299213 445.8897637795276 123.59055118110236 28.346456692913385 ANGUSTUS.
199.2755905511811 445.8897637795276 104.5984251968504 28.346456692913385 ARCTUS.
275.5275590551181 445.8897637795276 104.5984251968504 28.346456692913385 DENSUS.
351.496062992126 445.8897637795276 114.23622047244095 28.346456692913385 SPISSUS.
437.1023622047244 445.8897637795276 56.976377952755904 28.346456692913385 1.
465.73228346456693 445.8897637795276 180.8503937007874 28.346456692913385 Angustus
617.9527559055118 445.8897637795276 56.976377952755904 28.346456692913385 et
636.9448818897638 445.8897637795276 142.86614173228347 28.346456692913385 arctus

72.56692913385827 479.33858267716533 82.20472440944881 29.480314960629922 ont
119.33858267716535 479.33858267716533 105.73228346456693 29.480314960629922 trait
189.92125984251967 479.33858267716533 58.67716535433071 29.480314960629922 à
213.4488188976378 479.33858267716533 141.16535433070865 29.480314960629922 l’espace
319.46456692913387 479.33858267716533 94.11023622047244 29.480314960629922 même
378.1417322834646 479.33858267716533 70.58267716535433 29.480314960629922 et
413.5748031496063 479.33858267716533 58.67716535433071 29.480314960629922 à
437.1023622047244 479.33858267716533 70.58267716535433 29.480314960629922 la
472.251968503937 479.33858267716533 152.78740157480314 29.480314960629922 proximité
589.8897637795276 479.33858267716533 82.20472440944881 29.480314960629922 des
636.9448818897638 479.33858267716533 129.25984251968504 29.480314960629922 limites
719.4330708661417 479.33858267716533 58.67716535433071 29.480314960629922 qui

73.98425196850394 514.488188976378 57.25984251968504 28.913385826771652 le
102.61417322834646 514.488188976378 162.14173228346456 28.913385826771652 restreignent;
236.1259842519685 514.488188976378 162.14173228346456 28.913385826771652 densus
369.6377952755906 514.488188976378 57.25984251968504 28.913385826771652 et
398.26771653543307 514.488188976378 181.13385826771653 28.913385826771652 spissus,
551.0551181102362 514.488188976378 66.89763779527559 28.913385826771652 aux
589.0393700787401 514.488188976378 95.24409448818898 28.913385826771652 objets
655.9370078740158 514.488188976378 66.89763779527559 28.913385826771652 que
684.5669291338583 514.488188976378 95.24409448818898 28.913385826771652 l’espace

71.71653543307086 549.0708661417323 142.29921259842519 28.913385826771652 contient
178.29921259842519 549.0708661417323 71.14960629921259 28.913385826771652 et
214.01574803149606 549.0708661417323 59.24409448818898 28.913385826771652 à
237.54330708661416 549.0708661417323 94.67716535433071 28.913385826771652 leur
296.78740157480314 549.0708661417323 153.92125984251967 28.913385826771652 voisinage
415.2755905511811 549.0708661417323 106.58267716535433 28.913385826771652 entre
474.5196850393701 549.0708661417323 71.14960629921259 28.913385826771652 eux.

103.18110236220473 584.7874015748032 63.496062992125985 28.913385826771652 2.
134.9291338582677 584.7874015748032 221.95275590551182 28.913385826771652 L'angustum
325.13385826771656 584.7874015748032 53.00787401574803 28.913385826771652 a
346.3937007874016 584.7874015748032 84.4724409448819 28.913385826771652 pour
399.11811023622045 584.7874015748032 116.22047244094489 28.913385826771652 limites
483.87401574803147 584.7874015748032 63.496062992125985 28.913385826771652 de
515.3385826771654 584.7874015748032 116.22047244094489 28.913385826771652 simples
600.0944881889764 584.7874015748032 116.22047244094489 28.913385826771652 lignes,
684.5669291338583 584.7874015748032 63.496062992125985 28.913385826771652 et
705.8267716535433 584.7874015748032 73.98425196850394 28.913385826771652 offre

72.85039370078741 619.3700787401575 70.86614173228347 29.480314960629922 la
108.28346456692914 619.3700787401575 129.82677165354332 29.480314960629922 plupart
202.6771653543307 619.3700787401575 70.86614173228347 29.480314960629922 du
238.11023622047244 619.3700787401575 106.2992125984252 29.480314960629922 temps
308.9763779527559 619.3700787401575 82.48818897637796 29.480314960629922 une
356.0314960629921 619.3700787401575 117.92125984251969 29.480314960629922 figure
438.8031496062992 619.3700787401575 153.35433070866142 29.480314960629922 oblongue,
556.7244094488188 619.3700787401575 141.73228346456693 29.480314960629922 étroite,
663.0236220472441 619.3700787401575 70.86614173228347 29.480314960629922 il
698.4566929133858 619.3700787401575 58.960629921259844 29.480314960629922 a
710.0787401574803 619.3700787401575 70.86614173228347 29.480314960629922 pour

75.68503937007874 654.5196850393701 96.66141732283465 28.913385826771652 opposé
143.1496062992126 654.5196850393701 164.1259842519685 28.913385826771652 latus,
278.3622047244094 654.5196850393701 87.02362204724409 28.913385826771652 comme
336.18897637795277 654.5196850393701 106.2992125984252 28.913385826771652 στενός;
413.5748031496063 654.5196850393701 183.4015748031496 28.913385826771652 l'arctum
568.0629921259842 654.5196850393701 67.46456692913385 28.913385826771652 est
606.6141732283464 654.5196850393701 77.10236220472441 28.913385826771652 clos
654.8031496062993 654.5196850393701 67.46456692913385 28.913385826771652 par
693.6377952755905 654.5196850393701 67.46456692913385 28.913385826771652 des
722.5511811023622 654.5196850393701 57.826771653543304 28.913385826771652 bar-

72.28346456692914 689.1023622047244 132.09448818897638 28.346456692913385 rières,
168.09448818897638 689.1023622047244 83.90551181102362 28.346456692913385 des
216.28346456692913 689.1023622047244 168.09448818897638 28.346456692913385 murailles,
348.37795275590554 689.1023622047244 83.90551181102362 28.346456692913385 des
396.2834645669291 689.1023622047244 168.09448818897638 28.346456692913385 montagnes,
528.3779527559055 689.1023622047244 72.0 28.346456692913385 et
564.3779527559055 689.1023622047244 108.0 28.346456692913385 offre
636.3779527559055 689.1023622047244 83.90551181102362 28.346456692913385 une
672.3779527559055 689.1023622047244 108.0 28.346456692913385 surface

73.7007874015748 724.2519685039371 110.26771653543307 28.913385826771652 carrée
150.8031496062992 724.2519685039371 66.04724409448819 28.913385826771652 ou
183.96850393700788 724.2519685039371 165.25984251968504 28.913385826771652 circulaire,
316.06299212598424 724.2519685039371 154.20472440944883 28.913385826771652 resserrée,
437.1023622047244 724.2519685039371 77.10236220472441 28.913385826771652 par
481.3228346456693 724.2519685039371 154.20472440944883 28.913385826771652 opposition
602.3622047244095 724.2519685039371 54.99212598425197 28.913385826771652 à
613.4173228346457 724.2519685039371 165.25984251968504 28.913385826771652 laxus,

75.11811023622047 758.8346456692914 87.02362204724409 28.913385826771652 comme
133.22834645669292 758.8346456692914 125.5748031496063 28.913385826771652 στενωπός.
229.88976377952756 758.8346456692914 58.110236220472444 28.913385826771652 On
258.8031496062992 758.8346456692914 58.110236220472444 28.913385826771652 ne
287.7165354330709 758.8346456692914 77.38582677165354 28.913385826771652 peut
336.18897637795277 758.8346456692914 96.66141732283465 28.913385826771652 jamais
403.93700787401576 758.8346456692914 106.2992125984252 28.913385826771652 appeler
481.3228346456693 758.8346456692914 164.40944881889763 28.913385826771652 arctus
616.5354330708661 758.8346456692914 58.110236220472444 28.913385826771652 le
635.8110236220473 758.8346456692914 145.13385826771653 28.913385826771652 clavus

74.83464566929133 793.4173228346457 196.15748031496062 28.913385826771652 angustus.
241.51181102362204 793.4173228346457 88.15748031496064 28.913385826771652 Mela.
300.4724409448819 793.4173228346457 78.51968503937007 28.913385826771652 IIΙ,
349.51181102362204 793.4173228346457 58.960629921259844 28.913385826771652 2,
378.99212598425197 793.4173228346457 58.960629921259844 28.913385826771652 8.
408.4724409448819 793.4173228346457 98.07874015748031 28.913385826771652 Rhenus
477.07086614173227 793.4173228346457 58.960629921259844 28.913385826771652 ad
506.26771653543307 793.4173228346457 108.0 28.913385826771652 dextram
584.7874015748032 793.4173228346457 88.15748031496064 28.913385826771652 primo
633.8267716535433 793.4173228346457 147.11811023622047 28.913385826771652 angus

75.68503937007874 828.0 143.1496062992126 28.913385826771652 tus
188.2204724409449 828.0 61.511811023622045 28.913385826771652 et
218.83464566929135 828.0 71.71653543307086 28.913385826771652 sui
259.93700787401576 828.0 122.74015748031496 28.913385826771652 similis,
351.7795275590551 828.0 81.92125984251969 28.913385826771652 post
403.0866141732283 828.0 102.33070866141732 28.913385826771652 ingens
474.5196850393701 828.0 92.1259842519685 28.913385826771652 lacus
536.0314960629921 828.0 92.1259842519685 28.913385826771652 Flevo
597.2598425196851 828.0 143.1496062992126 28.913385826771652 dicitur...
699.5905511811023 828.0 81.92125984251969 28.913385826771652 fitque

74.26771653543307 862.5826771653543 110.55118110236221 28.913385826771652 iterum
151.6535433070866 862.5826771653543 209.76377952755905 28.913385826771652 arctior,
328.251968503937 862.5826771653543 143.43307086614172 28.913385826771652 iterumque
438.5196850393701 862.5826771653543 121.32283464566929 28.913385826771652 fluvius
526.9606299212599 862.5826771653543 154.48818897637796 28.913385826771652 emittitur.
648.5669291338583 862.5826771653543 55.275590551181104 28.913385826771652 A
670.3937007874016 862.5826771653543 110.55118110236221 28.913385826771652 droite
736.7244094488188 862.5826771653543 44.22047244094488 28.913385826771652 le

72.85039370078741 897.7322834645669 99.49606299212599 28.346456692913385 Rhin
134.9291338582677 897.7322834645669 87.02362204724409 28.346456692913385 est
184.8188976377953 897.7322834645669 136.62992125984252 28.346456692913385 d’abord
284.31496062992125 897.7322834645669 124.44094488188976 28.346456692913385 étroit
371.33858267716533 897.7322834645669 74.55118110236221 28.346456692913385 et
408.4724409448819 897.7322834645669 149.10236220472441 28.346456692913385 conserve
520.4409448818898 897.7322834645669 136.62992125984252 28.346456692913385 quelque
619.9370078740158 897.7322834645669 111.96850393700787 28.346456692913385 temps
694.488188976378 897.7322834645669 74.55118110236221 28.346456692913385 ce
719.4330708661417 897.7322834645669 62.07874015748032 28.346456692913385 ca-

73.7007874015748 932.3149606299213 146.26771653543307 28.913385826771652 ractère,
183.4015748031496 932.3149606299213 97.51181102362204 28.913385826771652 puis
244.3464566929134 932.3149606299213 73.13385826771653 28.913385826771652 il
280.9133858267717 932.3149606299213 73.13385826771653 28.913385826771652 se
317.4803149606299 932.3149606299213 170.64566929133858 28.913385826771652 transforme
451.2755905511811 932.3149606299213 73.13385826771653 28.913385826771652 en
487.84251968503935 932.3149606299213 73.13385826771653 28.913385826771652 un
524.4094488188977 932.3149606299213 85.32283464566929 28.913385826771652 lac
573.1653543307086 932.3149606299213 195.0236220472441 28.913385826771652 considérable
719.4330708661417 932.3149606299213 60.94488188976378 28.913385826771652 ap-

72.85039370078741 964.0629921259842 99.49606299212599 31.748031496062993 pelé
134.9291338582677 964.0629921259842 74.55118110236221 31.748031496062993 le
172.3464566929134 964.0629921259842 136.62992125984252 31.748031496062993 Flévon,
271.84251968503935 964.0629921259842 111.96850393700787 31.748031496062993 après
346.3937007874016 964.0629921259842 99.49606299212599 31.748031496062993 quoi
408.4724409448819 964.0629921259842 74.55118110236221 31.748031496062993 il
445.8897637795276 964.0629921259842 124.44094488188976 31.748031496062993 rentre
532.9133858267717 964.0629921259842 99.49606299212599 31.748031496062993 dans
594.992125984252 964.0629921259842 87.02362204724409 31.748031496062993 une
644.8818897637796 964.0629921259842 111.96850393700787 31.748031496062993 gorge
706.9606299212599 964.0629921259842 74.55118110236221 31.748031496062993 d’où

73.13385826771653 1001.4803149606299 75.68503937007874 28.346456692913385 il
111.11811023622047 1001.4803149606299 138.89763779527559 28.346456692913385 ressort
212.31496062992127 1001.4803149606299 101.19685039370079 28.346456692913385 sous
275.5275590551181 1001.4803149606299 75.68503937007874 28.346456692913385 la
313.2283464566929 1001.4803149606299 113.66929133858268 28.346456692913385 forme
389.1968503937008 1001.4803149606299 101.19685039370079 28.346456692913385 d’un
452.40944881889766 1001.4803149606299 126.4251968503937 28.346456692913385 simple
540.8503937007874 1001.4803149606299 113.66929133858268 28.346456692913385 cours
616.5354330708661 1001.4803149606299 126.4251968503937 28.346456692913385 d’eau:
692.503937007874 1001.4803149606299 88.44094488188976 28.346456692913385 selon

74.26771653543307 1036.0629921259842 90.14173228346456 29.480314960629922 que
125.5748031496063 1036.0629921259842 102.89763779527559 29.480314960629922 l’on
189.92125984251967 1036.0629921259842 77.10236220472441 29.480314960629922 se
228.4724409448819 1036.0629921259842 180.28346456692913 29.480314960629922 représente
370.20472440944883 1036.0629921259842 90.14173228346456 29.480314960629922 les
421.79527559055117 1036.0629921259842 115.93700787401575 29.480314960629922 bords
498.8976377952756 1036.0629921259842 77.10236220472441 29.480314960629922 du
537.4488188976378 1036.0629921259842 102.89763779527559 29.480314960629922 Rhin
601.7952755905512 1036.0629921259842 115.93700787401575 29.480314960629922 comme
679.1811023622047 1036.0629921259842 77.10236220472441 29.480314960629922 de
704.9763779527559 1036.0629921259842 77.10236220472441 29.480314960629922 sim-

73.7007874015748 1071.7795275590552 101.48031496062993 28.913385826771652 ples
137.1968503937008 1071.7795275590552 126.99212598425197 28.913385826771652 lignes
226.20472440944883 1071.7795275590552 76.25196850393701 28.913385826771652 ou
264.18897637795277 1071.7795275590552 114.23622047244095 28.913385826771652 comme
340.4409448818898 1071.7795275590552 89.00787401574803 28.913385826771652 des
378.4251968503937 1071.7795275590552 152.50393700787401 28.913385826771652 murailles.

105.16535433070867 1105.7952755905512 67.74803149606299 28.913385826771652 3.
139.1811023622047 1105.7952755905512 192.18897637795277 28.913385826771652 Densus
297.3543307086614 1105.7952755905512 135.49606299212599 28.913385826771652 présente
399.11811023622045 1105.7952755905512 158.17322834645668 28.913385826771652 simplement
523.2755905511812 1105.7952755905512 79.08661417322834 28.913385826771652 les
568.6299212598425 1105.7952755905512 113.10236220472441 28.913385826771652 objets
647.7165354330708 1105.7952755905512 101.76377952755905 28.913385826771652 comme
704.1259842519685 1105.7952755905512 79.08661417322834 28.913385826771652 très-

73.98425196850394 1140.9448818897638 183.4015748031496 28.913385826771652 rapprochés
217.98425196850394 1140.9448818897638 91.55905511811024 28.913385826771652 les
270.4251968503937 1140.9448818897638 91.55905511811024 28.913385826771652 uns
322.5826771653543 1140.9448818897638 91.55905511811024 28.913385826771652 des
375.0236220472441 1140.9448818897638 144.0 28.913385826771652 autres,
479.90551181102364 1140.9448818897638 104.88188976377953 28.913385826771652 sans
545.3858267716536 1140.9448818897638 130.96062992125985 28.913385826771652 lacune
623.9055118110236 1140.9448818897638 157.03937007874015 28.913385826771652 apparente,

77.38582677165354 1174.3937007874015 66.89763779527559 30.04724409448819 par
115.65354330708661 1174.3937007874015 133.51181102362204 30.04724409448819 opposition
220.53543307086613 1174.3937007874015 47.62204724409449 30.04724409448819 à
239.5275590551181 1174.3937007874015 162.14173228346456 30.04724409448819 rarus,
373.03937007874015 1174.3937007874015 85.88976377952756 30.04724409448819 comme
430.2992125984252 1174.3937007874015 85.88976377952756 30.04724409448819 δασὺς
487.5590551181102 1174.3937007874015 57.25984251968504 30.04724409448819 et
516.1889763779527 1174.3937007874015 143.1496062992126 30.04724409448819 θαμειός;
630.7086614173228 1174.3937007874015 143.1496062992126 30.04724409448819 spissus
735.5905511811023 1174.3937007874015 47.62204724409449 30.04724409448819 les

74.26771653543307 1210.6771653543308 171.21259842519686 28.913385826771652 représente
208.91338582677164 1210.6771653543308 109.98425196850394 28.913385826771652 comme
282.3307086614173 1210.6771653543308 146.83464566929135 28.913385826771652 entassés
392.31496062992125 1210.6771653543308 85.60629921259843 28.913385826771652 les
441.3543307086614 1210.6771653543308 85.60629921259843 28.913385826771652 uns
490.1102362204724 1210.6771653543308 85.60629921259843 28.913385826771652 sur
539.1496062992126 1210.6771653543308 85.60629921259843 28.913385826771652 les
587.9055118110236 1210.6771653543308 122.45669291338582 28.913385826771652 autres
673.7952755905512 1210.6771653543308 97.79527559055119 28.913385826771652 sans
722.5511811023622 1210.6771653543308 61.22834645669291 28.913385826771652 au-

76.81889763779527 1245.259842519685 75.96850393700787 28.346456692913385 cun
120.18897637795276 1245.259842519685 162.99212598425197 28.346456692913385 intervalle,
250.58267716535434 1245.259842519685 75.96850393700787 28.346456692913385 par
294.23622047244095 1245.259842519685 152.2204724409449 28.346456692913385 opposition
413.5748031496063 1245.259842519685 54.425196850393704 28.346456692913385 à
435.40157480314963 1245.259842519685 206.64566929133858 28.346456692913385 solutus,
609.4488188976378 1245.259842519685 97.79527559055119 28.346456692913385 comme
674.6456692913385 1245.259842519685 108.56692913385827 28.346456692913385 πυκνὸς
739.8425196850394 1245.259842519685 43.37007874015748 28.346456692913385 et

77.38582677165354 1278.1417322834645 117.35433070866142 30.04724409448819 συχνός.
162.70866141732284 1278.1417322834645 106.58267716535433 30.04724409448819 L’idée
237.54330708661416 1278.1417322834645 74.55118110236221 30.04724409448819 qui
280.06299212598424 1278.1417322834645 106.58267716535433 30.04724409448819 domine
354.8976377952756 1278.1417322834645 85.32283464566929 30.04724409448819 dans
408.18897637795277 1278.1417322834645 181.41732283464566 30.04724409448819 densus
557.5748031496063 1278.1417322834645 74.55118110236221 30.04724409448819 est
600.0944881889764 1278.1417322834645 96.09448818897638 30.04724409448819 celle
664.1574803149606 1278.1417322834645 96.09448818897638 30.04724409448819 d’une
717.4488188976378 1278.1417322834645 64.06299212598425 30.04724409448819 sur
