845.2913385826772 1420.1574803149606
37.7007874015748 109.13385826771653 37.41732283464567 19.275590551181104 8

339.59055118110234 113.10236220472441 114.80314960629921 16.440944881889763 MANUEL

52.15748031496063 155.6220472440945 186.23622047244095 29.480314960629922 infenso
207.49606299212599 155.6220472440945 103.46456692913385 29.480314960629922 cessit
280.06299212598424 155.6220472440945 103.46456692913385 29.480314960629922 hosti.
352.34645669291336 155.6220472440945 62.07874015748032 29.480314960629922 Il
383.5275590551181 155.6220472440945 93.25984251968504 29.480314960629922 lance
445.6062992125984 155.6220472440945 51.874015748031496 29.480314960629922 à
466.2992125984252 155.6220472440945 113.95275590551181 29.480314960629922 Tarquin
549.0708661417323 155.6220472440945 62.07874015748032 29.480314960629922 un
579.9685039370079 155.6220472440945 93.25984251968504 29.480314960629922 trait
631.8425196850394 155.6220472440945 124.15748031496064 29.480314960629922 dangereux;

49.32283464566929 190.20472440944883 135.7795275590551 29.480314960629922 Tarquin
147.96850393700788 190.20472440944883 73.98425196850394 29.480314960629922 se
184.8188976377953 190.20472440944883 123.30708661417323 29.480314960629922 retira
271.2755905511811 190.20472440944883 123.30708661417323 29.480314960629922 devant
357.4488188976378 190.20472440944883 86.45669291338582 29.480314960629922 cet
406.7716535433071 190.20472440944883 123.30708661417323 29.480314960629922 ennemi
480.755905511811 190.20472440944883 123.30708661417323 29.480314960629922 furieux.

79.08661417322834 224.78740157480314 67.74803149606299 28.913385826771652 3.
113.10236220472441 224.78740157480314 214.86614173228347 28.913385826771652 Hosticus
293.9527559055118 224.78740157480314 113.10236220472441 28.913385826771652 marque
373.03937007874015 224.78740157480314 67.74803149606299 28.913385826771652 un
407.0551181102362 224.78740157480314 124.44094488188976 28.913385826771652 rapport
497.4803149606299 224.78740157480314 67.74803149606299 28.913385826771652 de
531.496062992126 224.78740157480314 169.51181102362204 28.913385826771652 convenance:
655.9370078740158 224.78740157480314 101.76377952755905 28.913385826771652 ennemi,

50.45669291338583 259.37007874015745 80.78740157480316 30.04724409448819 qui
96.66141732283465 259.37007874015745 161.5748031496063 30.04724409448819 appartient
223.6535433070866 259.37007874015745 57.826771653543304 30.04724409448819 à
246.89763779527559 259.37007874015745 150.23622047244095 30.04724409448819 l'ennemi;
362.26771653543307 259.37007874015745 231.0236220472441 30.04724409448819 hostilis,
558.7086614173228 259.37007874015745 80.78740157480316 30.04724409448819 une
593.2913385826772 259.37007874015745 161.5748031496063 30.04724409448819 disposition,

48.75590551181102 294.5196850393701 119.05511811023622 23.244094488188978 comme
115.08661417322834 294.5196850393701 132.3779527559055 23.244094488188978 hostile.

78.80314960629921 329.1023622047244 169.79527559055117 28.913385826771652 ADVOCATUS.
212.31496062992127 329.1023622047244 181.70078740157481 28.913385826771652 CAUSIDICUS.
357.73228346456693 329.1023622047244 96.94488188976378 28.913385826771652 Dans
418.3937007874016 329.1023622047244 109.13385826771653 28.913385826771652 l’âge
490.96062992125985 329.1023622047244 145.41732283464566 28.913385826771652 d’argent
600.0944881889764 329.1023622047244 72.85039370078741 28.913385826771652 de
636.3779527559055 329.1023622047244 72.85039370078741 28.913385826771652 la
660.7559055118111 329.1023622047244 96.94488188976378 28.913385826771652 langue

51.30708661417323 364.251968503937 125.5748031496063 28.913385826771652 latine,
142.58267716535434 364.251968503937 228.4724409448819 28.913385826771652 advocatus
336.755905511811 364.251968503937 125.5748031496063 28.913385826771652 désigne
428.0314960629921 364.251968503937 68.5984251968504 28.913385826771652 un
462.3307086614173 364.251968503937 148.53543307086613 28.913385826771652 procureur
576.5669291338583 364.251968503937 79.93700787401575 28.913385826771652 par
622.2047244094488 364.251968503937 125.5748031496063 28.913385826771652 rapport
702.4251968503937 364.251968503937 56.976377952755904 28.913385826771652 aux

51.59055118110236 399.40157480314963 132.3779527559055 28.913385826771652 services
151.08661417322836 399.40157480314963 99.49606299212599 28.913385826771652 qu'il
217.13385826771653 399.40157480314963 99.49606299212599 28.913385826771652 rend,
283.46456692913387 399.40157480314963 66.33070866141732 28.913385826771652 et
316.62992125984255 399.40157480314963 55.275590551181104 28.913385826771652 à
338.74015748031496 399.40157480314963 77.38582677165354 28.913385826771652 son
382.96062992125985 399.40157480314963 110.55118110236221 28.913385826771652 client
460.06299212598424 399.40157480314963 88.44094488188976 28.913385826771652 dont
515.3385826771654 399.40157480314963 66.33070866141732 28.913385826771652 il
548.503937007874 399.40157480314963 77.38582677165354 28.913385826771652 est
592.7244094488188 399.40157480314963 99.49606299212599 28.913385826771652 l’ami
658.7716535433071 399.40157480314963 66.33070866141732 28.913385826771652 et
680.8818897637796 399.40157480314963 77.38582677165354 28.913385826771652 l’ap-

51.59055118110236 433.98425196850394 88.15748031496064 29.480314960629922 pui;
106.58267716535433 433.98425196850394 242.07874015748033 29.480314960629922 causidicus,
315.7795275590551 433.98425196850394 77.10236220472441 29.480314960629922 par
359.7165354330709 433.98425196850394 121.03937007874016 29.480314960629922 rapport
447.87401574803147 433.98425196850394 54.99212598425197 29.480314960629922 à
469.98425196850394 433.98425196850394 66.04724409448819 29.480314960629922 sa
502.86614173228344 433.98425196850394 143.1496062992126 29.480314960629922 condition
612.8503937007874 433.98425196850394 66.04724409448819 29.480314960629922 et
646.0157480314961 433.98425196850394 54.99212598425197 29.480314960629922 à
667.8425196850394 433.98425196850394 77.10236220472441 29.480314960629922 son
701.007874015748 433.98425196850394 54.99212598425197 29.480314960629922 mé-

48.75590551181102 469.13385826771656 120.4724409448819 28.346456692913385 tier,
128.9763779527559 469.13385826771656 147.4015748031496 28.346456692913385 souvent
236.40944881889763 469.13385826771656 107.14960629921259 28.346456692913385 avec
303.3070866141732 469.13385826771656 93.8267716535433 28.346456692913385 une
356.88188976377955 469.13385826771656 107.14960629921259 28.346456692913385 idée
423.7795275590551 469.13385826771656 80.50393700787401 28.346456692913385 de
464.0314960629921 469.13385826771656 147.4015748031496 28.346456692913385 mépris,
571.1811023622047 469.13385826771656 120.4724409448819 28.346456692913385 comme
651.6850393700787 469.13385826771656 80.50393700787401 28.346456692913385 un
678.3307086614174 469.13385826771656 80.50393700787401 28.346456692913385 mer

37.7007874015748 504.8503937007874 119.05511811023622 22.11023622047244 cenaire.

53.574803149606296 557.5748031496063 80.50393700787401 25.511811023622048 ÆDES,
107.43307086614173 557.5748031496063 53.85826771653543 25.511811023622048 v.
125.29133858267717 557.5748031496063 152.2204724409449 25.511811023622048 Templum.

77.95275590551181 607.4645669291339 158.74015748031496 30.04724409448819 ÆDIFICIUM.
202.6771653543307 607.4645669291339 113.38582677165354 30.04724409448819 DOMUS.
282.0472440944882 607.4645669291339 102.04724409448819 30.04724409448819 ÆDES.
350.0787401574803 607.4645669291339 136.06299212598427 30.04724409448819 FAMILIA.
452.12598425196853 607.4645669291339 68.03149606299213 30.04724409448819 1.
486.1417322834646 607.4645669291339 238.11023622047244 30.04724409448819 Ædificium,
678.8976377952756 607.4645669291339 79.37007874015748 30.04724409448819 terme

50.173228346456696 642.6141732283464 136.62992125984252 30.04724409448819 général
149.66929133858267 642.6141732283464 99.49606299212599 30.04724409448819 pour
211.748031496063 642.6141732283464 111.68503937007874 30.04724409448819 toute
286.2992125984252 642.6141732283464 124.15748031496064 30.04724409448819 espèce
373.3228346456693 642.6141732283464 74.55118110236221 30.04724409448819 de
410.45669291338584 642.6141732283464 161.5748031496063 30.04724409448819 bâtiment,
534.6141732283464 642.6141732283464 111.68503937007874 30.04724409448819 comme
596.6929133858267 642.6141732283464 161.5748031496063 30.04724409448819 οἰκοδόμημα;

53.00787401574803 677.7637795275591 138.04724409448818 28.346456692913385 domus
164.9763779527559 677.7637795275591 51.874015748031496 28.346456692913385 et
190.77165354330708 677.7637795275591 138.04724409448818 28.346456692913385 ædes,
303.0236220472441 677.7637795275591 146.5511811023622 28.346456692913385 ædium,
423.7795275590551 677.7637795275591 86.1732283464567 28.346456692913385 maison
484.15748031496065 677.7637795275591 146.5511811023622 28.346456692913385 d’habitation:
604.6299212598425 677.7637795275591 146.5511811023622 28.346456692913385 domus,
716.8818897637796 677.7637795275591 43.08661417322835 28.346456692913385 de-

49.889763779527556 709.511811023622 133.22834645669292 33.44881889763779 meure,
143.1496062992126 709.511811023622 119.90551181102362 33.44881889763779 siège
223.08661417322836 709.511811023622 200.1259842519685 33.44881889763779 héréditaire
383.244094488189 709.511811023622 119.90551181102362 33.44881889763779 d’une
463.18110236220474 709.511811023622 159.8740157480315 33.44881889763779 famille,
583.3700787401575 709.511811023622 119.90551181102362 33.44881889763779 comme
649.9842519685039 709.511811023622 106.58267716535433 33.44881889763779 οἶκος;

51.59055118110236 748.0629921259842 185.10236220472441 29.480314960629922 ædes,
202.11023622047244 748.0629921259842 161.85826771653544 29.480314960629922 assemblage
329.1023622047244 748.0629921259842 219.68503937007873 29.480314960629922 d’appartements,
514.2047244094488 748.0629921259842 104.03149606299213 29.480314960629922 comme
583.6535433070866 748.0629921259842 115.65354330708661 29.480314960629922 δόμοι,
653.1023622047244 748.0629921259842 104.03149606299213 29.480314960629922 δώματα.

51.30708661417323 783.2125984251968 102.89763779527559 28.346456692913385 VIRG.
119.62204724409449 783.2125984251968 68.5984251968504 28.346456692913385 G.
153.92125984251967 783.2125984251968 79.93700787401575 28.346456692913385 II,
199.84251968503938 783.2125984251968 91.2755905511811 28.346456692913385 461.
256.81889763779526 783.2125984251968 137.1968503937008 28.346456692913385 Ingentem
359.7165354330709 783.2125984251968 125.5748031496063 28.346456692913385 foribus
450.99212598425197 783.2125984251968 182.83464566929135 28.346456692913385 domus
599.5275590551181 783.2125984251968 91.2755905511811 28.346456692913385 alta
645.1653543307086 783.2125984251968 114.23622047244095 28.346456692913385 superbis

51.874015748031496 817.7952755905512 91.2755905511811 23.244094488188978 mane
108.85039370078741 817.7952755905512 159.8740157480315 23.244094488188978 salutantum
234.4251968503937 817.7952755905512 102.61417322834646 23.244094488188978 totis
303.0236220472441 817.7952755905512 102.61417322834646 23.244094488188978 vomit
371.33858267716533 817.7952755905512 193.88976377952756 23.244094488188978 ædibus
531.2125984251968 817.7952755905512 114.23622047244095 23.244094488188978 undam.
611.1496062992126 817.7952755905512 68.5984251968504 23.244094488188978 La
645.1653543307086 817.7952755905512 102.61417322834646 23.244094488188978 fière
702.4251968503937 817.7952755905512 56.976377952755904 23.244094488188978 de-

51.023622047244096 852.9448818897638 109.7007874015748 28.913385826771652 meure
124.15748031496064 852.9448818897638 85.32283464566929 28.913385826771652 par
172.91338582677164 852.9448818897638 85.32283464566929 28.913385826771652 ses
221.66929133858267 852.9448818897638 121.88976377952756 28.913385826771652 portes
306.99212598425197 852.9448818897638 207.21259842519686 28.913385826771652 orgueilleuses
477.3543307086614 852.9448818897638 146.26771653543307 28.913385826771652 rejette,
587.0551181102362 852.9448818897638 85.32283464566929 28.913385826771652 dès
635.8110236220473 852.9448818897638 73.13385826771653 28.913385826771652 le
660.1889763779527 852.9448818897638 97.51181102362204 28.913385826771652 matin,

51.59055118110236 888.0944881889764 73.13385826771653 28.913385826771652 de
88.15748031496064 888.0944881889764 85.32283464566929 28.913385826771652 ses
136.91338582677164 888.0944881889764 194.74015748031496 28.913385826771652 appartements
295.0866141732283 888.0944881889764 158.17322834645668 28.913385826771652 encombrés
416.6929133858268 888.0944881889764 73.13385826771653 28.913385826771652 un
453.25984251968504 888.0944881889764 97.51181102362204 28.913385826771652 long
514.2047244094488 888.0944881889764 97.51181102362204 28.913385826771652 flot
575.1496062992126 888.0944881889764 73.13385826771653 28.913385826771652 de
599.5275590551181 888.0944881889764 158.17322834645668 28.913385826771652 courtisans.

80.50393700787401 922.6771653543307 65.76377952755905 28.346456692913385 2.
113.38582677165354 922.6771653543307 185.95275590551182 28.346456692913385 Domus,
266.45669291338584 922.6771653543307 65.76377952755905 28.346456692913385 la
299.33858267716533 922.6771653543307 120.18897637795276 28.346456692913385 famille
386.92913385826773 922.6771653543307 65.76377952755905 28.346456692913385 au
419.81102362204723 922.6771653543307 87.59055118110236 28.346456692913385 sens
474.5196850393701 922.6771653543307 164.1259842519685 28.346456692913385 patriarcal,
605.7637795275591 922.6771653543307 98.36220472440945 28.346456692913385 comme
671.2440944881889 922.6771653543307 76.53543307086615 28.346456692913385 une
704.1259842519685 922.6771653543307 54.70866141732284 28.346456692913385 so-

53.29133858267716 957.8267716535433 99.49606299212599 28.913385826771652 ciété
119.62204724409449 957.8267716535433 99.49606299212599 28.913385826771652 close
185.95275590551182 957.8267716535433 66.33070866141732 28.913385826771652 et
219.11811023622047 957.8267716535433 121.60629921259843 28.913385826771652 intime;
307.5590551181102 957.8267716535433 210.04724409448818 28.913385826771652 familia,
484.15748031496065 957.8267716535433 66.33070866141732 28.913385826771652 au
517.3228346456693 957.8267716535433 88.44094488188976 28.913385826771652 sens
572.5984251968504 957.8267716535433 154.77165354330708 28.913385826771652 politique,
683.1496062992126 957.8267716535433 77.38582677165354 28.913385826771652 comme

54.99212598425197 992.9763779527559 69.44881889763779 29.480314960629922 une
94.67716535433071 992.9763779527559 99.21259842519684 29.480314960629922 partie
164.1259842519685 992.9763779527559 59.52755905511811 29.480314960629922 de
193.88976377952756 992.9763779527559 59.52755905511811 29.480314960629922 la
223.6535433070866 992.9763779527559 128.9763779527559 29.480314960629922 noblesse,
323.1496062992126 992.9763779527559 158.74015748031496 29.480314960629922 gens,
452.12598425196853 992.9763779527559 59.52755905511811 29.480314960629922 de
481.8897637795276 992.9763779527559 59.52755905511811 29.480314960629922 la
511.65354330708664 992.9763779527559 89.29133858267717 29.480314960629922 cité,
571.1811023622047 992.9763779527559 188.78740157480314 29.480314960629922 civitas,
720.2834645669292 992.9763779527559 39.68503937007874 29.480314960629922 du

56.40944881889764 1027.5590551181103 93.54330708661418 30.04724409448819 peuple,
115.93700787401575 1027.5590551181103 144.56692913385828 30.04724409448819 populus.

81.92125984251969 1062.708661417323 103.18110236220473 29.480314960629922 ÆGER.
150.51968503937007 1062.708661417323 137.48031496062993 29.480314960629922 ÆGROTUS.
253.70078740157481 1062.708661417323 149.10236220472441 29.480314960629922 MORBIDUS.
368.503937007874 1062.708661417323 126.14173228346456 29.480314960629922 MORBUS.
460.06299212598424 1062.708661417323 149.10236220472441 29.480314960629922 VALETUDO.
574.8661417322835 1062.708661417323 68.88188976377953 29.480314960629922 1.
597.8267716535433 1062.708661417323 160.44094488188978 29.480314960629922 Æger,

52.724409448818896 1097.291338582677 115.93700787401575 28.913385826771652 terme
129.82677165354332 1097.291338582677 141.73228346456693 28.913385826771652 général
233.00787401574803 1097.291338582677 90.14173228346456 28.913385826771652 qui
284.59842519685037 1097.291338582677 180.28346456692913 28.913385826771652 s’applique
426.0472440944882 1097.291338582677 64.34645669291339 28.913385826771652 à
451.84251968503935 1097.291338582677 115.93700787401575 28.913385826771652 toute
529.2283464566929 1097.291338582677 128.69291338582678 28.913385826771652 espèce
606.6141732283464 1097.291338582677 154.48818897637796 28.913385826771652 d’incommo-

52.724409448818896 1132.4409448818897 106.58267716535433 28.346456692913385 dité
119.33858267716535 1132.4409448818897 79.93700787401575 28.346456692913385 et
159.30708661417322 1132.4409448818897 79.93700787401575 28.346456692913385 de
199.2755905511811 1132.4409448818897 159.8740157480315 28.346456692913385 malaise,
319.46456692913387 1132.4409448818897 79.93700787401575 28.346456692913385 au
359.43307086614175 1132.4409448818897 146.5511811023622 28.346456692913385 trouble
466.01574803149606 1132.4409448818897 159.8740157480315 28.346456692913385 d’esprit
586.2047244094488 1132.4409448818897 119.90551181102362 28.346456692913385 comme
666.1417322834645 1132.4409448818897 79.93700787401575 28.346456692913385 au
692.7874015748032 1132.4409448818897 66.61417322834646 28.346456692913385 mal

55.84251968503937 1166.4566929133857 132.9448818897638 28.913385826771652 physique;
158.17322834645668 1166.4566929133857 183.96850393700788 28.913385826771652 ægrotus
311.244094488189 1166.4566929133857 61.22834645669291 28.913385826771652 et
342.1417322834646 1166.4566929133857 194.17322834645668 28.913385826771652 morbidus
505.7007874015748 1166.4566929133857 132.9448818897638 28.913385826771652 supposent
607.7480314960629 1166.4566929133857 71.43307086614173 28.913385826771652 une
648.5669291338583 1166.4566929133857 112.53543307086615 28.913385826771652 maladie
720.2834645669292 1166.4566929133857 40.818897637795274 28.913385826771652 du

57.25984251968504 1201.6062992125985 100.06299212598425 28.346456692913385 corps;
127.2755905511811 1201.6062992125985 190.20472440944883 28.346456692913385 ægrotus,
287.43307086614175 1201.6062992125985 80.22047244094489 28.346456692913385 chez
337.6062992125984 1201.6062992125985 120.18897637795276 28.346456692913385 l’homme,
427.748031496063 1201.6062992125985 200.40944881889763 28.346456692913385 morbidus,
598.1102362204724 1201.6062992125985 80.22047244094489 28.346456692913385 chez
648.0 1201.6062992125985 60.09448818897638 28.346456692913385 un
668.1259842519685 1201.6062992125985 90.14173228346456 28.346456692913385 animal.

57.54330708661417 1236.1889763779527 153.35433070866142 28.913385826771652 L'æger
183.96850393700788 1236.1889763779527 54.14173228346457 28.913385826771652 se
210.89763779527559 1236.1889763779527 72.28346456692914 28.913385826771652 sent
255.96850393700788 1236.1889763779527 99.21259842519684 28.913385826771652 malade,
328.251968503937 1236.1889763779527 180.28346456692913 28.913385826771652 l'ægrotus
481.6062992125984 1236.1889763779527 54.14173228346457 28.913385826771652 et
508.53543307086613 1236.1889763779527 54.14173228346457 28.913385826771652 le
535.7480314960629 1236.1889763779527 171.49606299212599 28.913385826771652 morbidus
680.0314960629921 1236.1889763779527 72.28346456692914 28.913385826771652 sont
716.0314960629921 1236.1889763779527 45.07086614173228 28.913385826771652 ma

46.488188976377955 1270.7716535433071 89.85826771653544 21.543307086614174 lades.
