845.2913385826772 1417.8897637795276
281.1968503937008 113.10236220472441 79.37007874015748 17.5748031496063 DE
320.88188976377955 113.10236220472441 171.7795275590551 17.5748031496063 SYNONYMIE
439.93700787401576 113.10236220472441 118.77165354330708 17.5748031496063 LATINE.

720.8503937007874 111.4015748031496 53.29133858267716 19.275590551181104 17

67.74803149606299 155.6220472440945 118.20472440944881 30.614173228346456 faire,
150.51968503937007 155.6220472440945 106.2992125984252 30.614173228346456 rompt
221.38582677165354 155.6220472440945 70.86614173228347 30.614173228346456 en
256.81889763779526 155.6220472440945 129.82677165354332 30.614173228346456 visière
351.21259842519686 155.6220472440945 58.960629921259844 30.614173228346456 à
375.0236220472441 155.6220472440945 70.86614173228347 30.614173228346456 la
410.45669291338584 155.6220472440945 129.82677165354332 30.614173228346456 raison,
504.8503937007874 155.6220472440945 106.2992125984252 30.614173228346456 comme
575.7165354330708 155.6220472440945 165.25984251968504 30.614173228346456 l’insensé,
693.6377952755905 155.6220472440945 82.77165354330708 30.614173228346456 παρά-

68.03149606299213 191.33858267716536 88.44094488188976 29.480314960629922 φρων.
127.2755905511811 191.33858267716536 58.960629921259844 29.480314960629922 On
156.75590551181102 191.33858267716536 68.88188976377953 29.480314960629922 dit
195.8740157480315 191.33858267716536 117.92125984251969 29.480314960629922 amens
284.59842519685037 191.33858267716536 127.84251968503936 29.480314960629922 metu,
382.96062992125985 191.33858267716536 186.8031496062992 29.480314960629922 terrore,
540.2834645669292 191.33858267716536 98.36220472440945 29.480314960629922 hébété
609.1653543307086 191.33858267716536 68.88188976377953 29.480314960629922 par
648.5669291338583 191.33858267716536 58.960629921259844 29.480314960629922 la
678.0472440944882 191.33858267716536 88.44094488188976 29.480314960629922 peur,
727.0866141732283 191.33858267716536 49.32283464566929 29.480314960629922 par

68.5984251968504 225.92125984251967 157.03937007874015 28.346456692913385 l’épouvante;
196.44094488188978 225.92125984251967 78.51968503937007 28.346456692913385 mais
245.48031496062993 225.92125984251967 127.55905511811024 28.346456692913385 demens
343.5590551181102 225.92125984251967 157.03937007874015 28.346456692913385 scelere,
471.40157480314963 225.92125984251967 206.36220472440945 28.346456692913385 discordia,
648.2834645669292 225.92125984251967 98.07874015748031 28.346456692913385 devenu
716.8818897637796 225.92125984251967 68.88188976377953 28.346456692913385 fou
746.3622047244095 225.92125984251967 29.480314960629922 28.346456692913385 à

66.04724409448819 261.07086614173227 72.0 29.480314960629922 la
102.04724409448819 261.07086614173227 108.0 29.480314960629922 suite
174.04724409448818 261.07086614173227 96.09448818897638 29.480314960629922 d’un
233.85826771653544 261.07086614173227 119.90551181102362 29.480314960629922 crime,
318.0472440944882 261.07086614173227 108.0 29.480314960629922 d’une
377.8582677165354 261.07086614173227 132.09448818897638 29.480314960629922 querelle.

98.92913385826772 295.65354330708664 57.25984251968504 28.913385826771652 2.
127.55905511811024 295.65354330708664 171.7795275590551 28.913385826771652 Insanus
270.99212598425197 295.65354330708664 47.62204724409449 28.913385826771652 a
289.98425196850394 295.65354330708664 57.25984251968504 28.913385826771652 un
318.61417322834643 295.65354330708664 76.25196850393701 28.913385826771652 sens
366.5196850393701 295.65354330708664 124.15748031496064 28.913385826771652 privatif;
461.76377952755905 295.65354330708664 181.41732283464566 28.913385826771652 vesanus,
614.5511811023622 295.65354330708664 57.25984251968504 28.913385826771652 un
643.1811023622047 295.65354330708664 76.25196850393701 28.913385826771652 sens
681.4488188976378 295.65354330708664 95.5275590551181 28.913385826771652 déprava-

68.03149606299213 330.8031496062992 84.75590551181102 28.346456692913385 tif.
120.75590551181102 330.8031496062992 211.748031496063 28.346456692913385 L'insanus
300.755905511811 330.8031496062992 73.98425196850394 28.346456692913385 n’a
342.99212598425197 330.8031496062992 84.75590551181102 28.346456692913385 plus
396.0 330.8031496062992 126.99212598425197 28.346456692913385 d’empire
491.244094488189 330.8031496062992 73.98425196850394 28.346456692913385 sur
533.4803149606299 330.8031496062992 73.98425196850394 28.346456692913385 les
576.0 330.8031496062992 95.24409448818898 28.346456692913385 sens,
639.496062992126 330.8031496062992 63.496062992125985 28.346456692913385 la
671.2440944881889 330.8031496062992 105.73228346456693 28.346456692913385 raison
734.7401574803149 330.8031496062992 42.23622047244095 28.346456692913385 le

68.03149606299213 365.38582677165357 109.98425196850394 28.346456692913385 fuit,
141.4488188976378 365.38582677165357 73.41732283464567 28.346456692913385 il
178.01574803149606 365.38582677165357 134.36220472440945 28.346456692913385 dépasse
275.81102362204723 365.38582677165357 97.79527559055119 28.346456692913385 dans
337.03937007874015 365.38582677165357 73.41732283464567 28.346456692913385 un
373.6062992125984 365.38582677165357 109.98425196850394 28.346456692913385 accès
447.0236220472441 365.38582677165357 73.41732283464567 28.346456692913385 de
483.59055118110234 365.38582677165357 134.36220472440945 28.346456692913385 passion
581.3858267716536 365.38582677165357 73.41732283464567 28.346456692913385 la
617.9527559055118 365.38582677165357 122.1732283464567 28.346456692913385 mesure
703.5590551181102 365.38582677165357 73.41732283464567 28.346456692913385 et
728.2204724409448 365.38582677165357 48.75590551181102 28.346456692913385 le

66.33070866141732 401.1023622047244 88.7244094488189 27.77952755905512 but
117.07086614173228 401.1023622047244 75.96850393700787 27.77952755905512 et
155.0551181102362 401.1023622047244 101.19685039370079 27.77952755905512 nous
218.26771653543307 401.1023622047244 126.70866141732283 27.77952755905512 paraît
306.99212598425197 401.1023622047244 164.69291338582678 27.77952755905512 coupable.
433.4173228346457 401.1023622047244 113.95275590551181 27.77952755905512 C’est
509.38582677165357 401.1023622047244 75.96850393700787 27.77952755905512 un
547.3700787401575 401.1023622047244 113.95275590551181 27.77952755905512 homme
623.3385826771654 401.1023622047244 75.96850393700787 27.77952755905512 en
648.5669291338583 401.1023622047244 126.70866141732283 27.77952755905512 démence.

69.44881889763779 435.11811023622045 61.511811023622045 28.346456692913385 Le
100.06299212598425 435.11811023622045 194.45669291338584 28.346456692913385 vesanus,
263.90551181102364 435.11811023622045 112.53543307086615 28.346456692913385 aveuglé
345.54330708661416 435.11811023622045 71.71653543307086 28.346456692913385 par
386.6456692913386 435.11811023622045 71.71653543307086 28.346456692913385 des
427.46456692913387 435.11811023622045 143.1496062992126 28.346456692913385 illusions,
540.0 435.11811023622045 81.92125984251969 28.346456692913385 sort
591.0236220472441 435.11811023622045 61.511811023622045 28.346456692913385 de
621.9212598425197 435.11811023622045 61.511811023622045 28.346456692913385 la
652.5354330708661 435.11811023622045 92.1259842519685 28.346456692913385 bonne
703.5590551181102 435.11811023622045 71.71653543307086 28.346456692913385 voie,

66.04724409448819 469.7007874015748 163.55905511811022 29.480314960629922 poursuit
188.78740157480314 469.7007874015748 81.63779527559055 29.480314960629922 un
229.60629921259843 469.7007874015748 95.5275590551181 29.480314960629922 but
284.0314960629921 469.7007874015748 163.55905511811022 29.480314960629922 trompeur
406.7716535433071 469.7007874015748 81.63779527559055 29.480314960629922 et
447.59055118110234 469.7007874015748 109.13385826771653 29.480314960629922 nous
515.9055118110236 469.7007874015748 136.3464566929134 29.480314960629922 paraît
597.5433070866142 469.7007874015748 177.16535433070865 29.480314960629922 malheureux.

67.46456692913385 504.2834645669291 104.5984251968504 23.244094488188978 C’est
137.1968503937008 504.2834645669291 69.73228346456693 23.244094488188978 un
160.44094488188978 504.2834645669291 162.99212598425197 23.244094488188978 visionnaire.

98.64566929133858 539.4330708661417 62.92913385826772 29.480314960629922 3.
130.11023622047244 539.4330708661417 188.50393700787401 29.480314960629922 Excors,
287.1496062992126 539.4330708661417 125.5748031496063 29.480314960629922 stupide,
381.25984251968504 539.4330708661417 83.90551181102362 29.480314960629922 tout
433.7007874015748 539.4330708661417 52.44094488188976 29.480314960629922 à
454.6771653543307 539.4330708661417 83.90551181102362 29.480314960629922 fait
507.11811023622045 539.4330708661417 136.06299212598427 29.480314960629922 incapable
611.7165354330708 539.4330708661417 62.92913385826772 29.480314960629922 de
643.1811023622047 539.4330708661417 136.06299212598427 29.480314960629922 réflexion
737.2913385826772 539.4330708661417 41.95275590551181 29.480314960629922 et

70.86614173228347 574.5826771653543 127.2755905511811 28.913385826771652 d’examen,
168.9448818897638 574.5826771653543 68.5984251968504 28.913385826771652 par
208.06299212598427 574.5826771653543 136.91338582677164 28.913385826771652 opposition
315.7795275590551 574.5826771653543 49.039370078740156 28.913385826771652 à
335.33858267716533 574.5826771653543 195.8740157480315 28.913385826771652 cordatus;
501.73228346456693 574.5826771653543 176.31496062992127 28.913385826771652 vecors,
638.9291338582677 574.5826771653543 136.91338582677164 28.913385826771652 extravagant,

67.18110236220473 609.7322834645669 168.09448818897638 29.480314960629922 incapable
196.7244094488189 609.7322834645669 77.66929133858268 29.480314960629922 de
235.55905511811022 609.7322834645669 168.09448818897638 29.480314960629922 réfléchir
364.81889763779526 609.7322834645669 103.46456692913385 29.480314960629922 avec
429.4488188976378 609.7322834645669 129.25984251968504 29.480314960629922 calme,
519.8740157480315 609.7322834645669 116.50393700787401 29.480314960629922 parce
597.5433070866142 609.7322834645669 90.4251968503937 29.480314960629922 que
649.4173228346457 609.7322834645669 116.50393700787401 29.480314960629922 l’âme
714.0472440944882 609.7322834645669 64.62992125984252 29.480314960629922 est

68.5984251968504 644.3149606299213 145.13385826771653 29.480314960629922 possédée
177.4488188976378 644.3149606299213 84.75590551181102 29.480314960629922 par
225.92125984251967 644.3149606299213 84.75590551181102 29.480314960629922 une
274.3937007874016 644.3149606299213 96.66141732283465 29.480314960629922 idée
322.5826771653543 644.3149606299213 84.75590551181102 29.480314960629922 fixe.

98.92913385826772 678.8976377952756 64.62992125984252 35.71653543307087 4.
131.24409448818898 678.8976377952756 182.83464566929135 35.71653543307087 Furor,
281.76377952755905 678.8976377952756 182.83464566929135 35.71653543307087 surexcitation
432.2834645669291 678.8976377952756 64.62992125984252 35.71653543307087 de
464.59842519685037 678.8976377952756 139.748031496063 35.71653543307087 l’esprit,
572.0314960629921 678.8976377952756 118.20472440944881 35.71653543307087 extase,
647.4330708661417 678.8976377952756 128.9763779527559 35.71653543307087 transport,

72.0 714.0472440944882 124.7244094488189 30.04724409448819 μανικός;
165.54330708661416 714.0472440944882 207.7795275590551 30.04724409448819 delirium,
342.1417322834646 714.0472440944882 166.39370078740157 30.04724409448819 affaissement
477.3543307086614 714.0472440944882 72.85039370078741 30.04724409448819 des
519.0236220472441 714.0472440944882 124.7244094488189 30.04724409448819 facultés
612.2834645669292 714.0472440944882 62.36220472440945 30.04724409448819 de
643.4645669291339 714.0472440944882 124.7244094488189 30.04724409448819 l’esprit
726.8031496062993 714.0472440944882 51.874015748031496 30.04724409448819 par

68.31496062992126 749.1968503937007 99.49606299212599 29.480314960629922 des
125.00787401574803 749.1968503937007 142.01574803149606 29.480314960629922 causes
224.50393700787401 749.1968503937007 198.99212598425197 29.480314960629922 physiques,
380.9763779527559 749.1968503937007 127.84251968503936 29.480314960629922 comme
466.01574803149606 749.1968503937007 113.66929133858268 29.480314960629922 chez
537.1653543307086 749.1968503937007 99.49606299212599 29.480314960629922 une
593.8582677165355 749.1968503937007 170.36220472440945 29.480314960629922 personne
707.5275590551181 749.1968503937007 71.14960629921259 29.480314960629922 qui

70.58267716535433 784.3464566929134 102.89763779527559 28.913385826771652 tombe
139.1811023622047 784.3464566929134 68.5984251968504 28.913385826771652 en
173.48031496062993 784.3464566929134 137.1968503937008 28.913385826771652 enfance;
276.37795275590554 784.3464566929134 205.79527559055117 28.913385826771652 rabies,
448.15748031496065 784.3464566929134 102.89763779527559 28.913385826771652 accès
516.7559055118111 784.3464566929134 68.5984251968504 28.913385826771652 de
551.0551181102362 784.3464566929134 114.51968503937007 28.913385826771652 fureur
630.992125984252 784.3464566929134 137.1968503937008 28.913385826771652 méchante
722.5511811023622 784.3464566929134 57.25984251968504 28.913385826771652 qui

72.56692913385827 818.9291338582677 115.65354330708661 29.480314960629922 étouffe
156.75590551181102 818.9291338582677 63.21259842519685 29.480314960629922 le
188.2204724409449 818.9291338582677 84.18897637795276 29.480314960629922 sens
240.9448818897638 818.9291338582677 105.16535433070867 29.480314960629922 moral,
314.6456692913386 818.9291338582677 105.16535433070867 29.480314960629922 λύσσα.
388.34645669291336 818.9291338582677 63.21259842519685 29.480314960629922 Le
419.81102362204723 818.9291338582677 221.10236220472441 29.480314960629922 furibundus
609.1653543307086 818.9291338582677 105.16535433070867 29.480314960629922 oublie
682.8661417322835 818.9291338582677 73.7007874015748 29.480314960629922 les
714.3307086614174 818.9291338582677 63.21259842519685 29.480314960629922 lois

73.13385826771653 854.0787401574803 59.52755905511811 28.346456692913385 de
102.89763779527559 854.0787401574803 59.52755905511811 28.346456692913385 la
132.66141732283464 854.0787401574803 119.05511811023622 28.346456692913385 matière;
221.95275590551182 854.0787401574803 59.52755905511811 28.346456692913385 le
251.71653543307087 854.0787401574803 178.86614173228347 28.346456692913385 delirus
400.81889763779526 854.0787401574803 109.13385826771653 28.346456692913385 radote;
480.18897637795277 854.0787401574803 59.52755905511811 28.346456692913385 le
509.9527559055118 854.0787401574803 178.86614173228347 28.346456692913385 rabidus
659.0551181102362 854.0787401574803 79.37007874015748 28.346456692913385 veut
698.7401574803149 854.0787401574803 79.37007874015748 28.346456692913385 mordre

71.71653543307086 888.6614173228346 68.88188976377953 23.244094488188978 et
106.01574803149606 888.6614173228346 103.18110236220473 23.244094488188978 nuire
174.61417322834646 888.6614173228346 57.25984251968504 23.244094488188978 à
197.5748031496063 888.6614173228346 103.18110236220473 23.244094488188978 toute
255.11811023622047 888.6614173228346 91.55905511811024 23.244094488188978 force.

100.62992125984252 923.8110236220473 61.79527559055118 29.480314960629922 5.
131.5275590551181 923.8110236220473 195.30708661417322 29.480314960629922 Cerritus
295.93700787401576 923.8110236220473 61.79527559055118 29.480314960629922 et
326.8346456692913 923.8110236220473 205.79527559055117 29.480314960629922 lymphatus
501.73228346456693 923.8110236220473 164.40944881889763 29.480314960629922 représentent
625.0393700787401 923.8110236220473 154.20472440944883 29.480314960629922 l’emportement

73.7007874015748 959.5275590551181 88.15748031496064 28.913385826771652 comme
132.66141732283464 959.5275590551181 58.67716535433071 28.913385826771652 un
161.85826771653544 959.5275590551181 78.23622047244095 28.913385826771652 état
210.89763779527559 959.5275590551181 58.67716535433071 28.913385826771652 de
240.3779527559055 959.5275590551181 146.83464566929135 28.913385826771652 possession:
357.73228346456693 959.5275590551181 185.95275590551182 28.913385826771652 cerritus
514.488188976378 959.5275590551181 58.67716535433071 28.913385826771652 ou
543.6850393700787 959.5275590551181 185.95275590551182 28.913385826771652 ceritus,
690.5196850393701 959.5275590551181 88.15748031496064 28.913385826771652 possédé

72.56692913385827 994.1102362204724 66.89763779527559 28.913385826771652 de
106.01574803149606 994.1102362204724 111.4015748031496 28.913385826771652 Cérès;
183.68503937007873 994.1102362204724 233.5748031496063 28.913385826771652 lymphātus,
384.09448818897636 994.1102362204724 122.45669291338582 28.913385826771652 possédé
473.1023622047244 994.1102362204724 77.95275590551181 28.913385826771652 des
506.5511811023622 994.1102362204724 111.4015748031496 28.913385826771652 nymphes.

64.34645669291339 1047.4015748031495 229.88976377952756 24.944881889763778 AMICTUS,
236.9763779527559 1047.4015748031495 249.16535433070865 24.944881889763778 AMICULUM,
428.59842519685037 1047.4015748031495 115.08661417322834 24.944881889763778 v.
466.86614173228344 1047.4015748031495 306.70866141732284 24.944881889763778 Vestis.

100.34645669291339 1092.1889763779527 126.4251968503937 35.1496062992126 AMICUS.
192.4724409448819 1092.1889763779527 115.08661417322834 35.1496062992126 AMANS.
272.9763779527559 1092.1889763779527 126.4251968503937 35.1496062992126 AMATOR.
364.81889763779526 1092.1889763779527 195.30708661417322 35.1496062992126 Amicus
525.8267716535433 1092.1889763779527 126.4251968503937 35.1496062992126 suppose
617.6692913385826 1092.1889763779527 80.50393700787401 35.1496062992126 une
652.2519685039371 1092.1889763779527 126.4251968503937 35.1496062992126 affection

73.13385826771653 1133.007874015748 121.88976377952756 30.614173228346456 mutuelle,
166.96062992125985 1133.007874015748 112.53543307086615 30.614173228346456 cordiale
251.43307086614172 1133.007874015748 56.40944881889764 30.614173228346456 et
279.496062992126 1133.007874015748 121.88976377952756 30.614173228346456 paisible,
373.3228346456693 1133.007874015748 75.11811023622047 30.614173228346456 ami,
420.37795275590554 1133.007874015748 93.8267716535433 30.614173228346456 φίλος;
486.1417322834646 1133.007874015748 150.23622047244095 30.614173228346456 amans
608.0314960629921 1133.007874015748 56.40944881889764 30.614173228346456 et
626.7401574803149 1133.007874015748 150.23622047244095 30.614173228346456 amator,

70.2992125984252 1168.1574803149606 77.10236220472441 29.480314960629922 un
108.85039370078741 1168.1574803149606 115.93700787401575 29.480314960629922 amour
185.95275590551182 1168.1574803149606 90.14173228346456 29.480314960629922 qui
237.54330708661416 1168.1574803149606 102.89763779527559 29.480314960629922 peut
301.8897637795276 1168.1574803149606 102.89763779527559 29.480314960629922 fort
366.23622047244095 1168.1574803149606 102.89763779527559 29.480314960629922 bien
430.5826771653543 1168.1574803149606 77.10236220472441 29.480314960629922 ne
469.13385826771656 1168.1574803149606 90.14173228346456 29.480314960629922 pas
520.7244094488188 1168.1574803149606 102.89763779527559 29.480314960629922 être
585.0708661417323 1168.1574803149606 141.4488188976378 29.480314960629922 partagé
687.9685039370079 1168.1574803149606 77.10236220472441 29.480314960629922 et
713.7637795275591 1168.1574803149606 64.34645669291339 29.480314960629922 qui

70.2992125984252 1203.8740157480315 92.69291338582677 28.346456692913385 n’en
128.1259842519685 1203.8740157480315 81.07086614173228 28.346456692913385 est
174.61417322834646 1203.8740157480315 81.07086614173228 28.346456692913385 que
220.8188976377953 1203.8740157480315 92.69291338582677 28.346456692913385 plus
278.92913385826773 1203.8740157480315 127.55905511811024 28.346456692913385 ardent:
371.62204724409446 1203.8740157480315 197.00787401574803 28.346456692913385 amans,
533.7637795275591 1203.8740157480315 69.44881889763779 28.346456692913385 un
568.3464566929134 1203.8740157480315 104.31496062992126 28.346456692913385 amour
638.0787401574803 1203.8740157480315 69.44881889763779 28.346456692913385 de
661.0393700787401 1203.8740157480315 115.93700787401575 28.346456692913385 passage;

70.86614173228347 1237.3228346456692 208.91338582677164 30.614173228346456 amator,
245.1968503937008 1237.3228346456692 81.35433070866142 30.614173228346456 une
291.40157480314963 1237.3228346456692 127.84251968503936 30.614173228346456 passion
384.37795275590554 1237.3228346456692 139.46456692913387 30.614173228346456 durable,
488.9763779527559 1237.3228346456692 104.5984251968504 30.614173228346456 comme
558.7086614173228 1237.3228346456692 139.46456692913387 30.614173228346456 ἐραστής.
663.0236220472441 1237.3228346456692 92.97637795275591 30.614173228346456 CIC.
709.511811023622 1237.3228346456692 69.73228346456693 30.614173228346456 Alba

72.0 1272.4724409448818 83.05511811023622 28.346456692913385 tunc
124.15748031496064 1272.4724409448818 176.5984251968504 28.346456692913385 antiquissimus
269.5748031496063 1272.4724409448818 72.85039370078741 28.346456692913385 non
310.96062992125985 1272.4724409448818 93.54330708661418 28.346456692913385 solum
373.3228346456693 1272.4724409448818 187.08661417322836 28.346456692913385 amicus,
529.2283464566929 1272.4724409448818 93.54330708661418 28.346456692913385 verum
591.5905511811023 1272.4724409448818 93.54330708661418 28.346456692913385 etiam
643.4645669291339 1272.4724409448818 135.21259842519686 28.346456692913385 ama
