839.0551181102362 1397.1968503937007
239.81102362204723 83.05511811023622 79.93700787401575 17.5748031496063 DE
279.7795275590551 83.05511811023622 173.1968503937008 17.5748031496063 SYNONYMIE
399.68503937007875 83.05511811023622 119.90551181102362 17.5748031496063 LATINE.

691.3700787401575 80.22047244094489 57.826771653543304 19.275590551181104 25

71.71653543307086 124.44094488188976 129.25984251968504 30.614173228346456 APPARET.
168.66141732283464 124.44094488188976 118.48818897637796 30.614173228346456 EMINET.
255.11811023622047 124.44094488188976 194.17322834645668 30.614173228346456 Apparet
416.6929133858268 124.44094488188976 64.62992125984252 30.614173228346456 se
449.00787401574803 124.44094488188976 75.4015748031496 30.614173228346456 dit
492.09448818897636 124.44094488188976 64.62992125984252 30.614173228346456 de
524.4094488188977 124.44094488188976 64.62992125984252 30.614173228346456 ce
556.7244094488188 124.44094488188976 75.4015748031496 30.614173228346456 qui
600.0944881889764 124.44094488188976 75.4015748031496 30.614173228346456 est
643.1811023622047 124.44094488188976 118.48818897637796 30.614173228346456 visible
718.5826771653543 124.44094488188976 32.31496062992126 30.614173228346456 à

40.53543307086614 159.0236220472441 193.60629921259843 30.04724409448819 l’observation;
202.11023622047244 159.0236220472441 193.60629921259843 30.04724409448819 eminet,
363.40157480314963 159.0236220472441 64.62992125984252 30.04724409448819 de
395.7165354330709 159.0236220472441 64.62992125984252 30.04724409448819 ce
428.0314960629921 159.0236220472441 75.4015748031496 30.04724409448819 qui
471.11811023622045 159.0236220472441 64.62992125984252 30.04724409448819 se
503.43307086614175 159.0236220472441 86.1732283464567 30.04724409448819 fait
557.2913385826772 159.0236220472441 140.03149606299212 30.04724409448819 remarquer
664.7244094488188 159.0236220472441 64.62992125984252 30.04724409448819 de
686.2677165354331 159.0236220472441 64.62992125984252 30.04724409448819 soi-

41.38582677165354 194.17322834645668 84.75590551181102 30.04724409448819 même
94.11023622047244 194.17322834645668 63.496062992125985 30.04724409448819 et
125.85826771653544 194.17322834645668 95.24409448818898 30.04724409448819 saute
189.35433070866142 194.17322834645668 73.98425196850394 30.04724409448819 aux
231.8740157480315 194.17322834645668 95.24409448818898 30.04724409448819 yeux.
295.37007874015745 194.17322834645668 84.75590551181102 30.04724409448819 SEN.
348.09448818897636 194.17322834645668 73.98425196850394 30.04724409448819 Ir.
390.61417322834643 194.17322834645668 63.496062992125985 30.04724409448819 I,
422.3622047244094 194.17322834645668 63.496062992125985 30.04724409448819 1.
454.1102362204724 194.17322834645668 200.9763779527559 30.04724409448819 Apparent
623.3385826771654 194.17322834645668 84.75590551181102 30.04724409448819 alii
665.5748031496063 194.17322834645668 84.75590551181102 30.04724409448819 affec-

40.818897637795274 228.75590551181102 84.75590551181102 30.614173228346456 tus,
93.8267716535433 228.75590551181102 74.26771653543307 30.614173228346456 hic
136.06299212598427 228.75590551181102 106.01574803149606 30.614173228346456 (scil.
210.33070866141733 228.75590551181102 84.75590551181102 30.614173228346456 iræ)
263.33858267716533 228.75590551181102 190.77165354330708 30.614173228346456 eminet.
422.3622047244094 228.75590551181102 74.26771653543307 30.614173228346456 Les
464.59842519685037 228.75590551181102 106.01574803149606 30.614173228346456 signes
538.8661417322835 228.75590551181102 74.26771653543307 30.614173228346456 des
581.3858267716536 228.75590551181102 106.01574803149606 30.614173228346456 autres
644.8818897637796 228.75590551181102 106.01574803149606 30.614173228346456 passions

40.818897637795274 264.4724409448819 93.25984251968504 27.77952755905512 sont
98.92913385826772 264.4724409448819 151.37007874015748 27.77952755905512 visibles,
215.43307086614172 264.4724409448819 93.25984251968504 27.77952755905512 ceux
273.8267716535433 264.4724409448819 70.01574803149606 27.77952755905512 de
308.6929133858268 264.4724409448819 70.01574803149606 27.77952755905512 la
343.5590551181102 264.4724409448819 116.50393700787401 27.77952755905512 colère
425.1968503937008 264.4724409448819 93.25984251968504 27.77952755905512 sont
471.68503937007875 264.4724409448819 139.748031496063 27.77952755905512 frappants.

43.37007874015748 316.62992125984255 102.33070866141732 28.62992125984252 APPARET,
120.18897637795276 316.62992125984255 51.023622047244096 28.62992125984252 v.
137.1968503937008 316.62992125984255 144.8503937007874 28.62992125984252 Constat.

43.653543307086615 347.244094488189 83.33858267716535 28.913385826771652 APTUS,
101.76377952755905 347.244094488189 49.889763779527556 28.913385826771652 v.
118.48818897637796 347.244094488189 141.73228346456693 28.913385826771652 Idoneus.

396.0 316.9133858267717 131.5275590551181 22.11023622047244 APPELLARE,
499.46456692913387 316.9133858267717 56.40944881889764 22.11023622047244 v.
527.5275590551181 316.9133858267717 131.5275590551181 22.11023622047244 Alloqui
630.992125984252 316.9133858267717 56.40944881889764 22.11023622047244 et
649.7007874015748 316.9133858267717 103.46456692913385 22.11023622047244 Nomi

423.7795275590551 353.76377952755905 69.16535433070867 18.4251968503937 nare.

76.81889763779527 406.7716535433071 103.18110236220473 28.913385826771652 AQUA.
145.41732283464566 406.7716535433071 103.18110236220473 28.913385826771652 UNDA.
214.29921259842519 406.7716535433071 137.76377952755905 28.913385826771652 FLUCTUS.
317.76377952755905 406.7716535433071 149.10236220472441 28.913385826771652 FLUENTUM.
432.2834645669291 406.7716535433071 68.88188976377953 28.913385826771652 1.
466.86614173228344 406.7716535433071 183.68503937007873 28.913385826771652 Aqua,
615.9685039370079 406.7716535433071 103.18110236220473 28.913385826771652 l’eau
673.511811023622 406.7716535433071 80.22047244094489 28.913385826771652 prise

45.92125984251968 441.3543307086614 109.98425196850394 28.913385826771652 comme
119.33858267716535 441.3543307086614 134.36220472440945 28.913385826771652 matière
217.13385826771653 441.3543307086614 195.59055118110237 28.913385826771652 élémentaire,
375.87401574803147 441.3543307086614 85.60629921259843 28.913385826771652 par
424.9133858267717 441.3543307086614 171.21259842519686 28.913385826771652 opposition
559.2755905511812 441.3543307086614 61.22834645669291 28.913385826771652 à
571.4645669291339 441.3543307086614 183.4015748031496 28.913385826771652 terra;

47.90551181102362 476.503937007874 182.83464566929135 28.913385826771652 unda,
196.44094488188978 476.503937007874 148.53543307086613 28.913385826771652 l’élément
310.6771653543307 476.503937007874 125.85826771653544 28.913385826771652 liquide
402.23622047244095 476.503937007874 137.1968503937008 28.913385826771652 toujours
505.13385826771656 476.503937007874 68.5984251968504 28.913385826771652 en
539.4330708661417 476.503937007874 160.15748031496062 28.913385826771652 mouvement,
665.007874015748 476.503937007874 79.93700787401575 28.913385826771652 par
699.3070866141733 476.503937007874 57.25984251968504 28.913385826771652 op-

48.47244094488189 511.0866141732283 130.6771653543307 29.480314960629922 position
146.26771653543307 511.0866141732283 54.425196850393704 29.480314960629922 à
168.09448818897638 511.0866141732283 185.10236220472441 29.480314960629922 solum;
320.59842519685037 511.0866141732283 195.8740157480315 29.480314960629922 lympha,
483.87401574803147 511.0866141732283 108.85039370078741 29.480314960629922 simple
560.1259842519685 511.0866141732283 130.6771653543307 29.480314960629922 synonyme
647.1496062992126 511.0866141732283 108.85039370078741 29.480314960629922 poétique

49.889763779527556 546.2362204724409 189.92125984251967 28.913385826771652 d'aqua,
208.06299212598427 546.2362204724409 84.4724409448819 28.913385826771652 avec
261.07086614173227 546.2362204724409 105.44881889763779 28.913385826771652 l’idée
334.7716535433071 546.2362204724409 147.68503937007873 28.913385826771652 accessoire
450.99212598425197 546.2362204724409 94.96062992125984 28.913385826771652 d’une
514.2047244094488 546.2362204724409 94.96062992125984 28.913385826771652 belle
577.7007874015748 546.2362204724409 73.98425196850394 28.913385826771652 eau
619.9370078740158 546.2362204724409 116.22047244094489 28.913385826771652 claire,
693.9212598425197 546.2362204724409 63.21259842519685 28.913385826771652 sens

47.62204724409449 580.8188976377953 114.23622047244095 27.77952755905512 fondé
123.8740157480315 580.8188976377953 88.7244094488189 27.77952755905512 sur
174.61417322834646 580.8188976377953 88.7244094488189 27.77952755905512 une
225.35433070866142 580.8188976377953 202.96062992125985 27.77952755905512 ressemblance
390.3307086614173 580.8188976377953 152.2204724409449 27.77952755905512 fortuite
504.56692913385825 580.8188976377953 76.25196850393701 27.77952755905512 de
542.5511811023622 580.8188976377953 88.7244094488189 27.77952755905512 son
593.2913385826772 580.8188976377953 101.48031496062993 27.77952755905512 avec
656.7874015748032 580.8188976377953 76.25196850393701 27.77952755905512 la
682.0157480314961 580.8188976377953 76.25196850393701 27.77952755905512 pre-

51.023622047244096 615.4015748031496 94.96062992125984 29.480314960629922 mière
114.23622047244095 615.4015748031496 115.93700787401575 29.480314960629922 syllabe
198.70866141732284 615.4015748031496 63.21259842519685 29.480314960629922 de
230.17322834645668 615.4015748031496 147.68503937007873 29.480314960629922 l'adjectif
346.3937007874016 615.4015748031496 210.89763779527559 29.480314960629922 limpidus,
525.5433070866142 615.4015748031496 73.7007874015748 29.480314960629922 qui
567.7795275590552 615.4015748031496 73.7007874015748 29.480314960629922 n’a
610.0157480314961 615.4015748031496 94.96062992125984 29.480314960629922 point
673.2283464566929 615.4015748031496 63.21259842519685 29.480314960629922 la
694.488188976378 615.4015748031496 63.21259842519685 29.480314960629922 même

39.40157480314961 650.5511811023622 107.14960629921259 22.677165354330707 racine.

80.50393700787401 685.1338582677165 55.84251968503937 30.614173228346456 2.
108.56692913385827 685.1338582677165 139.46456692913387 30.614173228346456 Unda
219.96850393700788 685.1338582677165 64.91338582677166 30.614173228346456 est
257.1023622047244 685.1338582677165 55.84251968503937 30.614173228346456 un
284.88188976377955 685.1338582677165 157.88976377952756 30.614173228346456 intermédiaire
414.99212598425197 685.1338582677165 83.62204724409449 30.614173228346456 entre
470.8346456692913 685.1338582677165 139.46456692913387 30.614173228346456 aqua
582.2362204724409 685.1338582677165 55.84251968503937 30.614173228346456 et
600.9448818897638 685.1338582677165 157.88976377952756 30.614173228346456 fluctus,

54.14173228346457 720.8503937007874 76.53543307086615 28.913385826771652 comme
105.16535433070867 720.8503937007874 127.84251968503936 28.913385826771652 aura
207.49606299212599 720.8503937007874 76.53543307086615 28.913385826771652 entre
258.5196850393701 720.8503937007874 119.33858267716535 28.913385826771652 aer
352.34645669291336 720.8503937007874 51.023622047244096 28.913385826771652 et
377.8582677165354 720.8503937007874 153.35433070866142 28.913385826771652 ventus.
505.7007874015748 720.8503937007874 59.52755905511811 28.913385826771652 Car
539.7165354330708 720.8503937007874 127.84251968503936 28.913385826771652 unda
641.7637795275591 720.8503937007874 93.8267716535433 28.913385826771652 désigne
701.5748031496063 720.8503937007874 59.52755905511811 28.913385826771652 comme

48.188976377952756 754.8661417322835 111.96850393700787 29.480314960629922 onde
117.92125984251969 754.8661417322835 125.85826771653544 29.480314960629922 l’eau
202.11023622047244 754.8661417322835 98.07874015748031 29.480314960629922 qui
257.9527559055118 754.8661417322835 140.03149606299212 29.480314960629922 semble
356.0314960629921 754.8661417322835 83.90551181102362 29.480314960629922 se
397.98425196850394 754.8661417322835 153.92125984251967 29.480314960629922 mouvoir
509.9527559055118 754.8661417322835 223.93700787401573 29.480314960629922 d’elle-même,
677.7637795275591 754.8661417322835 83.90551181102362 29.480314960629922 mais

51.874015748031496 790.0157480314961 172.62992125984252 29.480314960629922 fluctus
195.59055118110237 790.0157480314961 57.54330708661417 29.480314960629922 et
224.50393700787401 790.0157480314961 181.98425196850394 29.480314960629922 fluenta,
377.8582677165354 790.0157480314961 57.54330708661417 29.480314960629922 le
406.48818897637796 790.0157480314961 86.1732283464567 29.480314960629922 flot,
464.0314960629921 790.0157480314961 86.1732283464567 29.480314960629922 l’eau
521.5748031496063 790.0157480314961 95.81102362204724 29.480314960629922 agitée
588.4724409448819 790.0157480314961 67.18110236220473 29.480314960629922 par
627.0236220472441 790.0157480314961 105.44881889763779 29.480314960629922 quelque
693.9212598425197 790.0157480314961 67.18110236220473 29.480314960629922 cause

51.59055118110236 824.5984251968504 164.1259842519685 29.480314960629922 extérieure,
183.11811023622047 824.5984251968504 98.64566929133858 29.480314960629922 comme
248.88188976377953 824.5984251968504 76.53543307086615 29.480314960629922 une
292.53543307086613 824.5984251968504 131.5275590551181 29.480314960629922 tempête:
391.18110236220474 824.5984251968504 208.06299212598427 29.480314960629922 fluctus,
566.3622047244095 824.5984251968504 65.76377952755905 29.480314960629922 en
599.2440944881889 824.5984251968504 131.5275590551181 29.480314960629922 général,
686.8346456692914 824.5984251968504 76.53543307086615 29.480314960629922 c’est

51.59055118110236 859.7480314960629 66.61417322834646 28.346456692913385 la
84.75590551181102 859.7480314960629 77.66929133858268 28.346456692913385 mer
129.25984251968504 859.7480314960629 88.7244094488189 28.346456692913385 avec
184.8188976377953 859.7480314960629 77.66929133858268 28.346456692913385 ses
229.3228346456693 859.7480314960629 111.11811023622047 28.346456692913385 flots;
306.99212598425197 859.7480314960629 221.95275590551182 28.346456692913385 fluentum,
495.7795275590551 859.7480314960629 66.61417322834646 28.346456692913385 la
528.9448818897638 859.7480314960629 100.06299212598425 28.346456692913385 vague
595.5590551181102 859.7480314960629 122.1732283464567 28.346456692913385 isolée.
684.5669291338583 859.7480314960629 66.61417322834646 28.346456692913385 La
706.6771653543307 859.7480314960629 55.55905511811024 28.346456692913385 mer

53.00787401574803 894.3307086614174 140.03149606299212 28.913385826771652 orageuse,
160.7244094488189 894.3307086614174 64.62992125984252 28.913385826771652 le
193.03937007874015 894.3307086614174 118.48818897637796 28.913385826771652 torrent
279.496062992126 894.3307086614174 150.8031496062992 28.913385826771652 impétueux,
397.98425196850394 894.3307086614174 118.48818897637796 28.913385826771652 roulent
484.15748031496065 894.3307086614174 96.94488188976378 28.913385826771652 seuls
548.7874015748032 894.3307086614174 75.4015748031496 28.913385826771652 des
581.1023622047244 894.3307086614174 183.4015748031496 28.913385826771652 fluctus,

53.29133858267716 928.3464566929134 87.59055118110236 28.913385826771652 mais
108.0 928.3464566929134 98.36220472440945 28.913385826771652 toute
173.76377952755905 928.3464566929134 76.53543307086615 28.913385826771652 eau
217.41732283464566 928.3464566929134 76.53543307086615 28.913385826771652 qui
261.3543307086614 928.3464566929134 98.36220472440945 28.913385826771652 n’est
326.8346456692913 928.3464566929134 76.53543307086615 28.913385826771652 pas
370.7716535433071 928.3464566929134 142.29921259842519 28.913385826771652 stagnante
480.18897637795277 928.3464566929134 54.70866141732284 28.913385826771652 a
502.01574803149606 928.3464566929134 76.53543307086615 28.913385826771652 des
545.6692913385826 928.3464566929134 185.95275590551182 28.913385826771652 undas.
687.9685039370079 928.3464566929134 76.53543307086615 28.913385826771652 Aussi

51.59055118110236 963.496062992126 61.511811023622045 30.04724409448819 y
75.96850393700787 963.496062992126 122.74015748031496 30.04724409448819 a-t-il
162.14173228346456 963.496062992126 85.88976377952756 30.04724409448819 une
211.1811023622047 963.496062992126 122.74015748031496 30.04724409448819 grande
297.07086614173227 963.496062992126 172.06299212598427 30.04724409448819 différence
432.2834645669291 963.496062992126 110.55118110236221 30.04724409448819 entre
505.98425196850394 963.496062992126 85.88976377952756 30.04724409448819 ces
555.0236220472441 963.496062992126 98.36220472440945 30.04724409448819 deux
616.5354330708661 963.496062992126 122.74015748031496 30.04724409448819 images
690.2362204724409 963.496062992126 73.7007874015748 30.04724409448819 dans

52.15748031496063 998.6456692913385 96.66141732283465 28.346456692913385 CIC.
112.81889763779527 998.6456692913385 96.66141732283465 28.346456692913385 Mil.
173.1968503937008 998.6456692913385 72.56692913385827 28.346456692913385 2,
209.48031496062993 998.6456692913385 72.56692913385827 28.346456692913385 5.
245.76377952755905 998.6456692913385 181.41732283464566 28.346456692913385 Tempestates
390.8976377952756 998.6456692913385 72.56692913385827 28.346456692913385 et
427.18110236220474 998.6456692913385 157.3228346456693 28.346456692913385 procellas
547.9370078740158 998.6456692913385 72.56692913385827 28.346456692913385 in
584.2204724409448 998.6456692913385 108.85039370078741 28.346456692913385 illis
644.5984251968504 998.6456692913385 121.03937007874016 28.346456692913385 duntaxat

53.85826771653543 1033.2283464566929 221.95275590551182 28.913385826771652 fluctibus
242.36220472440945 1033.2283464566929 144.28346456692913 28.913385826771652 concionum
353.4803149606299 1033.2283464566929 110.83464566929133 28.913385826771652 semper
431.1496062992126 1033.2283464566929 110.83464566929133 28.913385826771652 putavi
508.81889763779526 1033.2283464566929 110.83464566929133 28.913385826771652 Miloni
586.488188976378 1033.2283464566929 88.7244094488189 28.913385826771652 esse
630.7086614173228 1033.2283464566929 133.22834645669292 28.913385826771652 subeundas,

54.70866141732284 1067.8110236220473 199.55905511811022 28.913385826771652 c’est-à-dire
216.8503937007874 1067.8110236220473 99.77952755905511 28.913385826771652 dans
279.21259842519686 1067.8110236220473 87.30708661417323 28.913385826771652 les
329.1023622047244 1067.8110236220473 174.61417322834646 28.913385826771652 assemblées
466.2992125984252 1067.8110236220473 162.14173228346456 28.913385826771652 orageuses
591.0236220472441 1067.8110236220473 74.83464566929133 28.913385826771652 et
628.4409448818898 1067.8110236220473 137.1968503937008 28.913385826771652 agitées
715.7480314960629 1067.8110236220473 49.889763779527556 28.913385826771652 du

57.25984251968504 1101.8267716535433 122.1732283464567 31.181102362204726 peuple;
145.98425196850394 1101.8267716535433 66.61417322834646 31.181102362204726 et
179.43307086614172 1101.8267716535433 111.11811023622047 31.181102362204726 Planc.
257.1023622047244 1101.8267716535433 66.61417322834646 31.181102362204726 6,
290.26771653543307 1101.8267716535433 77.66929133858268 31.181102362204726 15.
334.7716535433071 1101.8267716535433 66.61417322834646 31.181102362204726 Si
368.2204724409449 1101.8267716535433 111.11811023622047 31.181102362204726 campus
445.8897637795276 1101.8267716535433 100.06299212598425 31.181102362204726 atque
512.503937007874 1101.8267716535433 88.7244094488189 31.181102362204726 illæ
568.0629921259842 1101.8267716535433 166.6771653543307 31.181102362204726 undæ
690.2362204724409 1101.8267716535433 77.66929133858268 31.181102362204726 comi-

55.55905511811024 1137.5433070866143 147.96850393700788 28.913385826771652 tiorum,
162.99212598425197 1137.5433070866143 80.78740157480316 28.913385826771652 ut
203.5275590551181 1137.5433070866143 107.71653543307086 28.913385826771652 mare
270.70866141732284 1137.5433070866143 174.89763779527559 28.913385826771652 profundum
405.3543307086614 1137.5433070866143 80.78740157480316 28.913385826771652 et
445.6062992125984 1137.5433070866143 174.89763779527559 28.913385826771652 immensum,
580.2519685039371 1137.5433070866143 94.11023622047244 28.913385826771652 sic
620.503937007874 1137.5433070866143 147.96850393700788 28.913385826771652 efferves-

57.25984251968504 1172.1259842519685 101.48031496062993 31.748031496062993 cunt
120.75590551181102 1172.1259842519685 126.99212598425197 31.748031496062993 quodam
209.48031496062993 1172.1259842519685 114.23622047244095 31.748031496062993 quasi
285.73228346456693 1172.1259842519685 114.23622047244095 31.748031496062993 æstu,
361.98425196850394 1172.1259842519685 202.96062992125985 31.748031496062993 c’est-à-dire
526.6771653543307 1172.1259842519685 88.7244094488189 31.748031496062993 les
577.7007874015748 1172.1259842519685 152.2204724409449 31.748031496062993 réunions
679.1811023622047 1172.1259842519685 88.7244094488189 31.748031496062993 popu-

58.39370078740158 1207.275590551181 116.50393700787401 26.64566929133858 laires
139.748031496063 1207.275590551181 128.1259842519685 26.64566929133858 faciles
233.00787401574803 1207.275590551181 58.110236220472444 26.64566929133858 à
256.251968503937 1207.275590551181 151.37007874015748 26.64566929133858 émouvoir.
372.755905511811 1207.275590551181 93.25984251968504 26.64566929133858 SEN.
430.86614173228344 1207.275590551181 69.73228346456693 26.64566929133858 N.
465.73228346456693 1207.275590551181 69.73228346456693 26.64566929133858 Q.
500.59842519685037 1207.275590551181 93.25984251968504 26.64566929133858 III,
558.992125984252 1207.275590551181 81.35433070866142 26.64566929133858 10.
605.4803149606299 1207.275590551181 93.25984251968504 26.64566929133858 Quid
663.5905511811023 1207.275590551181 69.73228346456693 26.64566929133858 si
687.1181102362204 1207.275590551181 81.35433070866142 26.64566929133858 ullam

61.511811023622045 1237.3228346456692 153.0708661417323 35.1496062992126 undam
185.95275590551182 1237.3228346456692 124.15748031496064 35.1496062992126 superesse
281.4803149606299 1237.3228346456692 105.16535433070867 35.1496062992126 mireris
358.01574803149606 1237.3228346456692 66.89763779527559 35.1496062992126 tot
396.2834645669291 1237.3228346456692 191.33858267716536 35.1496062992126 fluctibus
558.7086614173228 1237.3228346456692 114.80314960629921 35.1496062992126 fractis?
635.2440944881889 1237.3228346456692 133.79527559055117 35.1496062992126 Étonnez
