1209.5433070866143 2057.3858267716537
510.23622047244095 214.01574803149606 98.36220472440945 5.952755905511811 —
549.3543307086615 214.01574803149606 117.92125984251969 5.952755905511811 23
588.7559055118111 214.01574803149606 58.960629921259844 5.952755905511811 —

202.39370078740157 241.79527559055117 104.31496062992126 33.16535433070866 «dans
272.12598425196853 241.79527559055117 81.07086614173228 33.16535433070866 les
318.3307086614173 241.79527559055117 150.8031496062992 33.16535433070866 principes
434.5511811023622 241.79527559055117 69.73228346456693 33.16535433070866 de
469.13385826771656 241.79527559055117 174.04724409448818 33.16535433070866 l’humanité;
608.3149606299213 241.79527559055117 104.31496062992126 33.16535433070866 c’est
678.0472440944882 241.79527559055117 69.73228346456693 33.16535433070866 la
712.9133858267717 241.79527559055117 104.31496062992126 33.16535433070866 seule
782.3622047244095 241.79527559055117 185.66929133858267 33.16535433070866 circonstance
921.5433070866142 241.79527559055117 69.73228346456693 33.16535433070866 dans

202.39370078740157 269.00787401574803 155.6220472440945 33.732283464566926 «laquelle
322.01574803149606 269.00787401574803 72.0 33.732283464566926 il
358.01574803149606 269.00787401574803 72.0 33.732283464566926 me
394.01574803149606 269.00787401574803 95.81102362204724 33.732283464566926 soit
453.8267716535433 269.00787401574803 119.90551181102362 33.732283464566926 jamais
537.7322834645669 269.00787401574803 119.90551181102362 33.732283464566926 arrivé
621.6377952755905 269.00787401574803 72.0 33.732283464566926 de
657.6377952755905 269.00787401574803 131.81102362204723 33.732283464566926 tromper
753.4488188976378 269.00787401574803 95.81102362204724 33.732283464566926 ceux
813.2598425196851 269.00787401574803 83.90551181102362 33.732283464566926 qui
861.1653543307086 269.00787401574803 72.0 33.732283464566926 me
885.2598425196851 269.00787401574803 107.71653543307086 33.732283464566926 donnent

201.82677165354332 296.78740157480314 111.68503937007874 22.96062992125984 «leur
263.90551181102364 296.78740157480314 186.23622047244095 22.96062992125984 confiance...»

175.1811023622047 322.5826771653543 88.7244094488189 32.31496062992126 230.
230.74015748031496 322.5826771653543 188.78740157480314 32.31496062992126 Cottin
386.0787401574803 322.5826771653543 144.28346456692913 32.31496062992126 (l'abbé),
497.1968503937008 322.5826771653543 133.22834645669292 32.31496062992126 jésuite,
597.2598425196851 322.5826771653543 66.61417322834646 32.31496062992126 L.
630.4251968503937 322.5826771653543 88.7244094488189 32.31496062992126 aut.
685.9842519685039 322.5826771653543 100.06299212598425 32.31496062992126 sig.,
752.5984251968504 322.5826771653543 66.61417322834646 32.31496062992126 au
786.0472440944882 322.5826771653543 133.22834645669292 32.31496062992126 révérend
874.7716535433071 322.5826771653543 111.11811023622047 32.31496062992126 père....

191.90551181102362 349.51181102362204 319.18110236220474 32.59842519685039 Saint-Louis,
450.99212598425197 349.51181102362204 119.62204724409449 32.59842519685039 12
510.8031496062992 349.51181102362204 239.24409448818898 32.59842519685039 oct.....
690.5196850393701 349.51181102362204 99.77952755905511 32.59842519685039 1
730.2047244094488 349.51181102362204 119.62204724409449 32.59842519685039 p.
790.0157480314961 349.51181102362204 179.43307086614172 32.59842519685039 in-8.
909.9212598425197 349.51181102362204 99.77952755905511 32.59842519685039 3
929.7637795275591 349.51181102362204 59.811023622047244 32.59842519685039 »

173.76377952755905 375.87401574803147 88.7244094488189 31.748031496062993 231.
229.3228346456693 375.87401574803147 133.22834645669292 31.748031496062993 Court
329.1023622047244 375.87401574803147 66.61417322834646 31.748031496062993 de
362.5511811023622 375.87401574803147 177.73228346456693 31.748031496062993 Gébelin,
506.8346456692913 375.87401574803147 155.33858267716536 31.748031496062993 historien.
629.007874015748 375.87401574803147 66.61417322834646 31.748031496062993 Né
662.1732283464567 375.87401574803147 55.55905511811024 31.748031496062993 à
684.5669291338583 375.87401574803147 188.78740157480314 31.748031496062993 Nîmes.
839.9055118110236 375.87401574803147 66.61417322834646 31.748031496062993 L.
873.0708661417323 375.87401574803147 88.7244094488189 31.748031496062993 aut.
917.5748031496063 375.87401574803147 66.61417322834646 31.748031496062993 sig.

198.14173228346456 402.23622047244095 77.95275590551181 33.732283464566926 (à
237.25984251968504 402.23622047244095 77.95275590551181 33.732283464566926 la
276.09448818897636 402.23622047244095 77.95275590551181 33.732283464566926 3e
314.92913385826773 402.23622047244095 181.70078740157481 33.732283464566926 personne).
457.79527559055117 402.23622047244095 116.78740157480316 33.732283464566926 1776.
535.7480314960629 402.23622047244095 64.91338582677166 33.732283464566926 1
561.5433070866142 402.23622047244095 77.95275590551181 33.732283464566926 p.
600.6614173228346 402.23622047244095 103.74803149606299 33.732283464566926 in-8
665.2913385826772 402.23622047244095 77.95275590551181 33.732283464566926 en
704.4094488188977 402.23622047244095 155.6220472440945 33.732283464566926 travers.
821.1968503937007 402.23622047244095 142.86614173228347 33.732283464566926 Cachet.
924.9448818897638 402.23622047244095 64.91338582677166 33.732283464566926 3
937.9842519685039 402.23622047244095 51.874015748031496 33.732283464566926 50

174.33070866141733 425.76377952755905 85.32283464566929 37.41732283464567 232.
227.90551181102362 425.76377952755905 223.93700787401573 37.41732283464567 Couturier,
419.81102362204723 425.76377952755905 106.58267716535433 37.41732283464567 député
494.3622047244094 425.76377952755905 64.06299212598425 37.41732283464567 de
526.3937007874016 425.76377952755905 64.06299212598425 37.41732283464567 la
558.4251968503937 425.76377952755905 191.90551181102362 37.41732283464567 Moselle
718.2992125984252 425.76377952755905 53.29133858267716 37.41732283464567 à
739.8425196850394 425.76377952755905 64.06299212598425 37.41732283464567 la
771.5905511811023 425.76377952755905 159.8740157480315 37.41732283464567 Convention.
899.7165354330708 425.76377952755905 64.06299212598425 37.41732283464567 L.
920.9763779527559 425.76377952755905 64.06299212598425 37.41732283464567 aut.

197.5748031496063 457.2283464566929 119.62204724409449 33.732283464566926 sig.
272.40944881889766 457.2283464566929 179.43307086614172 33.732283464566926 Dourdan,
407.0551181102362 457.2283464566929 89.85826771653544 33.732283464566926 29
451.84251968503935 457.2283464566929 179.43307086614172 33.732283464566926 brumaire
586.488188976378 457.2283464566929 89.85826771653544 33.732283464566926 an
631.2755905511812 457.2283464566929 104.5984251968504 33.732283464566926 II.
691.0866141732283 457.2283464566929 74.83464566929133 33.732283464566926 1
721.1338582677165 457.2283464566929 89.85826771653544 33.732283464566926 p.
765.9212598425197 457.2283464566929 104.5984251968504 33.732283464566926 pl.
825.7322834645669 457.2283464566929 134.64566929133858 33.732283464566926 in-4.
915.3070866141733 457.2283464566929 74.83464566929133 33.732283464566926 3
930.3307086614174 457.2283464566929 59.811023622047244 33.732283464566926 50

174.61417322834646 483.59055118110234 90.14173228346456 33.44881889763779 233.
231.0236220472441 483.59055118110234 169.22834645669292 33.44881889763779 Croy
366.5196850393701 483.59055118110234 79.08661417322834 33.44881889763779 (le
411.59055118110234 483.59055118110234 112.81889763779527 33.44881889763779 prince
490.6771653543307 483.59055118110234 90.14173228346456 33.44881889763779 de),
547.0866141732283 483.59055118110234 146.5511811023622 33.44881889763779 cardinal,
659.9055118110236 483.59055118110234 157.88976377952756 33.44881889763779 archevêque
784.0629921259842 483.59055118110234 67.74803149606299 33.44881889763779 de
817.7952755905512 483.59055118110234 112.81889763779527 33.44881889763779 Rouen,
896.8818897637796 483.59055118110234 67.74803149606299 33.44881889763779 L.
919.2755905511812 483.59055118110234 67.74803149606299 33.44881889763779 aut.

197.00787401574803 511.0866141732283 113.10236220472441 34.2992125984252 sig.
267.87401574803147 511.0866141732283 141.4488188976378 34.2992125984252 Rouen,
366.8031496062992 511.0866141732283 85.03937007874016 34.2992125984252 17
409.3228346456693 511.0866141732283 127.2755905511811 34.2992125984252 avril
494.3622047244094 511.0866141732283 127.2755905511811 34.2992125984252 1838.
579.1181102362204 511.0866141732283 70.86614173228347 34.2992125984252 1
607.4645669291339 511.0866141732283 85.03937007874016 34.2992125984252 p.
649.9842519685039 511.0866141732283 98.92913385826772 34.2992125984252 pl.
706.3937007874016 511.0866141732283 85.03937007874016 34.2992125984252 et
748.9133858267717 511.0866141732283 212.31496062992127 34.2992125984252 demie-in-4.
918.7086614173228 511.0866141732283 70.86614173228347 34.2992125984252 2
932.8818897637796 511.0866141732283 56.69291338582677 34.2992125984252 50

171.21259842519686 534.0472440944882 98.92913385826772 35.1496062992126 234.
233.00787401574803 534.0472440944882 160.7244094488189 35.1496062992126 Daviau
356.88188976377955 534.0472440944882 123.59055118110236 35.1496062992126 Dubois
443.33858267716533 534.0472440944882 74.26771653543307 35.1496062992126 de
480.4724409448819 534.0472440944882 173.1968503937008 35.1496062992126 Sanzay
616.5354330708661 534.0472440944882 173.1968503937008 35.1496062992126 (Ch.-Fr,),
752.3149606299213 534.0472440944882 173.1968503937008 35.1496062992126 archevêque
888.3779527559055 534.0472440944882 74.26771653543307 35.1496062992126 de
913.0393700787401 534.0472440944882 74.26771653543307 35.1496062992126 Bor-

197.85826771653544 564.9448818897638 136.3464566929134 33.16535433070866 deaux.
293.1023622047244 564.9448818897638 81.63779527559055 33.16535433070866 L.
334.20472440944883 564.9448818897638 109.13385826771653 33.16535433070866 aut.
402.23622047244095 564.9448818897638 109.13385826771653 33.16535433070866 sig.
470.26771653543307 564.9448818897638 136.3464566929134 33.16535433070866 Paris,
565.7952755905512 564.9448818897638 81.63779527559055 33.16535433070866 24
606.6141732283464 564.9448818897638 122.74015748031496 33.16535433070866 sept.
688.2519685039371 564.9448818897638 122.74015748031496 33.16535433070866 1811.
770.1732283464567 564.9448818897638 68.03149606299213 33.16535433070866 1
797.3858267716536 564.9448818897638 81.63779527559055 33.16535433070866 p.
838.2047244094488 564.9448818897638 81.63779527559055 33.16535433070866 in
879.0236220472441 564.9448818897638 81.63779527559055 33.16535433070866 4.
920.1259842519685 564.9448818897638 68.03149606299213 33.16535433070866 2
933.7322834645669 564.9448818897638 54.425196850393704 33.16535433070866 50

172.06299212598427 590.7401574803149 98.92913385826772 34.01574803149607 233.
234.14173228346456 590.7401574803149 359.1496062992126 34.01574803149607 Dazincourt-Albony,
555.8740157480315 590.7401574803149 123.8740157480315 34.01574803149607 acteur
642.6141732283464 590.7401574803149 74.26771653543307 34.01574803149607 de
679.7480314960629 590.7401574803149 74.26771653543307 34.01574803149607 la
716.8818897637796 590.7401574803149 272.40944881889766 34.01574803149607 Comédie-Française.
939.6850393700787 590.7401574803149 49.60629921259842 34.01574803149607 Né

199.55905511811022 618.2362204724409 59.811023622047244 33.732283464566926 à
223.37007874015748 618.2362204724409 250.86614173228347 33.732283464566926 Marseille.
438.5196850393701 618.2362204724409 71.71653543307086 33.732283464566926 L.
474.23622047244095 618.2362204724409 95.5275590551181 33.732283464566926 aut.
534.0472440944882 618.2362204724409 95.5275590551181 33.732283464566926 sig.
593.5748031496063 618.2362204724409 71.71653543307086 33.732283464566926 24
629.5748031496063 618.2362204724409 131.5275590551181 33.732283464566926 octobre
725.1023622047244 618.2362204724409 107.43307086614173 33.732283464566926 1783.
796.8188976377953 618.2362204724409 59.811023622047244 33.732283464566926 2
820.6299212598425 618.2362204724409 71.71653543307086 33.732283464566926 p.
856.3464566929134 618.2362204724409 107.43307086614173 33.732283464566926 in-4.
928.0629921259842 618.2362204724409 59.811023622047244 33.732283464566926 7
939.9685039370079 618.2362204724409 47.90551181102362 33.732283464566926 50

173.48031496062993 644.0314960629921 82.20472440944881 34.01574803149607 230.
224.78740157480314 644.0314960629921 205.79527559055117 34.01574803149607 Delavigne
399.68503937007875 644.0314960629921 144.0 34.01574803149607 (Casimir),
512.7874015748032 644.0314960629921 102.89763779527559 34.01574803149607 poëte,
584.7874015748032 644.0314960629921 102.89763779527559 34.01574803149607 auteur
656.7874015748032 644.0314960629921 154.20472440944883 34.01574803149607 dramatique.
780.0944881889764 644.0314960629921 61.79527559055118 34.01574803149607 Né
810.992125984252 644.0314960629921 61.79527559055118 34.01574803149607 au
831.6850393700787 644.0314960629921 154.20472440944883 34.01574803149607 Havre.

195.8740157480315 672.6614173228346 94.96062992125984 33.732283464566926 L.
243.49606299212599 672.6614173228346 126.70866141732283 33.732283464566926 aut.
322.5826771653543 672.6614173228346 126.70866141732283 33.732283464566926 sig.
401.9527559055118 672.6614173228346 158.45669291338584 33.732283464566926 Paris,
512.7874015748032 672.6614173228346 94.96062992125984 33.732283464566926 12
560.4094488188977 672.6614173228346 126.70866141732283 33.732283464566926 août
639.496062992126 672.6614173228346 142.58267716535434 33.732283464566926 1832.
734.7401574803149 672.6614173228346 79.08661417322834 33.732283464566926 1
766.2047244094488 672.6614173228346 94.96062992125984 33.732283464566926 p.
813.8267716535433 672.6614173228346 142.58267716535434 33.732283464566926 in-4.
909.0708661417323 672.6614173228346 79.08661417322834 33.732283464566926 4
924.6614173228346 672.6614173228346 63.496062992125985 33.732283464566926 50

172.06299212598427 698.4566929133858 87.02362204724409 32.881889763779526 237.
226.48818897637796 698.4566929133858 239.24409448818898 32.881889763779526 Désaugiers,
433.13385826771656 698.4566929133858 174.04724409448818 32.881889763779526 chansonnier,
574.5826771653543 698.4566929133858 108.85039370078741 32.881889763779526 auteur
650.5511811023622 698.4566929133858 163.2755905511811 32.881889763779526 dramatique.
781.2283464566929 698.4566929133858 65.19685039370079 32.881889763779526 Né
813.8267716535433 698.4566929133858 54.425196850393704 32.881889763779526 à
824.5984251968504 698.4566929133858 163.2755905511811 32.881889763779526 Fréjus

198.4251968503937 726.5196850393701 102.33070866141732 33.16535433070866 (Var),
270.1417322834646 726.5196850393701 92.1259842519685 33.16535433070866 Ma
331.65354330708664 726.5196850393701 143.43307086614172 33.16535433070866 Confession
444.18897637795277 726.5196850393701 204.9448818897638 33.16535433070866 épicurienne,
618.5196850393701 726.5196850393701 112.81889763779527 33.16535433070866 Chanson
700.4409448818898 726.5196850393701 61.511811023622045 33.16535433070866 a.
731.0551181102362 726.5196850393701 61.511811023622045 33.16535433070866 s.
761.9527559055118 726.5196850393701 92.1259842519685 33.16535433070866 1810.
823.4645669291339 726.5196850393701 51.30708661417323 33.16535433070866 7
843.8740157480315 726.5196850393701 61.511811023622045 33.16535433070866 p.
874.488188976378 726.5196850393701 92.1259842519685 33.16535433070866 in-8.
936.0 726.5196850393701 51.30708661417323 33.16535433070866 6
946.2047244094488 726.5196850393701 41.10236220472441 33.16535433070866 50

172.3464566929134 752.3149606299213 75.68503937007874 33.44881889763779 238
215.43307086614172 752.3149606299213 108.0 33.44881889763779 Des
291.11811023622045 752.3149606299213 172.62992125984252 33.44881889763779 Essartz,
431.43307086614175 752.3149606299213 118.77165354330708 33.44881889763779 médecin
517.8897637795276 752.3149606299213 129.54330708661416 33.44881889763779 célèbre.
614.8346456692914 752.3149606299213 64.62992125984252 33.44881889763779 Né
647.1496062992126 752.3149606299213 53.85826771653543 33.44881889763779 à
668.9763779527559 752.3149606299213 226.77165354330708 33.44881889763779 Bragelogne
863.1496062992126 752.3149606299213 118.77165354330708 33.44881889763779 (Aube).
938.8346456692914 752.3149606299213 43.08661417322835 33.44881889763779 L.

198.4251968503937 779.8110236220473 96.66141732283465 34.86614173228347 aut.
259.0866141732283 779.8110236220473 108.85039370078741 34.86614173228347 sig.,
331.37007874015745 779.8110236220473 72.56692913385827 34.86614173228347 au
367.65354330708664 779.8110236220473 132.9448818897638 34.86614173228347 docteur
464.31496062992125 779.8110236220473 72.56692913385827 34.86614173228347 Le
500.59842519685037 779.8110236220473 96.66141732283465 34.86614173228347 Dru.
560.9763779527559 779.8110236220473 120.75590551181102 34.86614173228347 Paris,
645.7322834645669 779.8110236220473 72.56692913385827 34.86614173228347 28
681.7322834645669 779.8110236220473 132.9448818897638 34.86614173228347 janvier
778.3937007874016 779.8110236220473 108.85039370078741 34.86614173228347 1808.
850.9606299212599 779.8110236220473 60.37795275590551 34.86614173228347 1
875.0551181102362 779.8110236220473 72.56692913385827 34.86614173228347 p.
899.4330708661417 779.8110236220473 84.4724409448819 34.86614173228347 in

197.85826771653544 807.0236220472441 125.85826771653544 28.062992125984252 Cachet.
289.13385826771656 807.0236220472441 79.93700787401575 28.062992125984252 Sur
335.0551181102362 807.0236220472441 68.5984251968504 28.062992125984252 le
369.3543307086614 807.0236220472441 114.23622047244095 28.062992125984252 second
449.29133858267716 807.0236220472441 137.1968503937008 28.062992125984252 feuillet
552.1889763779527 807.0236220472441 68.5984251968504 28.062992125984252 se
586.488188976378 807.0236220472441 114.23622047244095 28.062992125984252 trouve
666.7086614173228 807.0236220472441 68.5984251968504 28.062992125984252 la
701.007874015748 807.0236220472441 114.23622047244095 28.062992125984252 minute
780.9448818897638 807.0236220472441 91.55905511811024 28.062992125984252 aut.
838.2047244094488 807.0236220472441 102.89763779527559 28.062992125984252 d'une
895.1811023622047 807.0236220472441 91.55905511811024 28.062992125984252 lettre

197.29133858267716 833.1023622047244 64.62992125984252 33.732283464566926 à
223.37007874015748 833.1023622047244 155.33858267716536 33.732283464566926 adresser
339.59055118110234 833.1023622047244 90.4251968503937 33.732283464566926 aux
391.46456692913387 833.1023622047244 142.29921259842519 33.732283464566926 membres
494.92913385826773 833.1023622047244 232.7244094488189 33.732283464566926 correspondants
688.8188976377953 833.1023622047244 77.66929133858268 33.732283464566926 de
727.6535433070866 833.1023622047244 181.13385826771653 33.732283464566926 l'Académie
869.9527559055118 833.1023622047244 77.66929133858268 33.732283464566926 de
896.0314960629921 833.1023622047244 90.4251968503937 33.732283464566926 méde-

166.39370078740157 861.4488188976378 344.6929133858268 27.496062992125985 cine
381.8267716535433 861.4488188976378 258.5196850393701 27.496062992125985 de
511.0866141732283 861.4488188976378 431.1496062992126 27.496062992125985 Paris.
812.9763779527559 861.4488188976378 215.43307086614172 27.496062992125985 4
856.0629921259842 861.4488188976378 129.25984251968504 27.496062992125985 »

171.7795275590551 886.6771653543307 89.29133858267717 33.44881889763779 239.
227.33858267716536 886.6771653543307 223.08661417322836 33.44881889763779 Desgodetz
417.25984251968504 886.6771653543307 156.18897637795277 33.44881889763779 (Antoine),
540.0 886.6771653543307 167.24409448818898 33.44881889763779 architecte,
673.7952755905512 886.6771653543307 156.18897637795277 33.44881889763779 contrôleur
796.5354330708661 886.6771653543307 78.23622047244095 33.44881889763779 des
841.0393700787401 886.6771653543307 145.13385826771653 33.44881889763779 bâtiments
941.6692913385826 886.6771653543307 44.503937007874015 33.44881889763779 du

199.2755905511811 914.7401574803149 87.30708661417323 33.16535433070866 roi,
253.98425196850394 914.7401574803149 109.13385826771653 33.16535433070866 auteur
330.5196850393701 914.7401574803149 76.53543307086615 33.16535433070866 de:
374.1732283464567 914.7401574803149 163.84251968503938 33.16535433070866 Edifices
505.13385826771656 914.7401574803149 130.96062992125985 33.16535433070866 antiques
603.496062992126 914.7401574803149 65.48031496062993 33.16535433070866 de
636.3779527559055 914.7401574803149 142.01574803149606 33.16535433070866 Rome,
745.511811023622 914.7401574803149 87.30708661417323 33.16535433070866 etc.
800.2204724409448 914.7401574803149 109.13385826771653 33.16535433070866 Quitt.
876.7559055118111 914.7401574803149 87.30708661417323 33.16535433070866 sig.
920.4094488188977 914.7401574803149 65.48031496062993 33.16535433070866 (sur

183.4015748031496 941.9527559055118 321.1653543307087 33.16535433070866 parch.),
424.06299212598424 941.9527559055118 133.79527559055117 33.16535433070866 3
477.6377952755906 941.9527559055118 294.23622047244095 33.16535433070866 juillet
691.6535433070866 941.9527559055118 240.66141732283464 33.16535433070866 1705.
852.0944881889764 941.9527559055118 133.79527559055117 33.16535433070866 2
878.7401574803149 941.9527559055118 107.14960629921259 33.16535433070866 50

170.64566929133858 967.7480314960629 89.00787401574803 34.01574803149607 240.
226.20472440944883 967.7480314960629 233.5748031496063 34.01574803149607 Desjardins
426.61417322834643 967.7480314960629 111.4015748031496 34.01574803149607 (Ph.),
504.2834645669291 967.7480314960629 89.00787401574803 34.01574803149607 curé
560.1259842519685 967.7480314960629 77.95275590551181 34.01574803149607 des
604.6299212598425 967.7480314960629 133.51181102362204 34.01574803149607 Missions
704.6929133858267 967.7480314960629 166.96062992125985 34.01574803149607 étrangères.
838.2047244094488 967.7480314960629 66.89763779527559 34.01574803149607 L.
871.6535433070866 967.7480314960629 89.00787401574803 34.01574803149607 aut.
916.1574803149606 967.7480314960629 66.89763779527559 34.01574803149607 sig.

197.00787401574803 994.1102362204724 73.7007874015748 32.59842519685039 au
233.85826771653544 994.1102362204724 135.21259842519686 32.59842519685039 vicomte
331.93700787401576 994.1102362204724 135.21259842519686 32.59842519685039 Mathieu
430.2992125984252 994.1102362204724 73.7007874015748 32.59842519685039 de
467.1496062992126 994.1102362204724 196.7244094488189 32.59842519685039 Montmorency.
627.0236220472441 994.1102362204724 122.74015748031496 32.59842519685039 Paris,
712.9133858267717 994.1102362204724 73.7007874015748 32.59842519685039 17
749.7637795275591 994.1102362204724 135.21259842519686 32.59842519685039 février
848.1259842519685 994.1102362204724 110.55118110236221 32.59842519685039 1817.
921.8267716535433 994.1102362204724 61.511811023622045 32.59842519685039 1
934.2992125984252 994.1102362204724 49.039370078740156 32.59842519685039 p.

155.0551181102362 1017.9212598425197 387.21259842519686 37.13385826771653 pl.
376.15748031496065 1017.9212598425197 497.76377952755905 37.13385826771653 in-4.
708.0944881889764 1017.9212598425197 276.66141732283467 37.13385826771653 2
763.3700787401575 1017.9212598425197 221.38582677165354 37.13385826771653 50

167.24409448818898 1048.251968503937 110.55118110236221 32.31496062992126 241.
236.40944881889763 1048.251968503937 193.60629921259843 32.31496062992126 Disette
388.62992125984255 1048.251968503937 96.94488188976378 32.31496062992126 aux
443.90551181102364 1048.251968503937 166.11023622047244 32.31496062992126 environs
568.3464566929134 1048.251968503937 83.05511811023622 32.31496062992126 de
610.0157480314961 1048.251968503937 138.33070866141733 32.31496062992126 Paris,
706.6771653543307 1048.251968503937 152.2204724409449 32.31496062992126 passage
817.2283464566929 1048.251968503937 83.05511811023622 32.31496062992126 du
845.007874015748 1048.251968503937 138.33070866141733 32.31496062992126 roi.

197.00787401574803 1075.748031496063 69.44881889763779 37.13385826771653 L.
231.8740157480315 1075.748031496063 92.69291338582677 37.13385826771653 aut.
289.7007874015748 1075.748031496063 92.69291338582677 37.13385826771653 sig.
347.5275590551181 1075.748031496063 69.44881889763779 37.13385826771653 de
382.1102362204724 1075.748031496063 69.44881889763779 37.13385826771653 M.
416.9763779527559 1075.748031496063 150.51968503937007 37.13385826771653 Bassenge.
532.6299212598425 1075.748031496063 115.65354330708661 37.13385826771653 Paris,
613.7007874015748 1075.748031496063 69.44881889763779 37.13385826771653 21
648.2834645669292 1075.748031496063 127.2755905511811 37.13385826771653 juillet
740.9763779527559 1075.748031496063 104.03149606299213 37.13385826771653 1789.
810.4251968503937 1075.748031496063 57.826771653543304 37.13385826771653 1
833.3858267716536 1075.748031496063 69.44881889763779 37.13385826771653 p.
868.2519685039371 1075.748031496063 104.03149606299213 37.13385826771653 in-4.
937.7007874015748 1075.748031496063 57.826771653543304 37.13385826771653 3
949.3228346456693 1075.748031496063 34.58267716535433 37.13385826771653 »

224.78740157480314 1102.9606299212599 66.04724409448819 33.16535433070866 Il
257.9527559055118 1102.9606299212599 54.99212598425197 33.16535433070866 a
279.7795275590551 1102.9606299212599 66.04724409448819 33.16535433070866 vu
312.9448818897638 1102.9606299212599 109.98425196850394 33.16535433070866 entrer
390.0472440944882 1102.9606299212599 66.04724409448819 33.16535433070866 et
422.92913385826773 1102.9606299212599 132.09448818897638 33.16535433070866 repartir
521.8582677165355 1102.9606299212599 66.04724409448819 33.16535433070866 le
555.0236220472441 1102.9606299212599 121.03937007874016 33.16535433070866 roi....
642.8976377952756 1102.9606299212599 66.04724409448819 33.16535433070866 Il
676.0629921259842 1102.9606299212599 77.10236220472441 33.16535433070866 est
720.0 1102.9606299212599 98.92913385826772 33.16535433070866 parti
786.0472440944882 1102.9606299212599 88.15748031496064 33.16535433070866 pour
841.0393700787401 1102.9606299212599 121.03937007874016 33.16535433070866 Boissy,
918.1417322834645 1102.9606299212599 66.04724409448819 33.16535433070866 pour

197.29133858267716 1130.1732283464567 92.40944881889764 33.16535433070866 voir
255.11811023622047 1130.1732283464567 69.44881889763779 33.16535433070866 un
289.7007874015748 1130.1732283464567 80.78740157480316 33.16535433070866 peu
335.90551181102364 1130.1732283464567 69.44881889763779 33.16535433070866 ce
370.7716535433071 1130.1732283464567 80.78740157480316 33.16535433070866 qui
416.9763779527559 1130.1732283464567 69.44881889763779 33.16535433070866 se
451.5590551181102 1130.1732283464567 126.99212598425197 33.16535433070866 passoit
543.9685039370079 1130.1732283464567 92.40944881889764 33.16535433070866 dans
601.7952755905512 1130.1732283464567 80.78740157480316 33.16535433070866 les
648.0 1130.1732283464567 150.23622047244095 33.16535433070866 environs,
763.6535433070866 1130.1732283464567 69.44881889763779 33.16535433070866 et
798.2362204724409 1130.1732283464567 69.44881889763779 33.16535433070866 il
832.8188976377953 1130.1732283464567 57.826771653543304 33.16535433070866 a
856.0629921259842 1130.1732283464567 115.65354330708661 33.16535433070866 trouvé
925.2283464566929 1130.1732283464567 57.826771653543304 33.16535433070866 que

196.15748031496062 1156.251968503937 89.85826771653544 34.86614173228347 dans
252.56692913385828 1156.251968503937 78.80314960629921 34.86614173228347 les
297.3543307086614 1156.251968503937 146.26771653543307 34.86614173228347 campagnes
409.8897637795276 1156.251968503937 67.46456692913385 34.86614173228347 on
443.62204724409446 1156.251968503937 101.19685039370079 34.86614173228347 était
511.0866141732283 1156.251968503937 89.85826771653544 34.86614173228347 plus
567.2125984251968 1156.251968503937 56.125984251968504 34.86614173228347 à
589.8897637795276 1156.251968503937 134.9291338582677 34.86614173228347 plaindre
691.0866141732283 1156.251968503937 89.85826771653544 34.86614173228347 qu’a
747.2125984251968 1156.251968503937 112.53543307086615 34.86614173228347 Paris,
826.0157480314961 1156.251968503937 123.59055118110236 34.86614173228347 «...ils
904.5354330708661 1156.251968503937 78.80314960629921 34.86614173228347 n'ont

195.8740157480315 1183.4645669291338 115.65354330708661 33.732283464566926 «point
276.9448818897638 1183.4645669291338 69.44881889763779 33.732283464566926 de
311.81102362204723 1183.4645669291338 92.69291338582677 33.732283464566926 pain
369.6377952755906 1183.4645669291338 69.44881889763779 33.732283464566926 ni
404.2204724409449 1183.4645669291338 69.44881889763779 33.732283464566926 de
439.0866141732283 1183.4645669291338 104.31496062992126 33.732283464566926 bleds
508.53543307086613 1183.4645669291338 92.69291338582677 33.732283464566926 pour
566.3622047244095 1183.4645669291338 69.44881889763779 33.732283464566926 en
600.9448818897638 1183.4645669291338 138.89763779527559 33.732283464566926 faire...
705.2598425196851 1183.4645669291338 69.44881889763779 33.732283464566926 et
739.8425196850394 1183.4645669291338 81.07086614173228 33.732283464566926 ils
786.3307086614174 1183.4645669291338 92.69291338582677 33.732283464566926 sont
844.1574803149606 1183.4645669291338 69.44881889763779 33.732283464566926 de
878.7401574803149 1183.4645669291338 92.69291338582677 33.732283464566926 plus
925.2283464566929 1183.4645669291338 57.826771653543304 33.732283464566926 in-

195.59055118110237 1210.6771653543308 126.99212598425197 33.732283464566926 «quitté
288.0 1210.6771653543308 80.78740157480316 33.732283464566926 par
334.20472440944883 1210.6771653543308 80.78740157480316 33.732283464566926 les
380.40944881889766 1210.6771653543308 126.99212598425197 33.732283464566926 voleurs
473.1023622047244 1210.6771653543308 80.78740157480316 33.732283464566926 qui
519.3070866141733 1210.6771653543308 69.44881889763779 33.732283464566926 se
553.8897637795276 1210.6771653543308 92.40944881889764 33.732283464566926 sont
611.7165354330708 1210.6771653543308 138.61417322834646 33.732283464566926 répandus
715.4645669291339 1210.6771653543308 92.40944881889764 33.732283464566926 dans
773.2913385826772 1210.6771653543308 80.78740157480316 33.732283464566926 les
808.1574803149606 1210.6771653543308 173.1968503937008 33.732283464566926 campagnes...»

167.24409448818898 1237.6062992125985 98.36220472440945 35.1496062992126 242.
228.75590551181102 1237.6062992125985 135.21259842519686 35.1496062992126 Dode
327.11811023622045 1237.6062992125985 73.7007874015748 35.1496062992126 de
363.9685039370079 1237.6062992125985 73.7007874015748 35.1496062992126 la
400.81889763779526 1237.6062992125985 209.1968503937008 35.1496062992126 Brunerie,
572.8818897637796 1237.6062992125985 147.68503937007873 35.1496062992126 maréchal
683.7165354330708 1237.6062992125985 73.7007874015748 35.1496062992126 de
720.5669291338583 1237.6062992125985 135.21259842519686 35.1496062992126 France.
818.9291338582677 1237.6062992125985 73.7007874015748 35.1496062992126 L.
855.7795275590552 1237.6062992125985 98.36220472440945 35.1496062992126 aut.
905.1023622047244 1237.6062992125985 73.7007874015748 35.1496062992126 sig.

185.95275590551182 1264.5354330708662 221.38582677165354 33.732283464566926 Paris,
341.00787401574803 1264.5354330708662 110.55118110236221 33.732283464566926 8
385.2283464566929 1264.5354330708662 177.16535433070865 33.732283464566926 août
495.7795275590551 1264.5354330708662 199.2755905511811 33.732283464566926 1839.
628.7244094488188 1264.5354330708662 110.55118110236221 33.732283464566926 2
672.9448818897638 1264.5354330708662 132.9448818897638 33.732283464566926 p.
739.2755905511812 1264.5354330708662 199.2755905511811 33.732283464566926 in-4.
872.2204724409448 1264.5354330708662 110.55118110236221 33.732283464566926 2
894.3307086614174 1264.5354330708662 88.44094488188976 33.732283464566926 50

168.66141732283464 1290.8976377952756 93.8267716535433 32.881889763779526 243.
227.0551181102362 1290.8976377952756 210.89763779527559 32.881889763779526 Double,
403.0866141732283 1290.8976377952756 128.9763779527559 32.881889763779526 médecin
496.9133858267717 1290.8976377952756 140.5984251968504 32.881889763779526 célèbre.
602.3622047244095 1290.8976377952756 187.6535433070866 32.881889763779526 Consultation
754.5826771653543 1290.8976377952756 140.5984251968504 32.881889763779526 médicale
860.0314960629921 1290.8976377952756 93.8267716535433 32.881889763779526 aut.
907.0866141732283 1290.8976377952756 70.2992125984252 32.881889763779526 sig.

188.50393700787401 1317.8267716535433 168.66141732283464 38.267716535433074 Paris.
306.70866141732284 1317.8267716535433 84.4724409448819 38.267716535433074 8
340.4409448818898 1317.8267716535433 185.66929133858267 38.267716535433074 janvier
475.37007874015745 1317.8267716535433 151.93700787401573 38.267716535433074 1827.
576.5669291338583 1317.8267716535433 151.93700787401573 38.267716535433074 3.gr.
678.0472440944882 1317.8267716535433 101.19685039370079 38.267716535433074 p.
728.503937007874 1317.8267716535433 118.20472440944881 38.267716535433074 pl.
795.9685039370079 1317.8267716535433 151.93700787401573 38.267716535433074 in-4.
897.1653543307086 1317.8267716535433 84.4724409448819 38.267716535433074 3
914.1732283464567 1317.8267716535433 67.46456692913385 38.267716535433074 50

164.40944881889763 1344.755905511811 112.53543307086615 34.01574803149607 244.
234.70866141732284 1344.755905511811 196.7244094488189 34.01574803149607 Drapeau
389.4803149606299 1344.755905511811 182.83464566929135 34.01574803149607 tricolore
530.0787401574803 1344.755905511811 84.4724409448819 34.01574803149607 et
572.3149606299213 1344.755905511811 140.5984251968504 34.01574803149607 autres
670.6771653543307 1344.755905511811 140.5984251968504 34.01574803149607 signes
754.8661417322835 1344.755905511811 225.0708661417323 34.01574803149607 séditieux.

195.59055118110237 1371.6850393700788 100.91338582677166 34.86614173228347 Lett.
263.0551181102362 1371.6850393700788 156.75590551181102 34.86614173228347 circulaire
386.0787401574803 1371.6850393700788 89.5748031496063 34.86614173228347 sig.
442.20472440944883 1371.6850393700788 67.18110236220473 34.86614173228347 de
475.65354330708664 1371.6850393700788 67.18110236220473 34.86614173228347 M.
509.38582677165357 1371.6850393700788 67.18110236220473 34.86614173228347 le
542.8346456692914 1371.6850393700788 100.91338582677166 34.86614173228347 comte
610.0157480314961 1371.6850393700788 123.30708661417323 34.86614173228347 Anglès,
699.5905511811023 1371.6850393700788 111.96850393700787 34.86614173228347 préfet
778.1102362204724 1371.6850393700788 67.18110236220473 34.86614173228347 de
811.5590551181102 1371.6850393700788 123.30708661417323 34.86614173228347 police.
890.0787401574803 1371.6850393700788 89.5748031496063 34.86614173228347 Paris,

183.4015748031496 1400.5984251968505 125.85826771653544 33.16535433070866 26
246.33070866141733 1400.5984251968505 230.74015748031496 33.16535433070866 janvier
414.1417322834646 1400.5984251968505 188.78740157480314 33.16535433070866 1817.
540.0 1400.5984251968505 125.85826771653544 33.16535433070866 1.
603.2125984251968 1400.5984251968505 125.85826771653544 33.16535433070866 p.
666.1417322834645 1400.5984251968505 146.83464566929135 33.16535433070866 pl.
750.0472440944882 1400.5984251968505 188.78740157480314 33.16535433070866 in-4.
875.9055118110236 1400.5984251968505 104.88188976377953 33.16535433070866 6
896.8818897637796 1400.5984251968505 83.90551181102362 33.16535433070866 »

222.23622047244095 1426.1102362204724 168.66141732283464 33.732283464566926 Invitation
354.61417322834643 1426.1102362204724 84.4724409448819 33.732283464566926 aux
402.8031496062992 1426.1102362204724 192.75590551181102 33.732283464566926 commissaires
559.5590551181102 1426.1102362204724 72.28346456692914 33.732283464566926 de
595.5590551181102 1426.1102362204724 120.4724409448819 33.732283464566926 police
680.0314960629921 1426.1102362204724 72.28346456692914 33.732283464566926 de
716.0314960629921 1426.1102362204724 108.56692913385827 33.732283464566926 Paris
788.3149606299213 1426.1102362204724 72.28346456692914 33.732283464566926 de
824.5984251968504 1426.1102362204724 108.56692913385827 33.732283464566926 faire
884.6929133858267 1426.1102362204724 96.37795275590551 33.732283464566926 dispa-

195.0236220472441 1453.8897637795276 124.7244094488189 30.89763779527559 raître
282.3307086614173 1453.8897637795276 74.83464566929133 30.89763779527559 de
319.748031496063 1453.8897637795276 99.77952755905511 30.89763779527559 chez
382.1102362204724 1453.8897637795276 87.30708661417323 30.89763779527559 les
432.0 1453.8897637795276 162.14173228346456 30.89763779527559 marchands
556.7244094488188 1453.8897637795276 87.30708661417323 30.89763779527559 des
606.6141732283464 1453.8897637795276 162.14173228346456 30.89763779527559 mouchoirs
731.3385826771654 1453.8897637795276 74.83464566929133 30.89763779527559 de
768.7559055118111 1453.8897637795276 99.77952755905511 30.89763779527559 soie
831.1181102362204 1453.8897637795276 137.1968503937008 30.89763779527559 peinte,
918.4251968503937 1453.8897637795276 62.36220472440945 30.89763779527559 re-

194.45669291338584 1479.9685039370079 164.1259842519685 33.732283464566926 présentant
323.1496062992126 1479.9685039370079 81.92125984251969 33.732283464566926 des
370.20472440944883 1479.9685039370079 105.44881889763779 33.732283464566926 faits
440.503937007874 1479.9685039370079 140.5984251968504 33.732283464566926 d'armes,
545.9527559055118 1479.9685039370079 70.2992125984252 33.732283464566926 et
581.1023622047244 1479.9685039370079 81.92125984251969 33.732283464566926 sur
628.1574803149606 1479.9685039370079 140.5984251968504 33.732283464566926 lesquels
733.6062992125984 1479.9685039370079 93.8267716535433 33.732283464566926 sont
792.0 1479.9685039370079 128.9763779527559 33.732283464566926 figurés
885.8267716535433 1479.9685039370079 70.2992125984252 33.732283464566926 le
909.3543307086615 1479.9685039370079 70.2992125984252 33.732283464566926 dra-

194.17322834645668 1507.1811023622047 95.24409448818898 35.43307086614173 peau
253.70078740157481 1507.1811023622047 154.77165354330708 35.43307086614173 tricolore
372.755905511811 1507.1811023622047 71.43307086614173 35.43307086614173 et
408.4724409448819 1507.1811023622047 119.05511811023622 35.43307086614173 autres
491.81102362204723 1507.1811023622047 119.05511811023622 35.43307086614173 signes
575.1496062992126 1507.1811023622047 166.6771653543307 35.43307086614173 séditieux,
706.1102362204724 1507.1811023622047 95.24409448818898 35.43307086614173 déjà
765.6377952755905 1507.1811023622047 119.05511811023622 35.43307086614173 saisis
848.9763779527559 1507.1811023622047 71.43307086614173 35.43307086614173 au
884.6929133858267 1507.1811023622047 95.24409448818898 35.43307086614173 mois
932.3149606299213 1507.1811023622047 47.62204724409449 35.43307086614173 de

188.78740157480314 1534.9606299212599 104.88188976377953 31.46456692913386 juin
254.26771653543307 1534.9606299212599 144.28346456692913 31.46456692913386 dernier
359.1496062992126 1534.9606299212599 78.80314960629921 31.46456692913386 en
398.5511811023622 1534.9606299212599 118.20472440944881 31.46456692913386 vertu
477.3543307086614 1534.9606299212599 104.88188976377953 31.46456692913386 d’un
542.8346456692914 1534.9606299212599 131.24409448818898 31.46456692913386 mandat
634.6771653543307 1534.9606299212599 144.28346456692913 31.46456692913386 décerné
739.8425196850394 1534.9606299212599 91.84251968503936 31.46456692913386 par
792.2834645669292 1534.9606299212599 104.88188976377953 31.46456692913386 l’un
857.7637795275591 1534.9606299212599 91.84251968503936 31.46456692913386 des
897.1653543307086 1534.9606299212599 91.84251968503936 31.46456692913386 juges

191.90551181102362 1562.740157480315 197.00787401574803 24.37795275590551 d'instruction
354.0472440944882 1562.740157480315 69.44881889763779 24.37795275590551 au
388.9133858267717 1562.740157480315 138.89763779527559 24.37795275590551 tribunal
492.9448818897638 1562.740157480315 69.44881889763779 24.37795275590551 de
527.8110236220473 1562.740157480315 81.07086614173228 24.37795275590551 1re
562.6771653543307 1562.740157480315 127.2755905511811 24.37795275590551 instance.

166.11023622047244 1587.9685039370079 92.97637795275591 34.01574803149607 245.
224.2204724409449 1587.9685039370079 197.5748031496063 34.01574803149607 Dubois
386.92913385826773 1587.9685039370079 185.95275590551182 34.01574803149607 (Guillaume),
538.0157480314961 1587.9685039370079 151.08661417322836 34.01574803149607 cardinal,
654.5196850393701 1587.9685039370079 162.70866141732284 34.01574803149607 archevêque
782.3622047244095 1587.9685039370079 69.73228346456693 34.01574803149607 de
817.2283464566929 1587.9685039370079 139.46456692913387 34.01574803149607 Cambrai,
910.2047244094488 1587.9685039370079 69.73228346456693 34.01574803149607 pré

194.17322834645668 1614.3307086614172 121.88976377952756 35.43307086614173 cepteur
282.8976377952756 1614.3307086614172 66.33070866141732 35.43307086614173 et
316.06299212598424 1614.3307086614172 121.88976377952756 35.43307086614173 premier
404.503937007874 1614.3307086614172 132.9448818897638 35.43307086614173 ministre
504.2834645669291 1614.3307086614172 66.33070866141732 35.43307086614173 du
537.4488188976378 1614.3307086614172 121.88976377952756 35.43307086614173 régent.
626.1732283464567 1614.3307086614172 66.33070866141732 35.43307086614173 Né
659.3385826771654 1614.3307086614172 55.275590551181104 35.43307086614173 à
670.3937007874016 1614.3307086614172 310.1102362204724 35.43307086614173 Brives

200.69291338582678 1642.6771653543308 146.5511811023622 33.16535433070866 Corrèze).
313.51181102362204 1642.6771653543308 67.46456692913385 33.16535433070866 L.
347.244094488189 1642.6771653543308 78.80314960629921 33.16535433070866 sig
392.31496062992125 1642.6771653543308 56.40944881889764 33.16535433070866 ,
414.70866141732284 1642.6771653543308 56.40944881889764 33.16535433070866 à
437.38582677165357 1642.6771653543308 135.21259842519686 33.16535433070866 l’évêque
538.5826771653543 1642.6771653543308 67.46456692913385 33.16535433070866 de
572.5984251968504 1642.6771653543308 90.14173228346456 33.16535433070866 Gap.
628.7244094488188 1642.6771653543308 112.53543307086615 33.16535433070866 Paris,
707.5275590551181 1642.6771653543308 67.46456692913385 33.16535433070866 22
741.5433070866142 1642.6771653543308 101.48031496062993 33.16535433070866 avril
809.007874015748 1642.6771653543308 101.48031496062993 33.16535433070866 1720.
876.4724409448819 1642.6771653543308 56.40944881889764 33.16535433070866 3
899.1496062992126 1642.6771653543308 78.80314960629921 33.16535433070866 gr.
932.8818897637796 1642.6771653543308 45.07086614173228 33.16535433070866 p.

153.92125984251967 1669.8897637795276 361.13385826771656 32.031496062992126 pl.
360.2834645669291 1669.8897637795276 567.2125984251968 32.031496062992126 in-fol.
772.7244094488188 1669.8897637795276 257.9527559055118 32.031496062992126 6
824.3149606299213 1669.8897637795276 154.77165354330708 32.031496062992126 »

220.251968503937 1697.6692913385828 69.16535433070867 33.16535433070866 Au
254.83464566929135 1697.6692913385828 103.74803149606299 33.16535433070866 sujet
324.2834645669291 1697.6692913385828 80.78740157480316 33.16535433070866 des
370.48818897637796 1697.6692913385828 138.61417322834646 33.16535433070866 affaires
474.23622047244095 1697.6692913385828 173.1968503937008 33.16535433070866 religieuses
612.8503937007874 1697.6692913385828 69.16535433070867 33.16535433070866 du
647.4330708661417 1697.6692913385828 115.37007874015748 33.16535433070866 temps.
716.5984251968504 1697.6692913385828 173.1968503937008 33.16535433070866 Intéressante.
