1209.5433070866143 2050.582677165354
458.0787401574803 189.63779527559055 110.83464566929133 25.228346456692915 —
502.2992125984252 189.63779527559055 132.9448818897638 25.228346456692915 27
546.8031496062993 189.63779527559055 66.61417322834646 25.228346456692915 —

153.63779527559055 239.24409448818898 162.14173228346456 30.89763779527559 le-Grand,
278.3622047244094 239.24409448818898 187.08661417322836 30.89763779527559 Attestation
428.31496062992125 239.24409448818898 99.77952755905511 30.89763779527559 aut.
490.6771653543307 239.24409448818898 99.77952755905511 30.89763779527559 sig.
553.0393700787401 239.24409448818898 124.7244094488189 30.89763779527559 Paris,
640.3464566929134 239.24409448818898 62.36220472440945 30.89763779527559 5
665.2913385826772 239.24409448818898 99.77952755905511 30.89763779527559 mars
727.6535433070866 239.24409448818898 112.25196850393701 30.89763779527559 1740.
802.7716535433071 239.24409448818898 62.36220472440945 30.89763779527559 1
827.7165354330708 239.24409448818898 74.83464566929133 30.89763779527559 p.
852.6614173228346 239.24409448818898 87.30708661417323 30.89763779527559 in

102.04724409448819 267.59055118110234 710.3622047244095 24.094488188976378 Cachet.
618.8031496062993 267.59055118110234 322.86614173228344 24.094488188976378 2
683.4330708661417 267.59055118110234 258.23622047244095 24.094488188976378 50

128.40944881889763 293.6692913385827 90.4251968503937 30.330708661417322 299.
185.10236220472441 293.6692913385827 101.76377952755905 30.330708661417322 La
252.8503937007874 293.6692913385827 192.18897637795277 30.330708661417322 Trémoille
411.0236220472441 293.6692913385827 79.08661417322834 30.330708661417322 (le
456.37795275590554 293.6692913385827 135.7795275590551 30.330708661417322 cardinal
558.1417322834645 293.6692913385827 90.4251968503937 30.330708661417322 de).
614.5511811023622 293.6692913385827 67.74803149606299 30.330708661417322 L.
648.5669291338583 293.6692913385827 90.4251968503937 30.330708661417322 aut.
704.9763779527559 293.6692913385827 101.76377952755905 30.330708661417322 sig.,
773.007874015748 293.6692913385827 67.74803149606299 30.330708661417322 au
806.7401574803149 293.6692913385827 135.7795275590551 30.330708661417322 cardinal
897.1653543307086 293.6692913385827 45.354330708661415 30.330708661417322 de

150.23622047244095 321.4488188976378 233.5748031496063 29.19685039370079 Bouillon.
329.6692913385827 321.4488188976378 161.5748031496063 29.19685039370079 Rome,
437.38582677165357 321.4488188976378 89.85826771653544 29.19685039370079 8
473.38582677165357 321.4488188976378 143.71653543307087 29.19685039370079 mars
563.2440944881889 321.4488188976378 161.5748031496063 29.19685039370079 1807.
670.9606299212599 321.4488188976378 89.85826771653544 29.19685039370079 2
706.6771653543307 321.4488188976378 107.71653543307086 29.19685039370079 p.
760.8188976377953 321.4488188976378 161.5748031496063 29.19685039370079 in-4.
868.5354330708661 321.4488188976378 89.85826771653544 29.19685039370079 6
886.3937007874016 321.4488188976378 53.85826771653543 29.19685039370079 »

182.83464566929135 348.09448818897636 72.28346456692914 27.496062992125985 Il
218.83464566929135 348.09448818897636 120.18897637795276 27.496062992125985 désire
303.0236220472441 348.09448818897636 96.09448818897638 27.496062992125985 bien
363.11811023622045 348.09448818897636 72.28346456692914 27.496062992125985 le
399.11811023622045 348.09448818897636 96.09448818897638 27.496062992125985 voir
459.21259842519686 348.09448818897636 132.3779527559055 27.496062992125985 revenir
555.5905511811023 348.09448818897636 60.09448818897638 27.496062992125985 à
579.4015748031496 348.09448818897636 108.28346456692914 27.496062992125985 Rome,
651.6850393700787 348.09448818897636 72.28346456692914 27.496062992125985 il
687.6850393700787 348.09448818897636 120.18897637795276 27.496062992125985 serait
771.8740157480315 348.09448818897636 72.28346456692914 27.496062992125985 si
807.8740157480315 348.09448818897636 132.3779527559055 27.496062992125985 heureux
892.0629921259842 348.09448818897636 48.188976377952756 27.496062992125985 de

154.48818897637796 374.74015748031496 119.05511811023622 29.763779527559056 passer
237.82677165354332 374.74015748031496 83.33858267716535 29.763779527559056 une
285.4488188976378 374.74015748031496 119.05511811023622 29.763779527559056 partie
368.78740157480314 374.74015748031496 71.43307086614173 29.763779527559056 de
404.503937007874 374.74015748031496 71.43307086614173 29.763779527559056 sa
440.2204724409449 374.74015748031496 83.33858267716535 29.763779527559056 vie
487.84251968503935 374.74015748031496 95.24409448818898 29.763779527559056 avec
547.3700787401575 374.74015748031496 130.96062992125985 29.763779527559056 lui....
642.3307086614174 374.74015748031496 83.33858267716535 29.763779527559056 «Il
689.9527559055118 374.74015748031496 95.24409448818898 29.763779527559056 faut
749.4803149606299 374.74015748031496 130.96062992125985 29.763779527559056 ioindre
844.7244094488188 374.74015748031496 59.52755905511811 29.763779527559056 à
856.6299212598425 374.74015748031496 83.33858267716535 29.763779527559056 cela,

156.18897637795277 401.9527559055118 161.5748031496063 29.763779527559056 «Monsieur,
283.18110236220474 401.9527559055118 69.16535433070867 29.763779527559056 la
317.76377952755905 401.9527559055118 149.95275590551182 29.763779527559056 nécessité
433.13385826771656 401.9527559055118 92.1259842519685 29.763779527559056 dans
490.6771653543307 401.9527559055118 138.33070866141733 29.763779527559056 laquelle
594.4251968503937 401.9527559055118 69.16535433070867 29.763779527559056 on
629.007874015748 401.9527559055118 80.78740157480316 29.763779527559056 est
675.2125984251968 401.9527559055118 126.99212598425197 29.763779527559056 d’auoir
767.6220472440945 401.9527559055118 80.78740157480316 29.763779527559056 icy
813.5433070866142 401.9527559055118 57.54330708661417 29.763779527559056 a
836.7874015748032 401.9527559055118 69.16535433070867 29.763779527559056 la
859.7480314960629 401.9527559055118 80.78740157480316 29.763779527559056 teste

154.48818897637796 429.1653543307087 84.75590551181102 29.763779527559056 «du
202.96062992125985 429.1653543307087 108.85039370078741 29.763779527559056 sacré
275.5275590551181 429.1653543307087 133.22834645669292 29.763779527559056 collège
372.4724409448819 429.1653543307087 72.56692913385827 29.763779527559056 un
408.755905511811 429.1653543307087 145.41732283464566 29.763779527559056 cardinal
517.8897637795276 429.1653543307087 72.56692913385827 29.763779527559056 de
554.1732283464567 429.1653543307087 121.03937007874016 29.763779527559056 uostre
638.9291338582677 429.1653543307087 96.94488188976378 29.763779527559056 rang
699.5905511811023 429.1653543307087 72.56692913385827 29.763779527559056 et
735.8740157480315 429.1653543307087 72.56692913385827 29.763779527559056 de
772.1574803149606 429.1653543307087 121.03937007874016 29.763779527559056 uostre
844.7244094488188 429.1653543307087 96.94488188976378 29.763779527559056 autho-

155.0551181102362 455.81102362204723 117.07086614173228 30.89763779527559 «rité,
236.9763779527559 455.81102362204723 105.44881889763779 30.89763779527559 i'ose
307.2755905511811 455.81102362204723 93.8267716535433 30.89763779527559 uous
365.9527559055118 455.81102362204723 93.8267716535433 30.89763779527559 dire
424.62992125984255 455.81102362204723 81.92125984251969 30.89763779527559 que
471.40157480314963 455.81102362204723 93.8267716535433 30.89763779527559 uous
530.0787401574803 455.81102362204723 70.2992125984252 30.89763779527559 ne
565.2283464566929 455.81102362204723 210.89763779527559 30.89763779527559 recognoistriés
740.9763779527559 455.81102362204723 93.8267716535433 30.89763779527559 plus
799.6535433070866 455.81102362204723 105.44881889763779 30.89763779527559 cette
858.3307086614174 455.81102362204723 81.92125984251969 30.89763779527559 cour,

154.77165354330708 483.0236220472441 132.9448818897638 30.330708661417322 «iamais
251.43307086614172 483.0236220472441 72.56692913385827 30.330708661417322 on
287.7165354330709 483.0236220472441 84.4724409448819 30.330708661417322 n'a
336.18897637795277 483.0236220472441 72.56692913385827 30.330708661417322 vu
372.4724409448819 483.0236220472441 84.4724409448819 30.330708661417322 une
420.66141732283467 483.0236220472441 108.85039370078741 30.330708661417322 telle
493.2283464566929 483.0236220472441 157.03937007874015 30.330708661417322 dégaisne,
613.9842519685039 483.0236220472441 72.56692913385827 30.330708661417322 si
650.2677165354331 483.0236220472441 96.66141732283465 30.330708661417322 uous
710.6456692913385 483.0236220472441 72.56692913385827 30.330708661417322 me
746.9291338582677 483.0236220472441 157.03937007874015 30.330708661417322 permettés
867.6850393700787 483.0236220472441 72.56692913385827 30.330708661417322 de
892.0629921259842 483.0236220472441 48.47244094488189 30.330708661417322 me

155.90551181102362 510.23622047244095 132.66141732283464 29.763779527559056 «seruir
252.56692913385828 510.23622047244095 72.28346456692914 29.763779527559056 de
288.56692913385825 510.23622047244095 72.28346456692914 29.763779527559056 ce
324.8503937007874 510.23622047244095 120.4724409448819 29.763779527559056 terme,
409.3228346456693 510.23622047244095 96.37795275590551 29.763779527559056 uous
469.4173228346457 510.23622047244095 180.8503937007874 29.763779527559056 plaindriés,
614.2677165354331 510.23622047244095 156.75590551181102 29.763779527559056 Monsieur,
734.7401574803149 510.23622047244095 96.37795275590551 29.763779527559056 ceux
795.1181102362204 510.23622047244095 84.4724409448819 29.763779527559056 qui
843.3070866141733 510.23622047244095 60.37795275590551 29.763779527559056 y
855.2125984251968 510.23622047244095 84.4724409448819 29.763779527559056 sont,

155.6220472440945 536.8818897637796 83.33858267716535 30.330708661417322 «et
203.24409448818898 536.8818897637796 83.33858267716535 30.330708661417322 qui
250.86614173228347 536.8818897637796 83.33858267716535 30.330708661417322 ont
298.20472440944883 536.8818897637796 59.52755905511811 30.330708661417322 à
322.01574803149606 536.8818897637796 154.48818897637796 30.330708661417322 respondre
441.07086614173227 536.8818897637796 71.43307086614173 30.330708661417322 de
476.78740157480314 536.8818897637796 95.24409448818898 30.330708661417322 tout
536.3149606299213 536.8818897637796 71.43307086614173 30.330708661417322 ce
571.7480314960629 536.8818897637796 83.33858267716535 30.330708661417322 qui
619.3700787401575 536.8818897637796 83.33858267716535 30.330708661417322 s’y
666.992125984252 536.8818897637796 119.05511811023622 30.330708661417322 passe.
750.3307086614174 536.8818897637796 71.43307086614173 30.330708661417322 Il
786.0472440944882 536.8818897637796 71.43307086614173 30.330708661417322 ne
821.4803149606299 536.8818897637796 107.14960629921259 30.330708661417322 m'est
881.007874015748 536.8818897637796 59.52755905511811 30.330708661417322 pas

155.0551181102362 564.0944881889764 132.66141732283464 30.330708661417322 «permis
251.71653543307087 564.0944881889764 96.66141732283465 30.330708661417322 d’en
312.09448818897636 564.0944881889764 96.66141732283465 30.330708661417322 dire
372.4724409448819 564.0944881889764 156.75590551181102 30.330708661417322 dauantage
492.9448818897638 564.0944881889764 96.66141732283465 30.330708661417322 sans
553.3228346456693 564.0944881889764 144.8503937007874 30.330708661417322 chiffre,
661.8897637795276 564.0944881889764 108.56692913385827 30.330708661417322 c’est
734.1732283464567 564.0944881889764 144.8503937007874 30.330708661417322 pourtant
843.0236220472441 564.0944881889764 96.66141732283465 30.330708661417322 tout
891.2125984251968 564.0944881889764 48.188976377952756 30.330708661417322 ce

154.48818897637796 592.4409448818898 98.07874015748031 28.62992125984252 «que
215.71653543307087 592.4409448818898 73.41732283464567 28.62992125984252 ie
252.56692913385828 592.4409448818898 85.88976377952756 28.62992125984252 peu
301.6062992125984 592.4409448818898 110.26771653543307 28.62992125984252 faire
375.0236220472441 592.4409448818898 85.88976377952756 28.62992125984252 que
424.06299212598424 592.4409448818898 73.41732283464567 28.62992125984252 de
460.9133858267717 592.4409448818898 73.41732283464567 28.62992125984252 me
485.29133858267716 592.4409448818898 159.30708661417322 28.62992125984252 retenir...»

128.1259842519685 616.8188976377953 90.14173228346456 31.46456692913386 300.
184.53543307086613 616.8188976377953 225.35433070866142 31.46456692913386 Lavaysse,
375.87401574803147 616.8188976377953 112.53543307086615 31.46456692913386 avocat
454.96062992125985 616.8188976377953 135.21259842519686 31.46456692913386 célèbre,
556.1574803149606 616.8188976377953 135.21259842519686 31.46456692913386 impliqué
657.6377952755905 616.8188976377953 90.14173228346456 31.46456692913386 dans
713.7637795275591 616.8188976377953 146.5511811023622 31.46456692913386 l’affaire
826.5826771653543 616.8188976377953 67.46456692913385 31.46456692913386 de
848.9763779527559 616.8188976377953 90.14173228346456 31.46456692913386 Calas,

154.77165354330708 644.5984251968504 60.37795275590551 31.46456692913386 à
179.1496062992126 644.5984251968504 157.03937007874015 31.46456692913386 Toulouse.
299.90551181102364 644.5984251968504 193.3228346456693 31.46456692913386 Consultation
456.66141732283467 644.5984251968504 96.66141732283465 31.46456692913386 sig.
517.0393700787401 644.5984251968504 96.66141732283465 31.46456692913386 pour
577.4173228346457 644.5984251968504 84.4724409448819 31.46456692913386 les
625.8897637795276 644.5984251968504 144.8503937007874 31.46456692913386 familles
734.4566929133858 644.5984251968504 72.56692913385827 31.46456692913386 du
770.7401574803149 644.5984251968504 96.66141732283465 31.46456692913386 Rieu
831.1181102362204 644.5984251968504 72.56692913385827 31.46456692913386 de
855.2125984251968 644.5984251968504 84.4724409448819 31.46456692913386 Brie,

148.251968503937 671.8110236220473 105.16535433070867 30.330708661417322 de
200.9763779527559 671.8110236220473 210.04724409448818 30.330708661417322 Gavaret,
358.2992125984252 671.8110236220473 140.03149606299212 30.330708661417322 etc.
445.8897637795276 671.8110236220473 87.59055118110236 30.330708661417322 6
481.03937007874015 671.8110236220473 105.16535433070867 30.330708661417322 p.
533.4803149606299 671.8110236220473 122.45669291338582 30.330708661417322 pl.
603.496062992126 671.8110236220473 105.16535433070867 30.330708661417322 et
656.2204724409448 671.8110236220473 157.60629921259843 30.330708661417322 demie
761.1023622047244 671.8110236220473 157.60629921259843 30.330708661417322 in-4.
866.2677165354331 671.8110236220473 87.59055118110236 30.330708661417322 5
883.8425196850394 671.8110236220473 52.44094488188976 30.330708661417322 »

127.84251968503936 697.3228346456693 90.14173228346456 30.89763779527559 301.
184.251968503937 697.3228346456693 169.22834645669292 30.89763779527559 Laya
319.748031496063 697.3228346456693 191.6220472440945 30.89763779527559 (Jean-Louis),
477.6377952755906 697.3228346456693 112.81889763779527 30.89763779527559 membre
556.4409448818898 697.3228346456693 67.74803149606299 30.89763779527559 de
590.4566929133858 697.3228346456693 124.15748031496064 30.89763779527559 l'Acad.
680.5984251968504 697.3228346456693 157.88976377952756 30.89763779527559 française.
804.7559055118111 697.3228346456693 67.74803149606299 30.89763779527559 L.
838.488188976378 697.3228346456693 67.74803149606299 30.89763779527559 a.
872.2204724409448 697.3228346456693 79.08661417322834 30.89763779527559 s.,
906.2362204724409 697.3228346456693 33.732283464566926 30.89763779527559 à

153.92125984251967 725.1023622047244 69.16535433070867 31.46456692913386 M.
188.50393700787401 725.1023622047244 69.16535433070867 31.46456692913386 de
223.37007874015748 725.1023622047244 253.98425196850394 31.46456692913386 Choiseul-Gouffier.
442.48818897637796 725.1023622047244 138.61417322834646 31.46456692913386 Clamart,
546.5196850393701 725.1023622047244 69.16535433070867 31.46456692913386 21
581.1023622047244 725.1023622047244 103.74803149606299 31.46456692913386 sept.
650.2677165354331 725.1023622047244 103.74803149606299 31.46456692913386 1817.
719.4330708661417 725.1023622047244 57.826771653543304 31.46456692913386 2
742.6771653543307 725.1023622047244 69.16535433070867 31.46456692913386 p.
777.2598425196851 725.1023622047244 80.78740157480316 31.46456692913386 pl.
823.4645669291339 725.1023622047244 103.74803149606299 31.46456692913386 in-4.
892.6299212598425 725.1023622047244 57.826771653543304 31.46456692913386 4
904.2519685039371 725.1023622047244 34.58267716535433 31.46456692913386 »

180.28346456692913 754.5826771653543 71.43307086614173 28.062992125984252 Au
216.0 754.5826771653543 107.14960629921259 28.062992125984252 sujet
287.43307086614175 754.5826771653543 71.43307086614173 28.062992125984252 de
323.1496062992126 754.5826771653543 83.33858267716535 28.062992125984252 son
370.48818897637796 754.5826771653543 142.86614173228347 28.062992125984252 discours
477.6377952755906 754.5826771653543 71.43307086614173 28.062992125984252 de
513.3543307086615 754.5826771653543 166.39370078740157 28.062992125984252 réception.
632.4094488188977 754.5826771653543 178.29921259842519 28.062992125984252 Intéressante.

126.99212598425197 779.5275590551181 90.99212598425197 30.330708661417322 302.
183.96850393700788 779.5275590551181 204.9448818897638 30.330708661417322 Lebrun,
354.61417322834643 779.5275590551181 79.65354330708661 30.330708661417322 duc
400.251968503937 779.5275590551181 68.31496062992126 30.330708661417322 de
434.26771653543307 779.5275590551181 159.30708661417322 30.330708661417322 Plaisance,
559.5590551181102 779.5275590551181 113.95275590551181 30.330708661417322 consul
639.496062992126 779.5275590551181 68.31496062992126 30.330708661417322 de
673.511811023622 779.5275590551181 68.31496062992126 30.330708661417322 la
707.8110236220473 779.5275590551181 170.9291338582677 30.330708661417322 République.
844.4409448818898 779.5275590551181 68.31496062992126 30.330708661417322 L.
867.1181102362204 779.5275590551181 68.31496062992126 30.330708661417322 aut.

147.4015748031496 806.7401574803149 132.09448818897638 30.330708661417322 sig.
229.88976377952756 806.7401574803149 164.9763779527559 30.330708661417322 Paris,
345.25984251968504 806.7401574803149 82.48818897637796 30.330708661417322 7
378.1417322834646 806.7401574803149 115.37007874015748 30.330708661417322 mai
444.18897637795277 806.7401574803149 148.53543307086613 30.330708661417322 1819.
543.1181102362204 806.7401574803149 82.48818897637796 30.330708661417322 1
576.2834645669292 806.7401574803149 98.92913385826772 30.330708661417322 p.
625.6062992125984 806.7401574803149 98.92913385826772 30.330708661417322 et
675.2125984251968 806.7401574803149 148.53543307086613 30.330708661417322 quart
774.1417322834645 806.7401574803149 148.53543307086613 30.330708661417322 in-4.
873.0708661417323 806.7401574803149 82.48818897637796 30.330708661417322 2
889.511811023622 806.7401574803149 49.60629921259842 30.330708661417322 »

125.5748031496063 833.3858267716536 94.11023622047244 28.062992125984252 303.
184.53543307086613 833.3858267716536 270.99212598425197 28.062992125984252 Lechevalier,
420.09448818897636 833.3858267716536 212.03149606299212 28.062992125984252 bibliothécaire
596.9763779527559 833.3858267716536 70.58267716535433 28.062992125984252 de
632.1259842519685 833.3858267716536 212.03149606299212 28.062992125984252 Ste-Geneviève,
809.007874015748 833.3858267716536 117.92125984251969 28.062992125984252 auteur
879.5905511811023 833.3858267716536 58.960629921259844 28.062992125984252 de:

154.48818897637796 860.5984251968504 91.84251968503936 31.46456692913386 La
215.71653543307087 860.5984251968504 153.0708661417323 31.46456692913386 Troade.
338.1732283464567 860.5984251968504 61.22834645669291 31.46456692913386 Né
368.78740157480314 860.5984251968504 51.023622047244096 31.46456692913386 à
389.1968503937008 860.5984251968504 163.2755905511811 31.46456692913386 Trély
521.8582677165355 860.5984251968504 132.66141732283464 31.46456692913386 (Manche).
623.9055118110236 860.5984251968504 61.22834645669291 31.46456692913386 L.
654.5196850393701 860.5984251968504 81.63779527559055 31.46456692913386 aut.
705.5433070866142 860.5984251968504 81.63779527559055 31.46456692913386 sig.
756.5669291338583 860.5984251968504 102.04724409448819 31.46456692913386 Paris,
828.0 860.5984251968504 51.023622047244096 31.46456692913386 2
838.2047244094488 860.5984251968504 102.04724409448819 31.46456692913386 décembre

145.41732283464566 887.8110236220473 188.2204724409449 30.330708661417322 1825.
270.99212598425197 887.8110236220473 104.5984251968504 30.330708661417322 2
312.66141732283467 887.8110236220473 146.26771653543307 30.330708661417322 gr.
396.2834645669291 887.8110236220473 125.5748031496063 30.330708661417322 p.
459.21259842519686 887.8110236220473 146.26771653543307 30.330708661417322 pl.
542.8346456692914 887.8110236220473 188.2204724409449 30.330708661417322 in-4.
668.1259842519685 887.8110236220473 229.88976377952756 30.330708661417322 Cachet.
835.3700787401575 887.8110236220473 104.5984251968504 30.330708661417322 3
856.3464566929134 887.8110236220473 83.62204724409449 30.330708661417322 50

126.14173228346456 913.3228346456693 83.62204724409449 33.732283464566926 304.
178.58267716535434 913.3228346456693 198.70866141732284 33.732283464566926 Lefebvre
345.8267716535433 913.3228346456693 73.13385826771653 33.732283464566926 (le
387.7795275590551 913.3228346456693 146.5511811023622 33.732283464566926 maréchal),
502.86614173228344 913.3228346456693 73.13385826771653 33.732283464566926 duc
544.5354330708661 913.3228346456693 62.645669291338585 33.732283464566926 de
576.0 913.3228346456693 125.5748031496063 33.732283464566926 Dantzig.
670.1102362204724 913.3228346456693 62.645669291338585 33.732283464566926 Né
701.5748031496063 913.3228346456693 52.44094488188976 33.732283464566926 à
722.5511811023622 913.3228346456693 177.73228346456693 33.732283464566926 Kufack
858.6141732283464 913.3228346456693 83.62204724409449 33.732283464566926 (Haut

154.48818897637796 941.1023622047244 111.96850393700787 32.59842519685039 Rhin).
232.7244094488189 941.1023622047244 67.18110236220473 32.59842519685039 L.
266.1732283464567 941.1023622047244 89.5748031496063 32.59842519685039 aut.
322.2992125984252 941.1023622047244 89.5748031496063 32.59842519685039 sig.
378.1417322834646 941.1023622047244 134.36220472440945 32.59842519685039 Quartier
478.7716535433071 941.1023622047244 123.02362204724409 32.59842519685039 général
568.3464566929134 941.1023622047244 67.18110236220473 32.59842519685039 de
602.0787401574803 941.1023622047244 111.96850393700787 32.59842519685039 Trost,
680.3149606299213 941.1023622047244 67.18110236220473 32.59842519685039 15
713.7637795275591 941.1023622047244 134.36220472440945 32.59842519685039 floréal.
814.6771653543307 941.1023622047244 55.84251968503937 32.59842519685039 1
837.0708661417323 941.1023622047244 67.18110236220473 32.59842519685039 p.
859.4645669291339 941.1023622047244 78.23622047244095 32.59842519685039 in

116.50393700787401 964.9133858267717 774.7086614173228 27.496062992125985 Rare.
746.0787401574803 964.9133858267717 242.07874015748033 27.496062992125985 4
794.5511811023622 964.9133858267717 145.13385826771653 27.496062992125985 »

126.70866141732283 994.9606299212599 260.2204724409449 29.19685039370079 305.Legendre,
354.3307086614173 994.9606299212599 195.30708661417322 29.19685039370079 mathématicien,
517.0393700787401 994.9606299212599 108.56692913385827 29.19685039370079 membre
593.007874015748 994.9606299212599 65.19685039370079 29.19685039370079 de
625.6062992125984 994.9606299212599 162.70866141732284 29.19685039370079 l’Institut.
755.7165354330708 994.9606299212599 65.19685039370079 29.19685039370079 Né
788.3149606299213 994.9606299212599 54.14173228346457 29.19685039370079 à
799.0866141732283 994.9606299212599 141.16535433070865 29.19685039370079 Tou

149.95275590551182 1023.0236220472441 222.51968503937007 29.480314960629922 louse.
333.07086614173227 1023.0236220472441 130.96062992125985 29.480314960629922 Paris,
424.9133858267717 1023.0236220472441 78.51968503937007 29.480314960629922 27
464.0314960629921 1023.0236220472441 130.96062992125985 29.480314960629922 nivôse
555.5905511811023 1023.0236220472441 78.51968503937007 29.480314960629922 an
594.992125984252 1023.0236220472441 91.55905511811024 29.480314960629922 XI.
647.4330708661417 1023.0236220472441 65.48031496062993 29.480314960629922 1
673.511811023622 1023.0236220472441 78.51968503937007 29.480314960629922 p.
712.9133858267717 1023.0236220472441 91.55905511811024 29.480314960629922 pl.
765.0708661417323 1023.0236220472441 117.92125984251969 29.480314960629922 in-4.
843.5905511811023 1023.0236220472441 65.48031496062993 29.480314960629922 4
856.6299212598425 1023.0236220472441 39.40157480314961 29.480314960629922 »

125.5748031496063 1049.3858267716535 90.4251968503937 30.89763779527559 300.
181.98425196850394 1049.3858267716535 203.5275590551181 30.89763779527559 Legouvé
351.7795275590551 1049.3858267716535 225.92125984251967 30.89763779527559 (Jean-Baptiste),
543.6850393700787 1049.3858267716535 113.10236220472441 30.89763779527559 avocat
623.0551181102362 1049.3858267716535 67.74803149606299 30.89763779527559 au
656.7874015748032 1049.3858267716535 146.83464566929135 30.89763779527559 parlement
769.8897637795276 1049.3858267716535 67.74803149606299 30.89763779527559 de
803.9055118110236 1049.3858267716535 113.10236220472441 30.89763779527559 Paris,
871.6535433070866 1049.3858267716535 67.74803149606299 30.89763779527559 père

152.2204724409449 1076.0314960629921 66.33070866141732 31.46456692913386 de
185.38582677165354 1076.0314960629921 132.66141732283464 31.46456692913386 l'auteur
284.88188976377955 1076.0314960629921 66.33070866141732 31.46456692913386 du
318.0472440944882 1076.0314960629921 143.71653543307087 31.46456692913386 Mérite
428.88188976377955 1076.0314960629921 77.38582677165354 31.46456692913386 des
473.1023622047244 1076.0314960629921 165.82677165354332 31.46456692913386 femmes.
605.7637795275591 1076.0314960629921 66.33070866141732 31.46456692913386 L.
638.9291338582677 1076.0314960629921 88.44094488188976 31.46456692913386 aut.
694.2047244094488 1076.0314960629921 99.49606299212599 31.46456692913386 sig.,
760.8188976377953 1076.0314960629921 55.275590551181104 31.46456692913386 à
782.9291338582677 1076.0314960629921 66.33070866141732 31.46456692913386 M.
805.0393700787401 1076.0314960629921 132.66141732283464 31.46456692913386 Falconnet,

150.23622047244095 1103.8110236220473 125.00787401574803 30.89763779527559 avocat
237.82677165354332 1103.8110236220473 75.11811023622047 30.89763779527559 en
275.244094488189 1103.8110236220473 174.89763779527559 30.89763779527559 parlement.
412.7244094488189 1103.8110236220473 125.00787401574803 30.89763779527559 Paris,
500.31496062992125 1103.8110236220473 62.36220472440945 30.89763779527559 2
525.2598425196851 1103.8110236220473 112.53543307086615 30.89763779527559 mars.
600.0944881889764 1103.8110236220473 62.36220472440945 30.89763779527559 1
625.3228346456693 1103.8110236220473 75.11811023622047 30.89763779527559 p.
662.7401574803149 1103.8110236220473 87.59055118110236 30.89763779527559 pl.
712.6299212598425 1103.8110236220473 112.53543307086615 30.89763779527559 in-4.
787.7480314960629 1103.8110236220473 137.48031496062993 30.89763779527559 Cachet.
887.8110236220473 1103.8110236220473 62.36220472440945 30.89763779527559 5
900.2834645669292 1103.8110236220473 37.41732283464567 30.89763779527559 »

124.7244094488189 1130.4566929133857 98.64566929133858 30.89763779527559 307.
186.51968503937007 1130.4566929133857 333.3543307086614 30.89763779527559 Legrand-d'Aussy,
483.0236220472441 1130.4566929133857 197.5748031496063 30.89763779527559 conservateur
643.4645669291339 1130.4566929133857 86.45669291338582 30.89763779527559 des
692.7874015748032 1130.4566929133857 172.91338582677164 30.89763779527559 manuscrits
816.0944881889764 1130.4566929133857 123.59055118110236 30.89763779527559 français

152.50393700787401 1157.1023622047244 62.07874015748032 31.46456692913386 de
183.68503937007873 1157.1023622047244 62.07874015748032 31.46456692913386 la
214.86614173228347 1157.1023622047244 165.54330708661416 31.46456692913386 Bibliothèque
349.2283464566929 1157.1023622047244 144.8503937007874 31.46456692913386 nationale.
463.18110236220474 1157.1023622047244 62.07874015748032 31.46456692913386 Né
494.0787401574803 1157.1023622047244 51.874015748031496 31.46456692913386 à
514.7716535433071 1157.1023622047244 186.23622047244095 31.46456692913386 Amiens.
670.1102362204724 1157.1023622047244 62.07874015748032 31.46456692913386 L.
701.007874015748 1157.1023622047244 62.07874015748032 31.46456692913386 a.
732.1889763779527 1157.1023622047244 72.56692913385827 31.46456692913386 s.,
773.5748031496063 1157.1023622047244 62.07874015748032 31.46456692913386 au
804.4724409448819 1157.1023622047244 113.95275590551181 31.46456692913386 citoyen
877.0393700787401 1157.1023622047244 62.07874015748032 31.46456692913386 Gin-

151.08661417322836 1184.8818897637796 119.33858267716535 30.89763779527559 guené.
234.4251968503937 1184.8818897637796 119.33858267716535 30.89763779527559 Paris,
318.0472440944882 1184.8818897637796 71.43307086614173 30.89763779527559 29
353.76377952755905 1184.8818897637796 155.0551181102362 30.89763779527559 thermidor
473.1023622047244 1184.8818897637796 71.43307086614173 30.89763779527559 an
508.81889763779526 1184.8818897637796 71.43307086614173 30.89763779527559 V.
544.5354330708661 1184.8818897637796 59.52755905511811 30.89763779527559 2
568.3464566929134 1184.8818897637796 83.33858267716535 30.89763779527559 gr.
615.9685039370079 1184.8818897637796 71.43307086614173 30.89763779527559 p.
651.9685039370079 1184.8818897637796 83.33858267716535 30.89763779527559 pl.
699.5905511811023 1184.8818897637796 71.43307086614173 30.89763779527559 et
735.3070866141733 1184.8818897637796 107.43307086614173 30.89763779527559 demie
806.7401574803149 1184.8818897637796 107.43307086614173 30.89763779527559 in-4.
878.4566929133858 1184.8818897637796 71.43307086614173 30.89763779527559 22
902.2677165354331 1184.8818897637796 35.71653543307087 30.89763779527559 »

180.56692913385828 1212.0944881889764 102.61417322834646 30.330708661417322 Lettre
252.28346456692913 1212.0944881889764 164.1259842519685 30.330708661417322 intéressante
385.51181102362204 1212.0944881889764 123.02362204724409 30.330708661417322 relative
477.9212598425197 1212.0944881889764 51.30708661417323 30.330708661417322 à
498.3307086614173 1212.0944881889764 71.71653543307086 30.330708661417322 son
539.4330708661417 1212.0944881889764 102.61417322834646 30.330708661417322 projet
611.1496062992126 1212.0944881889764 61.511811023622045 30.330708661417322 de
642.0472440944882 1212.0944881889764 153.92125984251967 30.330708661417322 publication
765.0708661417323 1212.0944881889764 61.511811023622045 30.330708661417322 de
785.4803149606299 1212.0944881889764 153.92125984251967 30.330708661417322 l'His

151.93700787401573 1238.740157480315 94.39370078740157 30.89763779527559 toire
214.86614173228347 1238.740157480315 62.92913385826772 30.89763779527559 de
246.33070866141733 1238.740157480315 62.92913385826772 30.89763779527559 la
277.79527559055117 1238.740157480315 104.88188976377953 30.89763779527559 langue
351.21259842519686 1238.740157480315 62.92913385826772 30.89763779527559 et
382.6771653543307 1238.740157480315 62.92913385826772 30.89763779527559 de
414.1417322834646 1238.740157480315 62.92913385826772 30.89763779527559 la
445.6062992125984 1238.740157480315 104.88188976377953 30.89763779527559 poésie
519.0236220472441 1238.740157480315 136.3464566929134 30.89763779527559 française
624.1889763779527 1238.740157480315 104.88188976377953 30.89763779527559 depuis
697.6062992125984 1238.740157480315 83.90551181102362 30.89763779527559 leur
750.0472440944882 1238.740157480315 188.78740157480314 30.89763779527559 origine...
896.8818897637796 1238.740157480315 41.95275590551181 30.89763779527559 et

149.66929133858267 1265.9527559055118 142.29921259842519 34.2992125984252 rédigée
253.13385826771653 1265.9527559055118 142.29921259842519 34.2992125984252 d’après
356.59842519685037 1265.9527559055118 90.4251968503937 34.2992125984252 les
408.18897637795277 1265.9527559055118 180.8503937007874 34.2992125984252 manuscrits
550.488188976378 1265.9527559055118 77.66929133858268 34.2992125984252 du
589.3228346456693 1265.9527559055118 129.25984251968504 34.2992125984252 trésor
679.7480314960629 1265.9527559055118 142.29921259842519 34.2992125984252 immense
783.2125984251968 1265.9527559055118 90.4251968503937 34.2992125984252 qui
834.8031496062993 1265.9527559055118 90.4251968503937 34.2992125984252 lui
873.6377952755905 1265.9527559055118 64.62992125984252 34.2992125984252 est

150.8031496062992 1290.3307086614172 124.44094488188976 33.732283464566926 confié.
241.22834645669292 1290.3307086614172 101.76377952755905 33.732283464566926 Longs
297.9212598425197 1290.3307086614172 113.10236220472441 33.732283464566926 détails.

125.00787401574803 1318.6771653543308 94.11023622047244 32.031496062992126 308.
183.68503937007873 1318.6771653543308 105.73228346456693 32.031496062992126 Le
254.26771653543307 1318.6771653543308 141.16535433070865 32.031496062992126 Sage
360.0 1318.6771653543308 258.8031496062992 32.031496062992126 (Nicolas-Léonard),
583.3700787401575 1318.6771653543308 117.63779527559055 32.031496062992126 acteur
665.8582677165355 1318.6771653543308 70.58267716535433 32.031496062992126 de
701.007874015748 1318.6771653543308 235.2755905511811 32.031496062992126 l’Opéra-Comique.
889.2283464566929 1318.6771653543308 47.05511811023622 32.031496062992126 L.

147.68503937007873 1347.023622047244 112.81889763779527 30.89763779527559 aut.
218.26771653543307 1347.023622047244 112.81889763779527 30.89763779527559 sig.
288.8503937007874 1347.023622047244 140.88188976377953 30.89763779527559 Paris,
387.496062992126 1347.023622047244 84.4724409448819 30.89763779527559 19
429.73228346456693 1347.023622047244 169.22834645669292 30.89763779527559 novembre
556.7244094488188 1347.023622047244 126.99212598425197 30.89763779527559 1816.
641.1968503937007 1347.023622047244 70.58267716535433 30.89763779527559 1
669.5433070866142 1347.023622047244 98.64566929133858 30.89763779527559 gr.
725.9527559055118 1347.023622047244 84.4724409448819 30.89763779527559 p.
768.1889763779527 1347.023622047244 155.0551181102362 30.89763779527559 in-fol.
881.007874015748 1347.023622047244 70.58267716535433 30.89763779527559 5
895.1811023622047 1347.023622047244 42.23622047244095 30.89763779527559 »

124.7244094488189 1372.5354330708662 89.29133858267717 30.89763779527559 309.
180.28346456692913 1372.5354330708662 256.53543307086613 30.89763779527559 Lesdiguières
403.65354330708664 1372.5354330708662 78.23622047244095 30.89763779527559 (le
448.15748031496065 1372.5354330708662 156.18897637795277 30.89763779527559 connétable
570.8976377952756 1372.5354330708662 89.29133858267717 30.89763779527559 de).
626.7401574803149 1372.5354330708662 66.89763779527559 30.89763779527559 Né
660.1889763779527 1372.5354330708662 55.84251968503937 30.89763779527559 à
682.5826771653543 1372.5354330708662 212.03149606299212 30.89763779527559 Saint-Bonnet
849.8267716535433 1372.5354330708662 89.29133858267717 30.89763779527559 de

151.6535433070866 1400.3149606299212 212.88188976377953 32.031496062992126 Champsaur
332.78740157480314 1400.3149606299212 127.84251968503936 32.031496062992126 (Isère).
428.59842519685037 1400.3149606299212 106.2992125984252 32.031496062992126 Quitt.
503.1496062992126 1400.3149606299212 85.03937007874016 32.031496062992126 avec
556.1574803149606 1400.3149606299212 74.55118110236221 32.031496062992126 une
598.6771653543307 1400.3149606299212 95.81102362204724 32.031496062992126 ligne
662.7401574803149 1400.3149606299212 85.03937007874016 32.031496062992126 aut.
715.7480314960629 1400.3149606299212 85.03937007874016 32.031496062992126 sig.
769.0393700787401 1400.3149606299212 85.03937007874016 32.031496062992126 (sur
811.5590551181102 1400.3149606299212 127.84251968503936 32.031496062992126 parchemin)

146.26771653543307 1426.9606299212599 90.99212598425197 31.46456692913386 de
191.90551181102362 1426.9606299212599 90.99212598425197 31.46456692913386 la
237.54330708661416 1426.9606299212599 136.62992125984252 31.46456692913386 somme
328.53543307086613 1426.9606299212599 90.99212598425197 31.46456692913386 de
374.1732283464567 1426.9606299212599 136.62992125984252 31.46456692913386 trois
465.1653543307087 1426.9606299212599 136.62992125984252 31.46456692913386 mille
556.4409448818898 1426.9606299212599 136.62992125984252 31.46456692913386 écus.
647.4330708661417 1426.9606299212599 90.99212598425197 31.46456692913386 18
693.0708661417323 1426.9606299212599 136.62992125984252 31.46456692913386 sept.
784.0629921259842 1426.9606299212599 136.62992125984252 31.46456692913386 1592.
875.3385826771654 1426.9606299212599 75.96850393700787 31.46456692913386 6
890.3622047244095 1426.9606299212599 45.63779527559055 31.46456692913386 »

125.00787401574803 1454.1732283464567 89.00787401574803 30.89763779527559 310.
180.56692913385828 1454.1732283464567 100.06299212598425 30.89763779527559 Le
247.1811023622047 1454.1732283464567 166.6771653543307 30.89763779527559 Tellier
380.6929133858268 1454.1732283464567 144.56692913385828 30.89763779527559 (Michel),
491.81102362204723 1454.1732283464567 166.6771653543307 30.89763779527559 chancelier,
625.3228346456693 1454.1732283464567 100.06299212598425 30.89763779527559 garde
691.9370078740158 1454.1732283464567 77.95275590551181 30.89763779527559 des
736.4409448818898 1454.1732283464567 111.11811023622047 30.89763779527559 sceaux
814.3937007874016 1454.1732283464567 66.61417322834646 30.89763779527559 de
836.503937007874 1454.1732283464567 100.06299212598425 30.89763779527559 France.

149.66929133858267 1480.8188976377953 74.83464566929133 36.0 L.
187.08661417322836 1480.8188976377953 100.06299212598425 36.0 aut.
249.73228346456693 1480.8188976377953 100.06299212598425 36.0 sig.
312.09448818897636 1480.8188976377953 324.8503937007874 36.0 Saint-Germain-en-Laye,
599.5275590551181 1480.8188976377953 74.83464566929133 36.0 29
636.9448818897638 1480.8188976377953 149.95275590551182 36.0 décembre
749.4803149606299 1480.8188976377953 112.53543307086615 36.0 1679.
824.3149606299213 1480.8188976377953 62.36220472440945 36.0 1
849.2598425196851 1480.8188976377953 74.83464566929133 36.0 p.
874.488188976378 1480.8188976377953 62.36220472440945 36.0 pl.

118.77165354330708 1509.1653543307086 258.5196850393701 24.094488188976378 et
248.03149606299212 1509.1653543307086 387.7795275590551 24.094488188976378 demie
506.5511811023622 1509.1653543307086 387.7795275590551 24.094488188976378 in-4.
765.0708661417323 1509.1653543307086 215.43307086614172 24.094488188976378 6
808.1574803149606 1509.1653543307086 129.25984251968504 24.094488188976378 »

124.15748031496064 1534.1102362204724 89.29133858267717 33.732283464566926 311.
179.71653543307087 1534.1102362204724 200.9763779527559 33.732283464566926 Ligier,
347.244094488189 1534.1102362204724 111.68503937007874 33.732283464566926 acteur
425.1968503937008 1534.1102362204724 133.79527559055117 33.732283464566926 tragique
525.8267716535433 1534.1102362204724 66.89763779527559 33.732283464566926 du
559.2755905511812 1534.1102362204724 234.4251968503937 33.732283464566926 Théâtre-Français.
759.9685039370079 1534.1102362204724 66.89763779527559 33.732283464566926 L.
793.4173228346457 1534.1102362204724 89.29133858267717 33.732283464566926 aut,
849.2598425196851 1534.1102362204724 89.29133858267717 33.732283464566926 sig.
894.0472440944882 1534.1102362204724 44.503937007874015 33.732283464566926 Le

144.56692913385828 1561.8897637795276 168.66141732283464 33.16535433070866 Havre,
262.48818897637796 1561.8897637795276 101.19685039370079 33.16535433070866 15
312.9448818897638 1561.8897637795276 185.38582677165354 33.16535433070866 octobre
447.87401574803147 1561.8897637795276 151.6535433070866 33.16535433070866 1828.
548.7874015748032 1561.8897637795276 84.18897637795276 33.16535433070866 1
582.5196850393701 1561.8897637795276 117.92125984251969 33.16535433070866 gr.
649.9842519685039 1561.8897637795276 101.19685039370079 33.16535433070866 p.
700.7244094488188 1561.8897637795276 117.92125984251969 33.16535433070866 pl.
767.9055118110236 1561.8897637795276 151.6535433070866 33.16535433070866 in-4.
869.1023622047244 1561.8897637795276 84.18897637795276 33.16535433070866 4
886.1102362204724 1561.8897637795276 50.45669291338583 33.16535433070866 »

123.8740157480315 1589.6692913385828 78.23622047244095 31.46456692913386 312.
172.91338582677164 1589.6692913385828 186.23622047244095 31.46456692913386 Linguet,
329.6692913385827 1589.6692913385828 107.71653543307086 31.46456692913386 avocat,
408.18897637795277 1589.6692913385828 146.83464566929135 31.46456692913386 littérateur
525.5433070866142 1589.6692913385828 58.67716535433071 31.46456692913386 et
555.0236220472441 1589.6692913385828 137.1968503937008 31.46456692913386 publiciste
662.7401574803149 1589.6692913385828 117.63779527559055 31.46456692913386 célèbre.
750.8976377952756 1589.6692913385828 58.67716535433071 31.46456692913386 Né
780.3779527559055 1589.6692913385828 49.039370078740156 31.46456692913386 à
790.2992125984252 1589.6692913385828 146.83464566929135 31.46456692913386 Reims.

150.51968503937007 1616.8818897637796 81.07086614173228 32.031496062992126 Mis
197.00787401574803 1616.8818897637796 57.826771653543304 32.031496062992126 à
219.96850393700788 1616.8818897637796 92.69291338582677 32.031496062992126 mort
278.0787401574803 1616.8818897637796 69.44881889763779 32.031496062992126 en
312.66141732283467 1616.8818897637796 104.31496062992126 32.031496062992126 1794.
382.1102362204724 1616.8818897637796 69.44881889763779 32.031496062992126 L.
416.9763779527559 1616.8818897637796 92.69291338582677 32.031496062992126 aut.
474.8031496062992 1616.8818897637796 92.69291338582677 32.031496062992126 sig.
532.9133858267717 1616.8818897637796 57.826771653543304 32.031496062992126 2
555.8740157480315 1616.8818897637796 69.44881889763779 32.031496062992126 p.
590.7401574803149 1616.8818897637796 81.07086614173228 32.031496062992126 pl.
636.9448818897638 1616.8818897637796 69.44881889763779 32.031496062992126 et
671.8110236220473 1616.8818897637796 104.31496062992126 32.031496062992126 demie
741.2598425196851 1616.8818897637796 104.31496062992126 32.031496062992126 petit
810.7086614173228 1616.8818897637796 104.31496062992126 32.031496062992126 in-4.
880.4409448818898 1616.8818897637796 57.826771653543304 32.031496062992126 6
892.0629921259842 1616.8818897637796 46.20472440944882 32.031496062992126 50

177.73228346456693 1644.0944881889764 110.26771653543307 31.46456692913386 Lettre
254.83464566929135 1644.0944881889764 176.31496062992127 31.46456692913386 intéressante
397.98425196850394 1644.0944881889764 66.04724409448819 31.46456692913386 au
431.1496062992126 1644.0944881889764 99.21259842519684 31.46456692913386 sujet
497.1968503937008 1644.0944881889764 77.10236220472441 31.46456692913386 des
541.4173228346457 1644.0944881889764 132.09448818897638 31.46456692913386 attaques
640.6299212598425 1644.0944881889764 88.15748031496064 31.46456692913386 dont
695.6220472440945 1644.0944881889764 66.04724409448819 31.46456692913386 il
728.7874015748032 1644.0944881889764 54.99212598425197 31.46456692913386 a
750.6141732283464 1644.0944881889764 77.10236220472441 31.46456692913386 été
794.8346456692914 1644.0944881889764 121.32283464566929 31.46456692913386 l'objet
871.9370078740158 1644.0944881889764 66.04724409448819 31.46456692913386 dans

149.38582677165354 1669.6062992125985 67.46456692913385 33.732283464566926 le
183.11811023622047 1669.6062992125985 157.3228346456693 33.732283464566926 Journal
306.70866141732284 1669.6062992125985 258.5196850393701 33.732283464566926 encyclopédique.
531.7795275590552 1669.6062992125985 67.46456692913385 33.732283464566926 La
565.2283464566929 1669.6062992125985 67.46456692913385 33.732283464566926 3e
598.9606299212599 1669.6062992125985 89.85826771653544 33.732283464566926 page
655.3700787401575 1669.6062992125985 78.80314960629921 33.732283464566926 est
700.1574803149606 1669.6062992125985 101.19685039370079 33.732283464566926 toute
767.6220472440945 1669.6062992125985 123.59055118110236 33.732283464566926 remplie
857.4803149606299 1669.6062992125985 78.80314960629921 33.732283464566926 par
891.2125984251968 1669.6062992125985 45.07086614173228 33.732283464566926 la

149.10236220472441 1697.3858267716535 123.02362204724409 32.59842519685039 minute
234.99212598425197 1697.3858267716535 98.36220472440945 32.59842519685039 aut.
296.503937007874 1697.3858267716535 110.55118110236221 32.59842519685039 d’une
370.20472440944883 1697.3858267716535 123.02362204724409 32.59842519685039 lettre
456.37795275590554 1697.3858267716535 73.7007874015748 32.59842519685039 au
493.2283464566929 1697.3858267716535 86.1732283464567 32.59842519685039 roi
542.2677165354331 1697.3858267716535 86.1732283464567 32.59842519685039 qui
591.5905511811023 1697.3858267716535 86.1732283464567 32.59842519685039 lui
640.6299212598425 1697.3858267716535 61.511811023622045 32.59842519685039 a
665.2913385826772 1697.3858267716535 86.1732283464567 32.59842519685039 été
714.3307086614174 1697.3858267716535 147.4015748031496 32.59842519685039 demandée
825.1653543307086 1697.3858267716535 73.7007874015748 32.59842519685039 et
849.5433070866142 1697.3858267716535 86.1732283464567 32.59842519685039 qu’on
