1209.5433070866143 2050.582677165354
379.5590551181102 214.86614173228347 293.38582677165357 43.08661417322835 CATALOGUE

137.48031496062993 293.1023622047244 130.96062992125985 31.748031496062993 DE
202.96062992125985 293.1023622047244 240.09448818897638 31.748031496062993 LETTRES
377.5748031496063 293.1023622047244 349.2283464566929 31.748031496062993 AUTOGRAPHES,
639.7795275590552 293.1023622047244 283.748031496063 31.748031496062993 MANUSCRITS,

351.7795275590551 350.6456692913386 163.84251968503938 25.511811023622048 DOCUMENTS
484.7244094488189 350.6456692913386 163.84251968503938 25.511811023622048 HISTORIQUES,
607.7480314960629 350.6456692913386 112.53543307086615 25.511811023622048 ETC.,

253.13385826771653 411.0236220472441 217.13385826771653 53.29133858267716 DE
397.7007874015748 411.0236220472441 144.8503937007874 53.29133858267716 A.
446.1732283464567 411.0236220472441 361.7007874015748 53.29133858267716 LAVERDET,

305.00787401574803 492.37795275590554 97.51181102362204 28.346456692913385 A
365.9527559055118 492.37795275590554 121.88976377952756 28.346456692913385 Paris,
451.2755905511811 492.37795275590554 85.32283464566929 28.346456692913385 rue
500.0314960629921 492.37795275590554 207.21259842519686 28.346456692913385 Saint-Lazare,
658.2047244094488 492.37795275590554 109.7007874015748 28.346456692913385 24.

417.54330708661416 604.6299212598425 111.68503937007874 15.874015748031496 Vente
501.1653543307087 604.6299212598425 46.488188976377955 15.874015748031496 à
510.5196850393701 604.6299212598425 148.8188976377953 15.874015748031496 l'amiable,

290.8346456692913 630.7086614173228 117.92125984251969 20.69291338582677 soit
376.7244094488189 630.7086614173228 75.11811023622047 20.69291338582677 par
419.5275590551181 630.7086614173228 160.7244094488189 20.69291338582677 l'insertion
547.9370078740158 630.7086614173228 85.60629921259843 20.69291338582677 dans
601.511811023622 630.7086614173228 64.34645669291339 20.69291338582677 le
623.0551181102362 630.7086614173228 160.7244094488189 20.69291338582677 bulletin,

190.48818897637796 657.0708661417323 123.02362204724409 20.125984251968504 soit
279.7795275590551 657.0708661417323 78.23622047244095 20.125984251968504 aux
324.56692913385825 657.0708661417323 134.36220472440945 20.125984251968504 enchères
425.1968503937008 657.0708661417323 156.4724409448819 20.125984251968504 publiques,
548.2204724409448 657.0708661417323 67.18110236220473 20.125984251968504 de
581.9527559055118 657.0708661417323 167.81102362204723 20.125984251968504 Collections
716.0314960629921 657.0708661417323 67.18110236220473 20.125984251968504 ou
738.4251968503937 657.0708661417323 145.41732283464566 20.125984251968504 parties

290.8346456692913 684.8503937007874 96.66141732283465 19.84251968503937 de
355.18110236220474 684.8503937007874 161.00787401574803 19.84251968503937 Collections
484.15748031496065 684.8503937007874 64.34645669291339 19.84251968503937 de
516.4724409448819 684.8503937007874 118.20472440944881 19.84251968503937 Lettres
591.5905511811023 684.8503937007874 193.3228346456693 19.84251968503937 autographes,

378.99212598425197 711.496062992126 171.21259842519686 19.559055118110237 Documents
507.40157480314963 711.496062992126 192.4724409448819 19.559055118110237 historiques,

404.503937007874 738.7086614173228 160.15748031496062 15.874015748031496 Manuscrits,
537.7322834645669 738.7086614173228 79.93700787401575 15.874015748031496 etc.,
582.2362204724409 738.7086614173228 89.00787401574803 15.874015748031496 etc.

155.90551181102362 760.8188976377953 157.3228346456693 24.094488188976378 Achats.
279.496062992126 760.8188976377953 56.125984251968504 24.094488188976378 —
302.1732283464567 760.8188976377953 145.98425196850394 24.094488188976378 Échangés.
414.4251968503937 760.8188976377953 56.125984251968504 24.094488188976378 —
436.81889763779526 760.8188976377953 168.3779527559055 24.094488188976378 Expertises.
571.7480314960629 760.8188976377953 56.125984251968504 24.094488188976378 —
594.1417322834645 760.8188976377953 145.98425196850394 24.094488188976378 Rédaction
706.3937007874016 760.8188976377953 67.46456692913385 24.094488188976378 de
728.7874015748032 760.8188976377953 191.0551181102362 24.094488188976378 Catalogues.

340.15748031496065 853.511811023622 145.41732283464566 22.677165354330707 N°3
441.9212598425197 853.511811023622 72.85039370078741 22.677165354330707 —
470.8346456692913 853.511811023622 159.8740157480315 22.677165354330707 OCTOBRE
572.8818897637796 853.511811023622 159.8740157480315 22.677165354330707 1856.

134.64566929133858 940.2519685039371 90.14173228346456 27.77952755905512 145.
191.0551181102362 940.2519685039371 169.22834645669292 27.77952755905512 Adet
326.26771653543307 940.2519685039371 135.21259842519686 27.77952755905512 (P.-A.),
427.748031496063 940.2519685039371 146.5511811023622 27.77952755905512 physicien
540.5669291338583 940.2519685039371 67.74803149606299 27.77952755905512 et
574.2992125984252 940.2519685039371 146.5511811023622 27.77952755905512 chimiste.
687.1181102362204 940.2519685039371 146.5511811023622 27.77952755905512 Sénateur,
799.9370078740158 940.2519685039371 124.15748031496064 27.77952755905512 député.
890.0787401574803 940.2519685039371 67.74803149606299 27.77952755905512 Né
912.7559055118111 940.2519685039371 33.732283464566926 27.77952755905512 à

157.03937007874015 966.8976377952756 228.75590551181102 27.77952755905512 Nevers.
347.81102362204723 966.8976377952756 76.25196850393701 27.77952755905512 L.
385.79527559055117 966.8976377952756 101.76377952755905 27.77952755905512 aut.
449.5748031496063 966.8976377952756 114.51968503937007 27.77952755905512 sig.,
525.8267716535433 966.8976377952756 76.25196850393701 27.77952755905512 au
563.8110236220473 966.8976377952756 139.748031496063 27.77952755905512 citoyen
665.5748031496063 966.8976377952756 127.2755905511811 27.77952755905512 Payen.
754.5826771653543 966.8976377952756 63.496062992125985 27.77952755905512 1
780.0944881889764 966.8976377952756 76.25196850393701 27.77952755905512 p.
818.0787401574803 966.8976377952756 114.51968503937007 27.77952755905512 in-4.
894.6141732283464 966.8976377952756 63.496062992125985 27.77952755905512 2
907.0866141732283 966.8976377952756 38.267716535433074 27.77952755905512 »

133.51181102362204 994.1102362204724 83.62204724409449 26.64566929133858 146
181.13385826771653 994.1102362204724 191.0551181102362 26.64566929133858 André
336.4724409448819 994.1102362204724 131.5275590551181 26.64566929133858 (Frère)
432.2834645669291 994.1102362204724 71.71653543307086 26.64566929133858 de
468.0 994.1102362204724 179.1496062992126 26.64566929133858 St-Nicolas,
611.4330708661417 994.1102362204724 155.33858267716536 26.64566929133858 religieux
730.7716535433071 994.1102362204724 119.33858267716535 26.64566929133858 Carme,
814.3937007874016 994.1102362204724 107.43307086614173 26.64566929133858 versé
874.2047244094488 994.1102362204724 71.71653543307086 26.64566929133858 dans

159.30708661417322 1020.7559055118111 163.55905511811022 26.64566929133858 l’histoire
287.7165354330709 1020.7559055118111 70.01574803149606 26.64566929133858 et
322.86614173228344 1020.7559055118111 81.63779527559055 26.64566929133858 les
369.6377952755906 1020.7559055118111 175.1811023622047 26.64566929133858 antiquités.
509.6692913385827 1020.7559055118111 70.01574803149606 26.64566929133858 Né
544.8188976377953 1020.7559055118111 70.01574803149606 26.64566929133858 en
579.6850393700787 1020.7559055118111 105.16535433070867 26.64566929133858 1650.
649.9842519685039 1020.7559055118111 93.54330708661418 26.64566929133858 Mort
708.3779527559055 1020.7559055118111 58.39370078740158 26.64566929133858 à
731.6220472440945 1020.7559055118111 140.31496062992127 26.64566929133858 Besançon
836.7874015748032 1020.7559055118111 70.01574803149606 26.64566929133858 en
860.3149606299213 1020.7559055118111 81.63779527559055 26.64566929133858 1713.

159.0236220472441 1047.9685039370079 71.43307086614173 27.212598425196852 L.
194.74015748031496 1047.9685039370079 95.24409448818898 27.212598425196852 aut.
254.26771653543307 1047.9685039370079 107.14960629921259 27.212598425196852 sig.,
325.7007874015748 1047.9685039370079 59.52755905511811 27.212598425196852 à
349.51181102362204 1047.9685039370079 71.43307086614173 27.212598425196852 M.
385.2283464566929 1047.9685039370079 71.43307086614173 27.212598425196852 de
420.9448818897638 1047.9685039370079 119.05511811023622 27.212598425196852 Serte,
504.2834645669291 1047.9685039370079 178.58267716535434 27.212598425196852 gentilhomme
647.1496062992126 1047.9685039370079 71.43307086614173 27.212598425196852 de
682.8661417322835 1047.9685039370079 71.43307086614173 27.212598425196852 S.
718.5826771653543 1047.9685039370079 71.43307086614173 27.212598425196852 A.
754.2992125984252 1047.9685039370079 83.33858267716535 27.212598425196852 Mgr
801.9212598425197 1047.9685039370079 71.43307086614173 27.212598425196852 le
825.7322834645669 1047.9685039370079 119.05511811023622 27.212598425196852 cardinal

157.60629921259843 1074.0472440944882 70.58267716535433 27.77952755905512 de
192.75590551181102 1074.0472440944882 152.78740157480314 27.77952755905512 Bouillon,
310.1102362204724 1074.0472440944882 58.67716535433071 27.77952755905512 à
333.6377952755906 1074.0472440944882 140.88188976377953 27.77952755905512 Tournus.
439.37007874015745 1074.0472440944882 152.78740157480314 27.77952755905512 Besançon,
556.7244094488188 1074.0472440944882 70.58267716535433 27.77952755905512 15
591.8740157480315 1074.0472440944882 129.25984251968504 27.77952755905512 février
685.9842519685039 1074.0472440944882 105.73228346456693 27.77952755905512 1704.
756.2834645669292 1074.0472440944882 58.67716535433071 27.77952755905512 2
779.8110236220473 1074.0472440944882 70.58267716535433 27.77952755905512 p.
814.9606299212599 1074.0472440944882 93.8267716535433 27.77952755905512 pet.
862.0157480314961 1074.0472440944882 82.20472440944881 27.77952755905512 in

98.07874015748031 1101.259842519685 776.6929133858267 20.976377952755904 Cachet.
663.0236220472441 1101.259842519685 352.9133858267717 20.976377952755904 5
733.6062992125984 1101.259842519685 211.748031496063 20.976377952755904 »

131.5275590551181 1127.9055118110236 89.00787401574803 27.77952755905512 147.
187.08661417322836 1127.9055118110236 222.23622047244095 27.77952755905512 Andrieux,
375.87401574803147 1127.9055118110236 111.11811023622047 27.77952755905512 auteur
453.54330708661416 1127.9055118110236 166.6771653543307 27.77952755905512 dramatique.
587.0551181102362 1127.9055118110236 66.61417322834646 27.77952755905512 Né
620.2204724409448 1127.9055118110236 55.55905511811024 27.77952755905512 à
642.6141732283464 1127.9055118110236 244.3464566929134 27.77952755905512 Strasbourg.
853.511811023622 1127.9055118110236 66.61417322834646 27.77952755905512 L.
875.9055118110236 1127.9055118110236 66.61417322834646 27.77952755905512 aut.

154.20472440944883 1154.5511811023623 129.54330708661416 28.346456692913385 sig.,
240.66141732283464 1154.5511811023623 72.0 28.346456692913385 à
269.29133858267716 1154.5511811023623 86.45669291338582 28.346456692913385 M.
312.66141732283467 1154.5511811023623 158.45669291338584 28.346456692913385 Morlin.
427.748031496063 1154.5511811023623 72.0 28.346456692913385 7
456.66141732283467 1154.5511811023623 158.45669291338584 28.346456692913385 juillet
571.7480314960629 1154.5511811023623 129.54330708661416 28.346456692913385 1813.
657.9212598425197 1154.5511811023623 72.0 28.346456692913385 1
686.8346456692914 1154.5511811023623 86.45669291338582 28.346456692913385 p.
729.9212598425197 1154.5511811023623 100.62992125984252 28.346456692913385 pl.
787.4645669291339 1154.5511811023623 129.54330708661416 28.346456692913385 in-4.
873.9212598425197 1154.5511811023623 72.0 28.346456692913385 3
888.3779527559055 1154.5511811023623 57.54330708661417 28.346456692913385 50

185.95275590551182 1182.3307086614172 119.90551181102362 27.212598425196852 Critique
275.81102362204723 1182.3307086614172 59.811023622047244 27.212598425196852 de
305.5748031496063 1182.3307086614172 70.01574803149606 27.212598425196852 son
345.54330708661416 1182.3307086614172 89.85826771653544 27.212598425196852 opéra
405.6377952755906 1182.3307086614172 89.85826771653544 27.212598425196852 sacré
465.4488188976378 1182.3307086614172 199.55905511811022 27.212598425196852 d'Ismaïl,
635.2440944881889 1182.3307086614172 89.85826771653544 27.212598425196852 qu’il
695.0551181102362 1182.3307086614172 70.01574803149606 27.212598425196852 lui
735.0236220472441 1182.3307086614172 49.889763779527556 27.212598425196852 a
744.9448818897638 1182.3307086614172 89.85826771653544 27.212598425196852 confié.

131.24409448818898 1208.976377952756 83.62204724409449 28.346456692913385 148
179.1496062992126 1208.976377952756 275.244094488189 28.346456692913385 Armentières,
418.3937007874016 1208.976377952756 143.71653543307087 28.346456692913385 maréchal
526.1102362204724 1208.976377952756 71.71653543307086 28.346456692913385 de
561.8267716535433 1208.976377952756 131.5275590551181 28.346456692913385 France.
657.6377952755905 1208.976377952756 71.71653543307086 28.346456692913385 L.
693.6377952755905 1208.976377952756 95.81102362204724 28.346456692913385 aut.
753.4488188976378 1208.976377952756 95.81102362204724 28.346456692913385 sig.
801.0708661417323 1208.976377952756 143.71653543307087 28.346456692913385 Bourbonne,

148.251968503937 1236.1889763779527 122.74015748031496 27.212598425196852 20
209.48031496062993 1236.1889763779527 183.96850393700788 27.212598425196852 sept.
332.2204724409449 1236.1889763779527 183.96850393700788 27.212598425196852 1773.
454.6771653543307 1236.1889763779527 102.33070866141732 27.212598425196852 2
495.7795275590551 1236.1889763779527 122.74015748031496 27.212598425196852 p.
557.007874015748 1236.1889763779527 122.74015748031496 27.212598425196852 et
618.2362204724409 1236.1889763779527 183.96850393700788 27.212598425196852 demie
740.9763779527559 1236.1889763779527 183.96850393700788 27.212598425196852 in-4.
863.7165354330708 1236.1889763779527 102.33070866141732 27.212598425196852 4
884.1259842519685 1236.1889763779527 61.22834645669291 27.212598425196852 »

132.66141732283464 1262.8346456692914 101.76377952755905 27.212598425196852 149.
196.15748031496062 1262.8346456692914 203.5275590551181 27.212598425196852 Assemblée
361.7007874015748 1262.8346456692914 165.25984251968504 27.212598425196852 nationale
488.6929133858268 1262.8346456692914 76.25196850393701 27.212598425196852 de
526.9606299212599 1262.8346456692914 165.25984251968504 27.212598425196852 1789.
653.9527559055118 1262.8346456692914 139.748031496063 27.212598425196852 Extrait
755.7165354330708 1262.8346456692914 76.25196850393701 27.212598425196852 du
781.2283464566929 1262.8346456692914 165.25984251968504 27.212598425196852 procès

157.3228346456693 1290.0472440944882 83.62204724409449 26.078740157480315 bal
205.22834645669292 1290.0472440944882 71.71653543307086 26.078740157480315 de
240.9448818897638 1290.0472440944882 71.71653543307086 26.078740157480315 la
276.9448818897638 1290.0472440944882 119.62204724409449 26.078740157480315 séance
360.56692913385825 1290.0472440944882 71.71653543307086 26.078740157480315 du
396.56692913385825 1290.0472440944882 71.71653543307086 26.078740157480315 22
432.2834645669291 1290.0472440944882 95.5275590551181 26.078740157480315 juin
492.09448818897636 1290.0472440944882 107.71653543307086 26.078740157480315 1791.
563.8110236220473 1290.0472440944882 179.43307086614172 26.078740157480315 L’assemblée
707.2440944881889 1290.0472440944882 155.33858267716536 26.078740157480315 nationale
826.8661417322835 1290.0472440944882 59.811023622047244 26.078740157480315 a
838.7716535433071 1290.0472440944882 107.71653543307086 26.078740157480315 décrété

157.03937007874015 1317.259842519685 104.31496062992126 27.212598425196852 qu’il
226.48818897637796 1317.259842519685 92.69291338582677 27.212598425196852 sera
284.59842519685037 1317.259842519685 104.31496062992126 27.212598425196852 donné
354.0472440944882 1317.259842519685 81.07086614173228 27.212598425196852 des
400.53543307086613 1317.259842519685 115.93700787401575 27.212598425196852 ordres
481.6062992125984 1317.259842519685 197.00787401574803 27.212598425196852 sur-le-champ,
644.0314960629921 1317.259842519685 92.69291338582677 27.212598425196852 soit
701.8582677165355 1317.259842519685 57.826771653543304 27.212598425196852 à
725.1023622047244 1317.259842519685 69.44881889763779 27.212598425196852 la
759.9685039370079 1317.259842519685 115.93700787401575 27.212598425196852 poste,
841.0393700787401 1317.259842519685 92.69291338582677 27.212598425196852 soit
887.5275590551181 1317.259842519685 57.826771653543304 27.212598425196852 aux

158.74015748031496 1344.4724409448818 164.69291338582678 27.212598425196852 barrières,
288.0 1344.4724409448818 94.11023622047244 27.212598425196852 pour
346.6771653543307 1344.4724409448818 82.20472440944881 27.212598425196852 que
393.73228346456693 1344.4724409448818 141.16535433070865 27.212598425196852 personne
499.748031496063 1344.4724409448818 70.58267716535433 27.212598425196852 ne
534.8976377952756 1344.4724409448818 105.73228346456693 27.212598425196852 sorte
605.4803149606299 1344.4724409448818 70.58267716535433 27.212598425196852 de
640.6299212598425 1344.4724409448818 70.58267716535433 27.212598425196852 la
676.0629921259842 1344.4724409448818 105.73228346456693 27.212598425196852 ville
746.6456692913385 1344.4724409448818 94.11023622047244 27.212598425196852 sans
805.3228346456693 1344.4724409448818 82.20472440944881 27.212598425196852 une
840.7559055118111 1344.4724409448818 105.73228346456693 27.212598425196852 permis-

159.0236220472441 1371.1181102362204 81.07086614173228 27.77952755905512 sion
209.76377952755905 1371.1181102362204 70.86614173228347 27.77952755905512 par
250.29921259842519 1371.1181102362204 101.19685039370079 27.77952755905512 écrit,
320.88188976377955 1371.1181102362204 81.07086614173228 27.77952755905512 etc.
371.62204724409446 1371.1181102362204 90.99212598425197 27.77952755905512 Signé
432.2834645669291 1371.1181102362204 141.73228346456693 27.77952755905512 Dauchy,
543.4015748031496 1371.1181102362204 111.4015748031496 27.77952755905512 Grenot,
624.4724409448819 1371.1181102362204 90.99212598425197 27.77952755905512 Merle
685.1338582677165 1371.1181102362204 60.661417322834644 27.77952755905512 et
705.2598425196851 1371.1181102362204 242.9291338582677 27.77952755905512 Pinteville

147.11811023622047 1397.763779527559 342.1417322834646 27.212598425196852 non.
420.66141732283467 1397.763779527559 113.95275590551181 27.212598425196852 1
466.2992125984252 1397.763779527559 136.91338582677164 27.212598425196852 p.
534.8976377952756 1397.763779527559 205.22834645669292 27.212598425196852 in-8.
671.5275590551181 1397.763779527559 250.86614173228347 27.212598425196852 Cachet.
854.0787401574803 1397.763779527559 113.95275590551181 27.212598425196852 6
877.0393700787401 1397.763779527559 68.31496062992126 27.212598425196852 »

133.22834645669292 1424.4094488188975 97.22834645669292 31.748031496062993 150.
193.88976377952756 1424.4094488188975 182.26771653543307 31.748031496062993 Ateliers
339.87401574803147 1424.4094488188975 133.51181102362204 31.748031496062993 publics
436.81889763779526 1424.4094488188975 72.85039370078741 31.748031496062993 de
473.38582677165357 1424.4094488188975 194.45669291338584 31.748031496062993 Chaillot
631.2755905511812 1424.4094488188975 85.03937007874016 31.748031496062993 (L.
679.7480314960629 1424.4094488188975 85.03937007874016 31.748031496062993 sig
728.503937007874 1424.4094488188975 85.03937007874016 31.748031496062993 des
764.7874015748032 1424.4094488188975 182.26771653543307 31.748031496062993 représentants

157.88976377952756 1452.1889763779527 70.58267716535433 27.77952755905512 de
193.3228346456693 1452.1889763779527 70.58267716535433 27.77952755905512 la
228.75590551181102 1452.1889763779527 129.54330708661416 27.77952755905512 commune
322.86614173228344 1452.1889763779527 70.58267716535433 27.77952755905512 et
358.2992125984252 1452.1889763779527 70.58267716535433 27.77952755905512 du
393.73228346456693 1452.1889763779527 117.92125984251969 27.77952755905512 comité
476.2204724409449 1452.1889763779527 106.01574803149606 27.77952755905512 des),
546.8031496062993 1452.1889763779527 94.39370078740157 27.77952755905512 sig.
605.7637795275591 1452.1889763779527 164.9763779527559 27.77952755905512 Menessier,
735.5905511811023 1452.1889763779527 164.9763779527559 27.77952755905512 Cellérier,
853.2283464566929 1452.1889763779527 94.39370078740157 27.77952755905512 Lasse-

156.75590551181102 1479.4015748031495 100.06299212598425 27.77952755905512 ray,
219.4015748031496 1479.4015748031495 175.1811023622047 27.77952755905512 Duperraux,
356.88188976377955 1479.4015748031495 137.76377952755905 27.77952755905512 Trudon.
457.2283464566929 1479.4015748031495 125.29133858267717 27.77952755905512 Paris,
544.8188976377953 1479.4015748031495 75.11811023622047 27.77952755905512 21
582.2362204724409 1479.4015748031495 112.53543307086615 27.77952755905512 sept.
657.3543307086615 1479.4015748031495 112.53543307086615 27.77952755905512 1789.
732.4724409448819 1479.4015748031495 62.645669291338585 27.77952755905512 3
757.7007874015748 1479.4015748031495 75.11811023622047 27.77952755905512 p.
795.1181102362204 1479.4015748031495 137.76377952755905 27.77952755905512 in-fol.
895.1811023622047 1479.4015748031495 62.645669291338585 27.77952755905512 4
907.9370078740158 1479.4015748031495 37.41732283464567 27.77952755905512 »

131.24409448818898 1505.4803149606298 94.67716535433071 27.212598425196852 151.
190.48818897637796 1505.4803149606298 212.88188976377953 27.212598425196852 Athenas
367.65354330708664 1505.4803149606298 130.11023622047244 27.212598425196852 (P.-L),
462.3307086614173 1505.4803149606298 153.63779527559055 27.212598425196852 directeur
580.5354330708661 1505.4803149606298 70.86614173228347 27.212598425196852 de
615.9685039370079 1505.4803149606298 70.86614173228347 27.212598425196852 la
651.4015748031496 1505.4803149606298 130.11023622047244 27.212598425196852 Monnaie
746.0787401574803 1505.4803149606298 70.86614173228347 27.212598425196852 de
781.511811023622 1505.4803149606298 130.11023622047244 27.212598425196852 Nantes,
864.2834645669292 1505.4803149606298 82.77165354330708 27.212598425196852 anti-

156.4724409448819 1532.6929133858268 147.11811023622047 28.346456692913385 quaire.
263.33858267716533 1532.6929133858268 80.22047244094489 28.346456692913385 L.
303.59055118110234 1532.6929133858268 107.14960629921259 28.346456692913385 aut.
370.48818897637796 1532.6929133858268 107.14960629921259 28.346456692913385 sig.
437.38582677165357 1532.6929133858268 147.11811023622047 28.346456692913385 Nantes,
544.5354330708661 1532.6929133858268 66.89763779527559 28.346456692913385 9
571.1811023622047 1532.6929133858268 147.11811023622047 28.346456692913385 janvier
678.3307086614174 1532.6929133858268 120.4724409448819 28.346456692913385 1819.
758.5511811023622 1532.6929133858268 66.89763779527559 28.346456692913385 1
785.4803149606299 1532.6929133858268 66.89763779527559 28.346456692913385 p
812.1259842519685 1532.6929133858268 120.4724409448819 28.346456692913385 in-4.
892.3464566929134 1532.6929133858268 66.89763779527559 28.346456692913385 2
905.6692913385826 1532.6929133858268 40.25196850393701 28.346456692913385 »

133.79527559055117 1559.9055118110236 84.4724409448819 28.346456692913385 152.
186.51968503937007 1559.9055118110236 200.9763779527559 28.346456692913385 Augereau
355.748031496063 1559.9055118110236 73.98425196850394 28.346456692913385 (le
397.98425196850394 1559.9055118110236 147.96850393700788 28.346456692913385 maréchal),
514.2047244094488 1559.9055118110236 73.98425196850394 28.346456692913385 duc
556.4409448818898 1559.9055118110236 63.496062992125985 28.346456692913385 de
588.1889763779527 1559.9055118110236 169.22834645669292 28.346456692913385 Castiglione.
725.6692913385826 1559.9055118110236 63.496062992125985 28.346456692913385 L.
757.4173228346457 1559.9055118110236 84.4724409448819 28.346456692913385 sig.
799.6535433070866 1559.9055118110236 147.96850393700788 28.346456692913385 Auge

159.8740157480315 1581.4488188976377 130.96062992125985 33.44881889763779 reau,
258.23622047244095 1581.4488188976377 76.53543307086615 33.44881889763779 duc
301.8897637795276 1581.4488188976377 65.48031496062993 33.44881889763779 de
334.7716535433071 1581.4488188976377 218.5511811023622 33.44881889763779 Casliglione.
520.4409448818898 1581.4488188976377 152.78740157480314 33.44881889763779 Wurzbourg,
640.6299212598425 1581.4488188976377 65.48031496062993 33.44881889763779 le
673.511811023622 1581.4488188976377 54.70866141732284 33.44881889763779 5
695.3385826771654 1581.4488188976377 130.96062992125985 33.44881889763779 juillet.
793.7007874015748 1581.4488188976377 54.70866141732284 33.44881889763779 1
815.5275590551181 1581.4488188976377 65.48031496062993 33.44881889763779 p.
848.1259842519685 1581.4488188976377 65.48031496062993 33.44881889763779 et
869.9527559055118 1581.4488188976377 76.53543307086615 33.44881889763779 demie

93.25984251968504 1613.763779527559 699.0236220472441 21.543307086614174 in-4.
559.2755905511812 1613.763779527559 388.34645669291336 21.543307086614174 2
636.9448818897638 1613.763779527559 310.6771653543307 21.543307086614174 50

137.48031496062993 1640.976377952756 80.50393700787401 27.77952755905512 153.
187.93700787401573 1640.976377952756 171.21259842519686 27.77952755905512 Azaïs,
329.1023622047244 1640.976377952756 151.08661417322836 27.77952755905512 philosophe,
449.8582677165354 1640.976377952756 100.62992125984252 27.77952755905512 auteur
520.4409448818898 1640.976377952756 60.37795275590551 27.77952755905512 du
550.7716535433071 1640.976377952756 141.16535433070865 27.77952755905512 Système
661.6062992125984 1640.976377952756 70.58267716535433 27.77952755905512 des
701.8582677165355 1640.976377952756 221.66929133858267 27.77952755905512 compensations,
883.2755905511812 1640.976377952756 60.37795275590551 27.77952755905512 etc.

160.44094488188978 1667.6220472440946 62.07874015748032 28.346456692913385 Né
191.6220472440945 1667.6220472440946 51.874015748031496 28.346456692913385 à
212.31496062992127 1667.6220472440946 176.03149606299212 28.346456692913385 Sorèze
357.1653543307087 1667.6220472440946 113.95275590551181 28.346456692913385 (Tarn).
439.93700787401576 1667.6220472440946 62.07874015748032 28.346456692913385 L.
471.11811023622045 1667.6220472440946 62.07874015748032 28.346456692913385 a.
502.01574803149606 1667.6220472440946 62.07874015748032 28.346456692913385 s.
533.1968503937007 1667.6220472440946 144.8503937007874 28.346456692913385 Saint-Cyr,
646.8661417322835 1667.6220472440946 62.07874015748032 28.346456692913385 24
678.0472440944882 1667.6220472440946 72.56692913385827 28.346456692913385 mai
719.4330708661417 1667.6220472440946 93.25984251968504 28.346456692913385 1808.
781.511811023622 1667.6220472440946 51.874015748031496 28.346456692913385 4
802.2047244094488 1667.6220472440946 72.56692913385827 28.346456692913385 pl.
843.5905511811023 1667.6220472440946 93.25984251968504 28.346456692913385 in-4.
905.6692913385826 1667.6220472440946 51.874015748031496 28.346456692913385 4
915.8740157480315 1667.6220472440946 31.181102362204726 28.346456692913385 »

188.78740157480314 1695.4015748031495 88.15748031496064 27.212598425196852 Belle
247.748031496063 1695.4015748031495 107.71653543307086 27.212598425196852 lettre,
325.98425196850394 1695.4015748031495 88.15748031496064 27.212598425196852 toute
384.66141732283467 1695.4015748031495 117.35433070866142 27.212598425196852 relative
472.81889763779526 1695.4015748031495 49.039370078740156 27.212598425196852 à
492.37795275590554 1695.4015748031495 68.5984251968504 27.212598425196852 son
531.496062992126 1695.4015748031495 136.91338582677164 27.212598425196852 Système
629.2913385826772 1695.4015748031495 156.75590551181102 27.212598425196852 universel.
