1209.5433070866143 2055.1181102362207
456.66141732283467 179.1496062992126 100.62992125984252 22.11023622047244 —
496.9133858267717 179.1496062992126 120.75590551181102 22.11023622047244 29
537.1653543307086 179.1496062992126 60.37795275590551 22.11023622047244 —

118.48818897637796 226.48818897637796 81.63779527559055 29.480314960629922 332.
169.51181102362204 226.48818897637796 183.68503937007873 29.480314960629922 Mortier
322.5826771653543 226.48818897637796 71.43307086614173 29.480314960629922 (le
363.40157480314963 226.48818897637796 142.86614173228347 29.480314960629922 maréchal),
475.65354330708664 226.48818897637796 71.43307086614173 29.480314960629922 duc
516.4724409448819 226.48818897637796 61.22834645669291 29.480314960629922 de
546.8031496062993 226.48818897637796 122.45669291338582 29.480314960629922 Trévise.
638.6456692913385 226.48818897637796 61.22834645669291 29.480314960629922 Né
669.2598425196851 226.48818897637796 51.023622047244096 29.480314960629922 à
689.6692913385826 226.48818897637796 193.88976377952756 29.480314960629922 Cambrai.
852.9448818897638 226.48818897637796 61.22834645669291 29.480314960629922 L.
873.3543307086615 226.48818897637796 61.22834645669291 29.480314960629922 aut.

144.28346456692913 253.13385826771653 111.11811023622047 32.31496062992126 sig.,
218.5511811023622 253.13385826771653 73.98425196850394 32.31496062992126 au
255.4015748031496 253.13385826771653 98.64566929133858 32.31496062992126 chef
317.1968503937008 253.13385826771653 73.98425196850394 32.31496062992126 de
354.3307086614173 253.13385826771653 160.44094488188978 32.31496062992126 bataillon
477.6377952755906 253.13385826771653 185.10236220472441 32.31496062992126 Lahoussaye.
625.8897637795276 253.13385826771653 123.59055118110236 32.31496062992126 Paris,
712.3464566929134 253.13385826771653 73.98425196850394 32.31496062992126 11
749.4803149606299 253.13385826771653 148.251968503937 32.31496062992126 frimaire
860.5984251968504 253.13385826771653 73.98425196850394 32.31496062992126 an
885.2598425196851 253.13385826771653 49.32283464566929 32.31496062992126 X.

121.88976377952756 280.34645669291336 162.70866141732284 31.181102362204726 2
187.08661417322836 280.34645669291336 195.30708661417322 31.181102362204726 p.
284.59842519685037 280.34645669291336 195.30708661417322 31.181102362204726 et
382.1102362204724 280.34645669291336 325.4173228346457 31.181102362204726 demie,
610.0157480314961 280.34645669291336 292.81889763779526 31.181102362204726 in-8.
805.0393700787401 280.34645669291336 162.70866141732284 31.181102362204726 3
837.6377952755905 280.34645669291336 97.51181102362204 31.181102362204726 »

116.50393700787401 306.99212598425197 83.33858267716535 31.748031496062993 333
164.1259842519685 306.99212598425197 202.39370078740157 31.748031496062993 Muller
330.8031496062992 306.99212598425197 107.14960629921259 31.748031496062993 (Jean
402.23622047244095 306.99212598425197 95.24409448818898 31.748031496062993 de),
461.76377952755905 306.99212598425197 166.6771653543307 31.748031496062993 historien.
592.4409448818898 306.99212598425197 166.6771653543307 31.748031496062993 Ampliation
723.4015748031496 306.99212598425197 130.96062992125985 31.748031496062993 signée,
818.6456692913385 306.99212598425197 107.14960629921259 31.748031496062993 comme
878.1732283464567 306.99212598425197 59.52755905511811 31.748031496062993 mi-

145.13385826771653 334.7716535433071 117.92125984251969 30.04724409448819 nistre
227.90551181102362 334.7716535433071 117.92125984251969 30.04724409448819 d’Etat
310.3937007874016 334.7716535433071 70.86614173228347 30.04724409448819 de
345.8267716535433 334.7716535433071 117.92125984251969 30.04724409448819 Jérôme
428.59842519685037 334.7716535433071 165.25984251968504 30.04724409448819 Bonaparte,
558.4251968503937 334.7716535433071 82.48818897637796 30.04724409448819 roi
605.4803149606299 334.7716535433071 70.86614173228347 30.04724409448819 de
640.9133858267717 334.7716535433071 177.16535433070865 30.04724409448819 Westphalie,
782.6456692913385 334.7716535433071 70.86614173228347 30.04724409448819 de
818.0787401574803 334.7716535433071 70.86614173228347 30.04724409448819 la
841.6062992125984 334.7716535433071 94.39370078740157 30.04724409448819 lettre

144.28346456692913 361.98425196850394 85.32283464566929 31.181102362204726 par
193.03937007874015 361.98425196850394 146.5511811023622 31.181102362204726 laquelle
303.0236220472441 361.98425196850394 73.13385826771653 31.181102362204726 le
339.59055118110234 361.98425196850394 85.32283464566929 31.181102362204726 roi
388.34645669291336 361.98425196850394 134.36220472440945 31.181102362204726 annonce
485.8582677165354 361.98425196850394 85.32283464566929 31.181102362204726 que
534.6141732283464 361.98425196850394 73.13385826771653 31.181102362204726 la
571.4645669291339 361.98425196850394 121.88976377952756 31.181102362204726 divine
656.7874015748032 361.98425196850394 170.9291338582677 31.181102362204726 Providence
790.8661417322835 361.98425196850394 73.13385826771653 31.181102362204726 et
827.7165354330708 361.98425196850394 85.32283464566929 31.181102362204726 les
864.2834645669292 361.98425196850394 73.13385826771653 31.181102362204726 con-

145.41732283464566 389.76377952755905 169.51181102362204 30.04724409448819 stitutions,
280.9133858267717 389.76377952755905 101.76377952755905 30.04724409448819 ayant
348.9448818897638 389.76377952755905 90.4251968503937 30.04724409448819 fixé
405.3543307086614 389.76377952755905 79.08661417322834 30.04724409448819 sur
450.4251968503937 389.76377952755905 67.74803149606299 30.04724409448819 sa
484.4409448818898 389.76377952755905 90.4251968503937 30.04724409448819 tête
540.8503937007874 389.76377952755905 67.74803149606299 30.04724409448819 la
574.8661417322835 389.76377952755905 135.49606299212599 30.04724409448819 couronne
676.3464566929134 389.76377952755905 169.51181102362204 30.04724409448819 héréditaire
812.1259842519685 389.76377952755905 67.74803149606299 30.04724409448819 du
834.5196850393701 389.76377952755905 101.76377952755905 30.04724409448819 royaume

145.70078740157481 415.84251968503935 66.61417322834646 32.31496062992126 de
178.86614173228347 415.84251968503935 166.6771653543307 32.31496062992126 Westphalie,
312.37795275590554 415.84251968503935 111.11811023622047 32.31496062992126 établi
390.3307086614173 415.84251968503935 77.95275590551181 32.31496062992126 par
434.8346456692913 415.84251968503935 66.61417322834646 32.31496062992126 le
468.0 415.84251968503935 111.11811023622047 32.31496062992126 traité
545.9527559055118 415.84251968503935 66.61417322834646 32.31496062992126 de
579.4015748031496 415.84251968503935 89.00787401574803 32.31496062992126 paix
634.9606299212599 415.84251968503935 66.61417322834646 32.31496062992126 de
668.4094488188977 415.84251968503935 133.51181102362204 32.31496062992126 Tilsitt,
768.4724409448819 415.84251968503935 66.61417322834646 32.31496062992126 il
801.6377952755905 415.84251968503935 100.06299212598425 32.31496062992126 s’est
857.1968503937007 415.84251968503935 77.95275590551181 32.31496062992126 rendu

144.8503937007874 443.0551181102362 60.09448818897638 31.181102362204726 à
168.66141732283464 443.0551181102362 72.0 31.181102362204726 sa
204.9448818897638 443.0551181102362 156.18897637795277 31.181102362204726 résidence
324.8503937007874 443.0551181102362 120.18897637795276 31.181102362204726 royale
409.03937007874015 443.0551181102362 72.0 31.181102362204726 de
445.03937007874015 443.0551181102362 132.09448818897638 31.181102362204726 Cassel,
541.1338582677165 443.0551181102362 72.0 31.181102362204726 où
577.1338582677165 443.0551181102362 72.0 31.181102362204726 il
613.4173228346457 443.0551181102362 60.09448818897638 31.181102362204726 a
637.2283464566929 443.0551181102362 96.09448818897638 31.181102362204726 pris
697.3228346456693 443.0551181102362 216.28346456692913 31.181102362204726 solennellement
865.7007874015748 443.0551181102362 72.0 31.181102362204726 pos-

145.98425196850394 469.7007874015748 122.45669291338582 31.181102362204726 session
234.99212598425197 469.7007874015748 66.89763779527559 31.181102362204726 de
268.4409448818898 469.7007874015748 77.95275590551181 31.181102362204726 ses
312.9448818897638 469.7007874015748 111.4015748031496 31.181102362204726 Etats,
390.61417322834643 469.7007874015748 66.89763779527559 31.181102362204726 et
424.06299212598424 469.7007874015748 89.00787401574803 31.181102362204726 reçu
479.62204724409446 469.7007874015748 66.89763779527559 31.181102362204726 le
513.0708661417323 469.7007874015748 122.45669291338582 31.181102362204726 serment
602.0787401574803 469.7007874015748 66.89763779527559 31.181102362204726 de
635.5275590551181 469.7007874015748 133.51181102362204 31.181102362204726 fidélité
735.5905511811023 469.7007874015748 66.89763779527559 31.181102362204726 de
769.0393700787401 469.7007874015748 77.95275590551181 31.181102362204726 ses
802.488188976378 469.7007874015748 133.51181102362204 31.181102362204726 peuples...

142.29921259842519 497.4803149606299 156.18897637795277 31.181102362204726 Cassel,
255.96850393700788 497.4803149606299 70.86614173228347 31.181102362204726 2
284.31496062992125 497.4803149606299 156.18897637795277 31.181102362204726 janvier
397.98425196850394 497.4803149606299 127.84251968503936 31.181102362204726 1808.
483.0236220472441 497.4803149606299 142.01574803149606 31.181102362204726 Grande
582.5196850393701 497.4803149606299 113.66929133858268 31.181102362204726 page
653.3858267716536 497.4803149606299 142.01574803149606 31.181102362204726 double
752.8818897637796 497.4803149606299 156.18897637795277 31.181102362204726 in-fol.
866.5511811023622 497.4803149606299 70.86614173228347 31.181102362204726 7
880.7244094488188 497.4803149606299 56.69291338582677 31.181102362204726 50

120.4724409448819 524.6929133858267 72.0 31.181102362204726 333
161.5748031496063 524.6929133858267 154.48818897637796 31.181102362204726 bis.
285.1653543307087 524.6929133858267 144.0 31.181102362204726 Ney
398.26771653543307 524.6929133858267 133.79527559055117 31.181102362204726 (Michel),
501.1653543307087 524.6929133858267 102.89763779527559 31.181102362204726 prince
573.1653543307086 524.6929133858267 61.79527559055118 31.181102362204726 de
604.0629921259842 524.6929133858267 61.79527559055118 31.181102362204726 la
634.9606299212599 524.6929133858267 123.59055118110236 31.181102362204726 Moskowa,
727.6535433070866 524.6929133858267 123.59055118110236 31.181102362204726 maréchal
820.3464566929134 524.6929133858267 61.79527559055118 31.181102362204726 de
840.7559055118111 524.6929133858267 92.69291338582677 31.181102362204726 France.

147.11811023622047 551.9055118110236 119.62204724409449 30.330708661417322 Minute
230.74015748031496 551.9055118110236 95.81102362204724 30.330708661417322 aut.
290.5511811023622 551.9055118110236 71.71653543307086 30.330708661417322 de
326.5511811023622 551.9055118110236 155.6220472440945 30.330708661417322 plusieurs
446.1732283464567 551.9055118110236 119.62204724409449 30.330708661417322 ordres
530.0787401574803 551.9055118110236 71.71653543307086 30.330708661417322 et
565.7952755905512 551.9055118110236 131.5275590551181 30.330708661417322 lettres
661.6062992125984 551.9055118110236 119.62204724409449 30.330708661417322 écrits
745.511811023622 551.9055118110236 83.90551181102362 30.330708661417322 sur
793.1338582677165 551.9055118110236 71.71653543307086 30.330708661417322 le
829.1338582677165 551.9055118110236 107.71653543307086 30.330708661417322 champ
888.9448818897638 551.9055118110236 47.90551181102362 30.330708661417322 de

136.3464566929134 578.5511811023622 289.13385826771656 31.748031496062993 bataille.
358.5826771653543 578.5511811023622 111.11811023622047 31.748031496062993 1
403.0866141732283 578.5511811023622 155.6220472440945 31.748031496062993 gr.
492.09448818897636 578.5511811023622 133.51181102362204 31.748031496062993 p.
558.992125984252 578.5511811023622 155.6220472440945 31.748031496062993 pl.
648.0 578.5511811023622 244.62992125984252 31.748031496062993 in-fol.
826.0157480314961 578.5511811023622 133.51181102362204 31.748031496062993 12
870.5196850393701 578.5511811023622 66.61417322834646 31.748031496062993 »

119.62204724409449 606.3307086614174 90.99212598425197 31.181102362204726 334.
176.31496062992127 606.3307086614174 170.64566929133858 31.181102362204726 Ney,
312.9448818897638 606.3307086614174 113.66929133858268 31.181102362204726 prince
392.59842519685037 606.3307086614174 68.31496062992126 31.181102362204726 de
426.61417322834643 606.3307086614174 68.31496062992126 31.181102362204726 la
460.62992125984255 606.3307086614174 136.3464566929134 31.181102362204726 Moscowa,
562.9606299212599 606.3307086614174 90.99212598425197 31.181102362204726 fils
619.9370078740158 606.3307086614174 68.31496062992126 31.181102362204726 du
653.9527559055118 606.3307086614174 147.68503937007873 31.181102362204726 maréchal;
767.6220472440945 606.3307086614174 68.31496062992126 31.181102362204726 il
801.9212598425197 606.3307086614174 56.976377952755904 31.181102362204726 a
824.5984251968504 606.3307086614174 113.66929133858268 31.181102362204726 épousé
892.9133858267717 606.3307086614174 45.354330708661415 31.181102362204726 la

147.96850393700788 633.5433070866142 92.1259842519685 31.181102362204726 fille
209.48031496062993 633.5433070866142 61.511811023622045 31.181102362204726 de
240.09448818897638 633.5433070866142 133.22834645669292 31.181102362204726 Laffitte.
342.70866141732284 633.5433070866142 102.33070866141732 31.181102362204726 Auteur
414.4251968503937 633.5433070866142 61.511811023622045 31.181102362204726 de
445.03937007874015 633.5433070866142 61.511811023622045 31.181102362204726 la
475.65354330708664 633.5433070866142 112.81889763779527 31.181102362204726 musique
557.8582677165355 633.5433070866142 61.511811023622045 31.181102362204726 du
588.4724409448819 633.5433070866142 235.55905511811022 31.181102362204726 Cent-Suisse.
793.4173228346457 633.5433070866142 61.511811023622045 31.181102362204726 L.
824.0314960629921 633.5433070866142 81.92125984251969 31.181102362204726 aut.
865.1338582677165 633.5433070866142 71.71653543307086 31.181102362204726 sig.,

138.61417322834646 660.7559055118111 102.33070866141732 30.04724409448819 à
179.43307086614172 660.7559055118111 123.02362204724409 30.04724409448819 M.
240.9448818897638 660.7559055118111 286.86614173228344 30.04724409448819 Zimmennan.
466.2992125984252 660.7559055118111 102.33070866141732 30.04724409448819 1
507.11811023622045 660.7559055118111 123.02362204724409 30.04724409448819 p.
568.6299212598425 660.7559055118111 184.251968503937 30.04724409448819 in-8.
691.6535433070866 660.7559055118111 225.35433070866142 30.04724409448819 Cachet.
855.496062992126 660.7559055118111 102.33070866141732 30.04724409448819 3
875.9055118110236 660.7559055118111 61.511811023622045 30.04724409448819 »

120.18897637795276 687.9685039370079 88.44094488188976 30.614173228346456 335.
175.46456692913387 687.9685039370079 187.93700787401573 30.614173228346456 Orloff
330.23622047244095 687.9685039370079 77.38582677165354 30.614173228346456 (le
374.45669291338584 687.9685039370079 121.60629921259843 30.614173228346456 comte),
462.8976377952756 687.9685039370079 132.66141732283464 30.614173228346456 ministre
562.6771653543307 687.9685039370079 221.10236220472441 30.614173228346456 plénipotentiaire
750.6141732283464 687.9685039370079 99.49606299212599 30.614173228346456 russe
816.9448818897638 687.9685039370079 66.33070866141732 30.614173228346456 au
839.0551181102362 687.9685039370079 99.49606299212599 30.614173228346456 congrès

145.13385826771653 715.1811023622047 76.25196850393701 31.748031496062993 de
183.4015748031496 715.1811023622047 127.2755905511811 31.748031496062993 Paris.
272.40944881889766 715.1811023622047 76.25196850393701 31.748031496062993 L.
310.3937007874016 715.1811023622047 101.76377952755905 31.748031496062993 aut.
374.1732283464567 715.1811023622047 114.51968503937007 31.748031496062993 sig.,
450.4251968503937 715.1811023622047 63.496062992125985 31.748031496062993 à
475.93700787401576 715.1811023622047 76.25196850393701 31.748031496062993 M.
513.9212598425197 715.1811023622047 165.25984251968504 31.748031496062993 Paschoud.
641.1968503937007 715.1811023622047 152.50393700787401 31.748031496062993 Barèges,
755.7165354330708 715.1811023622047 76.25196850393701 31.748031496062993 20
793.7007874015748 715.1811023622047 101.76377952755905 31.748031496062993 août
844.7244094488188 715.1811023622047 89.00787401574803 31.748031496062993 1822.

124.44094488188976 742.3937007874016 176.88188976377953 30.89763779527559 1
195.30708661417322 742.3937007874016 247.46456692913387 30.89763779527559 gr.
336.755905511811 742.3937007874016 212.03149606299212 30.89763779527559 p.
442.7716535433071 742.3937007874016 247.46456692913387 30.89763779527559 pl.
584.2204724409448 742.3937007874016 318.3307086614173 30.89763779527559 in-4.
796.2519685039371 742.3937007874016 176.88188976377953 30.89763779527559 6
831.6850393700787 742.3937007874016 106.01574803149606 30.89763779527559 »

122.45669291338582 768.4724409448819 62.92913385826772 31.748031496062993 335
158.45669291338584 768.4724409448819 134.64566929133858 31.748031496062993 bis.
266.1732283464567 768.4724409448819 143.43307086614172 31.748031496062993 Oudin
382.6771653543307 768.4724409448819 134.64566929133858 31.748031496062993 (François),
490.3937007874016 768.4724409448819 107.71653543307086 31.748031496062993 jésuite,
571.1811023622047 768.4724409448819 143.43307086614172 31.748031496062993 littérateur.
687.9685039370079 768.4724409448819 53.85826771653543 31.748031496062993 Né
714.8976377952756 768.4724409448819 44.78740157480315 31.748031496062993 à
732.7559055118111 768.4724409448819 161.5748031496063 31.748031496062993 Vignory
858.3307086614174 768.4724409448819 80.78740157480316 31.748031496062993 (Haute-

148.53543307086613 796.2519685039371 132.9448818897638 32.031496062992126 Marne).
245.48031496062993 796.2519685039371 72.56692913385827 32.031496062992126 L.
281.76377952755905 796.2519685039371 96.66141732283465 32.031496062992126 aut.
342.1417322834646 796.2519685039371 108.85039370078741 32.031496062992126 sig.,
414.70866141732284 796.2519685039371 72.56692913385827 32.031496062992126 au
450.99212598425197 796.2519685039371 96.66141732283465 32.031496062992126 père
511.37007874015745 796.2519685039371 145.13385826771653 32.031496062992126 Nicéron.
620.2204724409448 796.2519685039371 121.03937007874016 32.031496062992126 Dijon,
704.9763779527559 796.2519685039371 72.56692913385827 32.031496062992126 19
741.2598425196851 796.2519685039371 96.66141732283465 32.031496062992126 août
801.6377952755905 796.2519685039371 108.85039370078741 32.031496062992126 1737.
874.2047244094488 796.2519685039371 60.37795275590551 32.031496062992126 1
886.1102362204724 796.2519685039371 48.47244094488189 32.031496062992126 p.

132.3779527559055 822.8976377952756 194.74015748031496 31.46456692913386 pl.
243.49606299212599 822.8976377952756 250.29921259842519 31.46456692913386 in-8.
410.45669291338584 822.8976377952756 250.29921259842519 31.46456692913386 Jolie
577.1338582677165 822.8976377952756 305.8582677165354 31.46456692913386 lettre.
799.6535433070866 822.8976377952756 138.89763779527559 31.46456692913386 6
827.4330708661417 822.8976377952756 111.11811023622047 31.46456692913386 50

174.61417322834646 852.3779527559055 161.85826771653544 29.763779527559056 Littéraire
301.8897637795276 852.3779527559055 69.44881889763779 29.763779527559056 et
336.4724409448819 852.3779527559055 231.30708661417322 29.763779527559056 bibliographique.
521.5748031496063 852.3779527559055 173.48031496062993 29.763779527559056 Intéressante.

122.1732283464567 877.3228346456693 85.03937007874016 32.31496062992126 336.
175.1811023622047 877.3228346456693 159.59055118110237 32.31496062992126 Oudinot,
302.74015748031496 877.3228346456693 117.07086614173228 32.31496062992126 duc
387.7795275590551 877.3228346456693 63.77952755905512 32.31496062992126 de
419.81102362204723 877.3228346456693 117.07086614173228 32.31496062992126 Reggio,
504.8503937007874 877.3228346456693 127.55905511811024 32.31496062992126 maréchal
600.3779527559055 877.3228346456693 63.77952755905512 32.31496062992126 de
632.4094488188977 877.3228346456693 117.07086614173228 32.31496062992126 France.
717.4488188976378 877.3228346456693 63.77952755905512 32.31496062992126 Né
749.1968503937007 877.3228346456693 53.29133858267716 32.31496062992126 à
759.9685039370079 877.3228346456693 180.8503937007874 32.31496062992126 Bar

147.11811023622047 904.5354330708661 237.82677165354332 32.031496062992126 Ornain.
345.54330708661416 904.5354330708661 79.37007874015748 32.031496062992126 L.
385.2283464566929 904.5354330708661 105.73228346456693 32.031496062992126 aut.
451.2755905511811 904.5354330708661 105.73228346456693 32.031496062992126 sig.
517.3228346456693 904.5354330708661 158.74015748031496 32.031496062992126 Bareuth,
636.3779527559055 904.5354330708661 79.37007874015748 32.031496062992126 21
675.7795275590552 904.5354330708661 158.74015748031496 32.031496062992126 novembre
794.8346456692914 904.5354330708661 119.05511811023622 32.031496062992126 1808.
874.2047244094488 904.5354330708661 66.04724409448819 32.031496062992126 2
887.2440944881889 904.5354330708661 53.00787401574803 32.031496062992126 25

122.1732283464567 931.7480314960629 87.30708661417323 30.614173228346456 337.
176.5984251968504 931.7480314960629 174.61417322834646 30.614173228346456 Paris
318.3307086614173 931.7480314960629 163.55905511811022 30.614173228346456 (François),
449.29133858267716 931.7480314960629 109.13385826771653 30.614173228346456 diacre
525.8267716535433 931.7480314960629 65.48031496062993 30.614173228346456 de
558.4251968503937 931.7480314960629 109.13385826771653 30.614173228346456 Paris,
634.6771653543307 931.7480314960629 119.90551181102362 30.614173228346456 célèbre
721.9842519685039 931.7480314960629 76.25196850393701 30.614173228346456 par
765.6377952755905 931.7480314960629 76.25196850393701 30.614173228346456 les
798.5196850393701 931.7480314960629 141.73228346456693 30.614173228346456 convulsions

149.10236220472441 958.9606299212599 85.03937007874016 30.330708661417322 qui
197.85826771653544 958.9606299212599 121.60629921259843 30.330708661417322 eurent
282.8976377952756 958.9606299212599 97.22834645669292 30.330708661417322 lieu
343.84251968503935 958.9606299212599 85.03937007874016 30.330708661417322 sur
392.31496062992125 958.9606299212599 72.85039370078741 30.330708661417322 sa
428.88188976377955 958.9606299212599 121.60629921259843 30.330708661417322 tombe,
513.9212598425197 958.9606299212599 97.22834645669292 30.330708661417322 dans
574.8661417322835 958.9606299212599 72.85039370078741 30.330708661417322 le
611.4330708661417 958.9606299212599 158.17322834645668 30.330708661417322 cimetière
733.0393700787401 958.9606299212599 72.85039370078741 30.330708661417322 de
757.1338582677165 958.9606299212599 182.5511811023622 30.330708661417322 Saint

150.8031496062992 986.1732283464567 52.44094488188976 32.031496062992126 à
171.7795275590551 986.1732283464567 104.5984251968504 32.031496062992126 Paris.
244.91338582677164 986.1732283464567 62.645669291338585 32.031496062992126 Sa
276.37795275590554 986.1732283464567 146.5511811023622 32.031496062992126 signature:
391.46456692913387 986.1732283464567 94.11023622047244 32.031496062992126 Ex
454.1102362204724 986.1732283464567 104.5984251968504 32.031496062992126 libris
527.5275590551181 986.1732283464567 136.06299212598427 32.031496062992126 francisci
632.1259842519685 986.1732283464567 62.645669291338585 32.031496062992126 de
663.3070866141733 986.1732283464567 146.5511811023622 32.031496062992126 Paris,
778.3937007874016 986.1732283464567 62.645669291338585 32.031496062992126 16
809.8582677165355 986.1732283464567 104.5984251968504 32.031496062992126 lignes
872.7874015748032 986.1732283464567 62.645669291338585 32.031496062992126 aut.

149.95275590551182 1012.8188976377953 133.22834645669292 32.031496062992126 derrière
250.01574803149606 1012.8188976377953 66.61417322834646 32.031496062992126 le
283.18110236220474 1012.8188976377953 100.06299212598425 32.031496062992126 titre
349.79527559055117 1012.8188976377953 100.06299212598425 32.031496062992126 gravé
416.6929133858268 1012.8188976377953 66.61417322834646 32.031496062992126 de
449.8582677165354 1012.8188976377953 155.6220472440945 32.031496062992126 l’ouvrage,
572.0314960629921 1012.8188976377953 66.61417322834646 32.031496062992126 et
605.4803149606299 1012.8188976377953 66.61417322834646 32.031496062992126 21
638.9291338582677 1012.8188976377953 133.22834645669292 32.031496062992126 derrière
738.7086614173228 1012.8188976377953 66.61417322834646 32.031496062992126 le
772.1574803149606 1012.8188976377953 100.06299212598425 32.031496062992126 titre
827.7165354330708 1012.8188976377953 111.11811023622047 32.031496062992126 imprimé:

151.08661417322836 1040.0314960629921 98.64566929133858 30.89763779527559 Le
216.8503937007874 1040.0314960629921 109.7007874015748 30.89763779527559 jardin
293.6692913385827 1040.0314960629921 76.81889763779527 30.89763779527559 des
337.6062992125984 1040.0314960629921 120.4724409448819 30.89763779527559 racines
425.1968503937008 1040.0314960629921 131.5275590551181 30.89763779527559 grecques
523.8425196850394 1040.0314960629921 98.64566929133858 30.89763779527559 mises
589.6062992125984 1040.0314960629921 65.76377952755905 30.89763779527559 en
622.488188976378 1040.0314960629921 87.59055118110236 30.89763779527559 vers
677.1968503937007 1040.0314960629921 164.40944881889763 30.89763779527559 françois...
797.6692913385826 1040.0314960629921 142.58267716535434 30.89763779527559 seconde

149.38582677165354 1066.6771653543308 171.7795275590551 28.913385826771652 édition.
286.5826771653543 1066.6771653543308 114.51968503937007 28.913385826771652 Paris,
366.8031496062992 1066.6771653543308 114.51968503937007 28.913385826771652 Pierre
447.0236220472441 1066.6771653543308 68.5984251968504 28.913385826771652 le
481.3228346456693 1066.6771653543308 160.15748031496062 28.913385826771652 Petit.
607.1811023622047 1066.6771653543308 102.89763779527559 28.913385826771652 1664.
675.7795275590552 1066.6771653543308 114.51968503937007 28.913385826771652 In-12,
756.0 1066.6771653543308 148.8188976377953 28.913385826771652 demi-rel.
870.5196850393701 1066.6771653543308 80.22047244094489 28.913385826771652 150
904.8188976377953 1066.6771653543308 34.2992125984252 28.913385826771652 »

175.1811023622047 1093.8897637795276 72.85039370078741 31.46456692913386 Ce
211.748031496063 1093.8897637795276 145.70078740157481 31.46456692913386 précieux
321.1653543307087 1093.8897637795276 121.60629921259843 31.46456692913386 volume
406.20472440944883 1093.8897637795276 85.03937007874016 31.46456692913386 est
454.6771653543307 1093.8897637795276 72.85039370078741 31.46456692913386 en
491.244094488189 1093.8897637795276 109.41732283464567 31.46456692913386 outre
564.0944881889764 1093.8897637795276 157.88976377952756 31.46456692913386 surchargé
685.7007874015748 1093.8897637795276 72.85039370078741 31.46456692913386 de
721.9842519685039 1093.8897637795276 109.41732283464567 31.46456692913386 notes
782.9291338582677 1093.8897637795276 157.88976377952756 31.46456692913386 autographes

150.51968503937007 1121.1023622047244 67.74803149606299 32.031496062992126 en
184.53543307086613 1121.1023622047244 90.14173228346456 32.031496062992126 grec
240.66141732283464 1121.1023622047244 67.74803149606299 32.031496062992126 et
274.6771653543307 1121.1023622047244 67.74803149606299 32.031496062992126 en
308.40944881889766 1121.1023622047244 112.81889763779527 32.031496062992126 latin,
387.21259842519686 1121.1023622047244 67.74803149606299 32.031496062992126 en
420.9448818897638 1121.1023622047244 101.48031496062993 32.031496062992126 marge
488.6929133858268 1121.1023622047244 67.74803149606299 32.031496062992126 et
522.4251968503937 1121.1023622047244 90.14173228346456 32.031496062992126 dans
578.8346456692914 1121.1023622047244 67.74803149606299 32.031496062992126 le
612.5669291338583 1121.1023622047244 101.48031496062993 32.031496062992126 texte
680.3149606299213 1121.1023622047244 78.80314960629921 32.031496062992126 sur
725.3858267716536 1121.1023622047244 90.14173228346456 32.031496062992126 plus
781.511811023622 1121.1023622047244 67.74803149606299 32.031496062992126 de
815.5275590551181 1121.1023622047244 78.80314960629921 32.031496062992126 250
849.2598425196851 1121.1023622047244 90.14173228346456 32.031496062992126 pages.

121.03937007874016 1148.3149606299212 96.37795275590551 30.614173228346456 338.
181.41732283464566 1148.3149606299212 193.03937007874015 30.614173228346456 Paris
338.1732283464567 1148.3149606299212 241.22834645669292 30.614173228346456 (Pierre-Adrien),
543.1181102362204 1148.3149606299212 168.9448818897638 30.614173228346456 architecte
675.7795275590552 1148.3149606299212 72.28346456692914 30.614173228346456 de
712.0629921259842 1148.3149606299212 144.56692913385828 30.614173228346456 l'Opéra,
820.6299212598425 1148.3149606299212 120.4724409448819 30.614173228346456 membre
892.9133858267717 1148.3149606299212 48.188976377952756 30.614173228346456 de

149.95275590551182 1175.5275590551182 182.5511811023622 30.89763779527559 l’Académie.
295.93700787401576 1175.5275590551182 85.03937007874016 30.89763779527559 Son
344.6929133858268 1175.5275590551182 97.22834645669292 30.89763779527559 plus
405.3543307086614 1175.5275590551182 85.03937007874016 30.89763779527559 bel
454.1102362204724 1175.5275590551182 133.79527559055117 30.89763779527559 ouvrage
551.6220472440945 1175.5275590551182 85.03937007874016 30.89763779527559 est
600.0944881889764 1175.5275590551182 73.13385826771653 30.89763779527559 le
636.6614173228346 1175.5275590551182 133.79527559055117 30.89763779527559 portail
733.8897637795276 1175.5275590551182 73.13385826771653 30.89763779527559 de
770.4566929133858 1175.5275590551182 73.13385826771653 30.89763779527559 la
794.8346456692914 1175.5275590551182 145.98425196850394 30.89763779527559 cathédrale

150.8031496062992 1202.740157480315 155.90551181102362 29.763779527559056 d'Orléans.
273.25984251968504 1202.740157480315 66.89763779527559 29.763779527559056 L.
306.4251968503937 1202.740157480315 66.89763779527559 29.763779527559056 a.
339.87401574803147 1202.740157480315 77.95275590551181 29.763779527559056 s.,
384.37795275590554 1202.740157480315 55.55905511811024 29.763779527559056 à
406.7716535433071 1202.740157480315 66.89763779527559 29.763779527559056 M.
439.93700787401576 1202.740157480315 66.89763779527559 29.763779527559056 le
473.38582677165357 1202.740157480315 100.06299212598425 29.763779527559056 duc..
540.2834645669292 1202.740157480315 111.4015748031496 29.763779527559056 Paris,
618.2362204724409 1202.740157480315 66.89763779527559 29.763779527559056 13
651.4015748031496 1202.740157480315 89.00787401574803 29.763779527559056 mars
707.2440944881889 1202.740157480315 100.06299212598425 29.763779527559056 1783.
773.8582677165355 1202.740157480315 55.55905511811024 29.763779527559056 3
796.2519685039371 1202.740157480315 66.89763779527559 29.763779527559056 p.
829.4173228346457 1202.740157480315 100.06299212598425 29.763779527559056 in-4.
896.3149606299213 1202.740157480315 55.55905511811024 29.763779527559056 5
907.3700787401575 1202.740157480315 33.44881889763779 29.763779527559056 »

125.00787401574803 1228.8188976377953 82.48818897637796 32.31496062992126 339.
176.5984251968504 1228.8188976377953 164.9763779527559 32.31496062992126 Pérignon,
310.6771653543307 1228.8188976377953 164.9763779527559 32.31496062992126 maréchal
444.755905511811 1228.8188976377953 61.79527559055118 32.31496062992126 de
475.65354330708664 1228.8188976377953 113.38582677165354 32.31496062992126 France.
558.1417322834645 1228.8188976377953 61.79527559055118 32.31496062992126 Né
589.0393700787401 1228.8188976377953 51.59055118110236 32.31496062992126 à
609.7322834645669 1228.8188976377953 185.66929133858267 32.31496062992126 Grenade
754.0157480314961 1228.8188976377953 185.66929133858267 32.31496062992126 (Haute

152.50393700787401 1256.5984251968505 66.61417322834646 32.59842519685039 L.
185.66929133858267 1256.5984251968505 88.7244094488189 32.59842519685039 aut.
241.22834645669292 1256.5984251968505 100.06299212598425 32.59842519685039 sig.,
307.84251968503935 1256.5984251968505 66.61417322834646 32.59842519685039 au
341.29133858267716 1256.5984251968505 77.66929133858268 32.59842519685039 duc
385.79527559055117 1256.5984251968505 66.61417322834646 32.59842519685039 de
418.96062992125985 1256.5984251968505 111.11811023622047 32.59842519685039 Damas.
496.9133858267717 1256.5984251968505 111.11811023622047 32.59842519685039 Paris,
574.5826771653543 1256.5984251968505 66.61417322834646 32.59842519685039 28
607.7480314960629 1256.5984251968505 122.1732283464567 32.59842519685039 janvier
696.7559055118111 1256.5984251968505 100.06299212598425 32.59842519685039 1816.
763.3700787401575 1256.5984251968505 55.55905511811024 32.59842519685039 1
785.4803149606299 1256.5984251968505 66.61417322834646 32.59842519685039 p.
818.9291338582677 1256.5984251968505 100.06299212598425 32.59842519685039 in-4.
885.5433070866142 1256.5984251968505 55.55905511811024 32.59842519685039 2
896.5984251968504 1256.5984251968505 44.503937007874015 32.59842519685039 50

125.29133858267717 1284.3779527559054 86.74015748031496 30.614173228346456 340.
179.43307086614172 1284.3779527559054 206.36220472440945 30.614173228346456 Perrault
353.1968503937008 1284.3779527559054 141.16535433070865 30.614173228346456 (Claude),
461.76377952755905 1284.3779527559054 119.33858267716535 30.614173228346456 médecin
548.503937007874 1284.3779527559054 130.39370078740157 30.614173228346456 célèbre.
646.2992125984252 1284.3779527559054 65.19685039370079 30.614173228346456 L.
678.8976377952756 1284.3779527559054 86.74015748031496 30.614173228346456 aut.
733.0393700787401 1284.3779527559054 97.79527559055119 30.614173228346456 sig.,
798.2362204724409 1284.3779527559054 54.14173228346457 30.614173228346456 à
820.0629921259842 1284.3779527559054 65.19685039370079 30.614173228346456 M.
841.6062992125984 1284.3779527559054 97.79527559055119 30.614173228346456 Girard.

149.38582677165354 1311.023622047244 127.55905511811024 31.46456692913386 Paris,
238.6771653543307 1311.023622047244 76.53543307086615 31.46456692913386 12
276.9448818897638 1311.023622047244 165.82677165354332 31.46456692913386 septembre
404.78740157480314 1311.023622047244 114.80314960629921 31.46456692913386 1644.
481.3228346456693 1311.023622047244 63.77952755905512 31.46456692913386 1
506.8346456692913 1311.023622047244 76.53543307086615 31.46456692913386 p.
545.1023622047244 1311.023622047244 89.29133858267717 31.46456692913386 pl.
596.1259842519685 1311.023622047244 114.80314960629921 31.46456692913386 in-4.
672.6614173228346 1311.023622047244 127.55905511811024 31.46456692913386 Cachet
762.2362204724409 1311.023622047244 76.53543307086615 31.46456692913386 et
800.503937007874 1311.023622047244 127.55905511811024 31.46456692913386 soies.
889.7952755905512 1311.023622047244 63.77952755905512 31.46456692913386 4
902.5511811023622 1311.023622047244 38.267716535433074 31.46456692913386 »

125.00787401574803 1338.236220472441 90.70866141732283 31.748031496062993 341.
181.70078740157481 1338.236220472441 215.43307086614172 31.748031496062993 Perronet
363.11811023622045 1338.236220472441 226.77165354330708 31.748031496062993 (Jean-Rodolphe),
555.8740157480315 1338.236220472441 170.07874015748033 31.748031496062993 architecte,
691.9370078740158 1338.236220472441 238.11023622047244 31.748031496062993 directeur-général
884.6929133858267 1338.236220472441 56.69291338582677 31.748031496062993 des

150.8031496062992 1365.4488188976377 280.62992125984255 31.46456692913386 ponts-et-chaussées
393.1653543307087 1365.4488188976377 76.53543307086615 31.46456692913386 de
431.43307086614175 1365.4488188976377 140.31496062992127 31.46456692913386 France.
533.4803149606299 1365.4488188976377 76.53543307086615 31.46456692913386 L.
571.4645669291339 1365.4488188976377 102.04724409448819 31.46456692913386 aut.
635.2440944881889 1365.4488188976377 102.04724409448819 31.46456692913386 sig.
699.0236220472441 1365.4488188976377 127.55905511811024 31.46456692913386 Paris,
788.3149606299213 1365.4488188976377 76.53543307086615 31.46456692913386 26
813.8267716535433 1365.4488188976377 127.55905511811024 31.46456692913386 novembre

128.1259842519685 1393.2283464566929 333.07086614173227 30.89763779527559 1779.
350.3622047244094 1393.2283464566929 185.10236220472441 30.89763779527559 2
424.34645669291336 1393.2283464566929 221.95275590551182 30.89763779527559 p.
535.1811023622047 1393.2283464566929 333.07086614173227 30.89763779527559 in-4.
757.1338582677165 1393.2283464566929 185.10236220472441 30.89763779527559 3
794.2677165354331 1393.2283464566929 147.96850393700788 30.89763779527559 50

124.44094488188976 1419.3070866141732 92.1259842519685 32.31496062992126 342.
181.98425196850394 1419.3070866141732 184.251968503937 32.31496062992126 Poyet
331.65354330708664 1419.3070866141732 161.00787401574803 32.31496062992126 (Bernard),
458.3622047244094 1419.3070866141732 172.62992125984252 32.31496062992126 architecte,
596.4094488188977 1419.3070866141732 115.08661417322834 32.31496062992126 membre
676.9133858267717 1419.3070866141732 69.16535433070867 32.31496062992126 de
711.496062992126 1419.3070866141732 161.00787401574803 32.31496062992126 l’Académie
826.5826771653543 1419.3070866141732 115.08661417322834 32.31496062992126 d’archi

154.20472440944883 1446.5196850393702 110.83464566929133 32.59842519685039 tecture
234.99212598425197 1446.5196850393702 60.37795275590551 32.59842519685039 et
265.03937007874015 1446.5196850393702 60.37795275590551 32.59842519685039 de
295.37007874015745 1446.5196850393702 90.70866141732283 32.59842519685039 celle
355.748031496063 1446.5196850393702 70.58267716535433 32.59842519685039 des
396.0 1446.5196850393702 130.96062992125985 32.59842519685039 sciences.
496.62992125984255 1446.5196850393702 60.37795275590551 32.59842519685039 Né
526.9606299212599 1446.5196850393702 50.45669291338583 32.59842519685039 à
547.0866141732283 1446.5196850393702 161.00787401574803 32.59842519685039 Dijon
677.7637795275591 1446.5196850393702 161.00787401574803 32.59842519685039 (Côte-d’Or.)
808.7244094488188 1446.5196850393702 60.37795275590551 32.59842519685039 L.
839.0551181102362 1446.5196850393702 80.50393700787401 32.59842519685039 aut.
879.3070866141733 1446.5196850393702 60.37795275590551 32.59842519685039 sig.

147.4015748031496 1474.2992125984251 248.5984251968504 31.46456692913386 Neyreplisse,
349.51181102362204 1474.2992125984251 93.25984251968504 31.46456692913386 14
396.2834645669291 1474.2992125984251 140.03149606299212 31.46456692913386 avril
489.54330708661416 1474.2992125984251 140.03149606299212 31.46456692913386 1774.
582.8031496062993 1474.2992125984251 77.66929133858268 31.46456692913386 4
613.7007874015748 1474.2992125984251 108.85039370078741 31.46456692913386 gr.
676.0629921259842 1474.2992125984251 93.25984251968504 31.46456692913386 p.
722.5511811023622 1474.2992125984251 108.85039370078741 31.46456692913386 pl.
784.9133858267717 1474.2992125984251 140.03149606299212 31.46456692913386 in-4.
878.1732283464567 1474.2992125984251 77.66929133858268 31.46456692913386 5
893.4803149606299 1474.2992125984251 46.77165354330709 31.46456692913386 »

123.8740157480315 1497.5433070866143 100.62992125984252 35.71653543307087 343.
186.51968503937007 1497.5433070866143 163.2755905511811 35.71653543307087 Presse
312.37795275590554 1497.5433070866143 176.03149606299212 35.71653543307087 périodique
450.70866141732284 1497.5433070866143 75.4015748031496 35.71653543307087 en
488.40944881889766 1497.5433070866143 150.8031496062992 35.71653543307087 1815
601.511811023622 1497.5433070866143 188.50393700787401 35.71653543307087 (ampliation
752.3149606299213 1497.5433070866143 100.62992125984252 35.71653543307087 d’un
815.2440944881889 1497.5433070866143 125.5748031496063 35.71653543307087 arrêté
890.6456692913385 1497.5433070866143 50.173228346456696 35.71653543307087 du

151.08661417322836 1528.724409448819 83.90551181102362 32.031496062992126 duc
198.99212598425197 1528.724409448819 167.5275590551181 32.031496062992126 d’Otrante,
330.5196850393701 1528.724409448819 143.71653543307087 32.031496062992126 ministre
438.23622047244095 1528.724409448819 71.71653543307086 32.031496062992126 de
474.23622047244095 1528.724409448819 71.71653543307086 32.031496062992126 la
510.23622047244095 1528.724409448819 119.62204724409449 32.031496062992126 police
593.8582677165355 1528.724409448819 155.6220472440945 32.031496062992126 générale,
713.7637795275591 1528.724409448819 119.62204724409449 32.031496062992126 contre
797.3858267716536 1528.724409448819 83.90551181102362 32.031496062992126 les
845.2913385826772 1528.724409448819 95.81102362204724 32.031496062992126 abus
893.1968503937007 1528.724409448819 47.90551181102362 32.031496062992126 de

153.0708661417323 1555.9370078740158 91.55905511811024 31.46456692913386 la),
210.04724409448818 1555.9370078740158 102.89763779527559 31.46456692913386 signé
278.6456692913386 1555.9370078740158 205.79527559055117 31.46456692913386 Fortis.
450.1417322834646 1555.9370078740158 114.23622047244095 31.46456692913386 Paris,
530.0787401574803 1555.9370078740158 57.25984251968504 31.46456692913386 6
553.0393700787401 1555.9370078740158 148.53543307086613 31.46456692913386 septembre
667.2755905511812 1555.9370078740158 102.89763779527559 31.46456692913386 1815.
735.8740157480315 1555.9370078740158 57.25984251968504 31.46456692913386 3
758.8346456692914 1555.9370078740158 68.5984251968504 31.46456692913386 p.
793.1338582677165 1555.9370078740158 125.85826771653544 31.46456692913386 in-fol.
884.4094488188977 1555.9370078740158 57.25984251968504 31.46456692913386 3
896.0314960629921 1555.9370078740158 45.63779527559055 31.46456692913386 50

126.14173228346456 1582.015748031496 83.62204724409449 33.44881889763779 344.
178.29921259842519 1582.015748031496 177.4488188976378 33.44881889763779 Quesné
324.56692913385825 1582.015748031496 198.4251968503937 33.44881889763779 (Franç.-Alex.),
491.5275590551181 1582.015748031496 145.98425196850394 33.44881889763779 botaniste,
606.3307086614174 1582.015748031496 62.645669291338585 33.44881889763779 né
637.511811023622 1582.015748031496 52.15748031496063 33.44881889763779 à
658.488188976378 1582.015748031496 177.4488188976378 33.44881889763779 Rouen.
804.4724409448819 1582.015748031496 62.645669291338585 33.44881889763779 L.
835.9370078740158 1582.015748031496 62.645669291338585 33.44881889763779 a.
867.1181102362204 1582.015748031496 73.13385826771653 33.44881889763779 s.,
898.5826771653543 1582.015748031496 41.669291338582674 33.44881889763779 au

152.2204724409449 1609.7952755905512 124.15748031496064 30.89763779527559 citoyen
242.64566929133858 1609.7952755905512 101.48031496062993 30.89763779527559 Noël.
310.1102362204724 1609.7952755905512 112.81889763779527 30.89763779527559 Rouen,
389.1968503937008 1609.7952755905512 67.74803149606299 30.89763779527559 20
422.92913385826773 1609.7952755905512 146.5511811023622 30.89763779527559 fructidor
535.7480314960629 1609.7952755905512 67.74803149606299 30.89763779527559 an
569.7637795275591 1609.7952755905512 79.08661417322834 30.89763779527559 VI.
614.8346456692914 1609.7952755905512 56.40944881889764 30.89763779527559 1
637.2283464566929 1609.7952755905512 67.74803149606299 30.89763779527559 p.
671.2440944881889 1609.7952755905512 79.08661417322834 30.89763779527559 pl.
716.3149606299213 1609.7952755905512 67.74803149606299 30.89763779527559 et
750.0472440944882 1609.7952755905512 101.48031496062993 30.89763779527559 demie
817.7952755905512 1609.7952755905512 101.48031496062993 30.89763779527559 in-4.
885.5433070866142 1609.7952755905512 56.40944881889764 30.89763779527559 2
896.8818897637796 1609.7952755905512 45.07086614173228 30.89763779527559 50

125.00787401574803 1633.6062992125985 96.37795275590551 35.71653543307087 345.
185.10236220472441 1633.6062992125985 228.75590551181102 35.71653543307087 Quinault
377.5748031496063 1633.6062992125985 228.75590551181102 35.71653543307087 (mademoiselle),
570.0472440944882 1633.6062992125985 132.3779527559055 35.71653543307087 célèbre
666.4251968503937 1633.6062992125985 132.3779527559055 35.71653543307087 actrice
762.5196850393701 1633.6062992125985 72.28346456692914 35.71653543307087 de
798.8031496062993 1633.6062992125985 72.28346456692914 35.71653543307087 la
822.8976377952756 1633.6062992125985 120.18897637795276 35.71653543307087 Comédie-

152.78740157480314 1664.7874015748032 174.89763779527559 31.46456692913386 Française.
289.98425196850394 1664.7874015748032 74.83464566929133 31.46456692913386 L.
327.68503937007875 1664.7874015748032 112.25196850393701 31.46456692913386 aut.,
402.5196850393701 1664.7874015748032 62.36220472440945 31.46456692913386 à
427.46456692913387 1664.7874015748032 124.7244094488189 31.46456692913386 madame
514.7716535433071 1664.7874015748032 74.83464566929133 31.46456692913386 de
552.4724409448819 1664.7874015748032 162.4251968503937 31.46456692913386 Grafigny.
677.1968503937007 1664.7874015748032 149.95275590551182 31.46456692913386 Vendredï
789.4488188976378 1664.7874015748032 112.25196850393701 31.46456692913386 soir.
864.5669291338583 1664.7874015748032 62.36220472440945 31.46456692913386 2
877.0393700787401 1664.7874015748032 62.36220472440945 31.46456692913386 gr.

135.21259842519686 1692.5669291338584 186.23622047244095 30.330708661417322 p.
228.18897637795277 1692.5669291338584 217.13385826771653 30.330708661417322 pl.
352.34645669291336 1692.5669291338584 279.21259842519686 30.330708661417322 in-4.
538.2992125984252 1692.5669291338584 341.29133858267716 30.330708661417322 Cachet.
786.6141732283464 1692.5669291338584 186.23622047244095 30.330708661417322 12
848.6929133858267 1692.5669291338584 92.97637795275591 30.330708661417322 »
