1209.5433070866143 2028.1889763779527
563.5275590551181 186.51968503937007 110.26771653543307 28.913385826771652 —
607.7480314960629 186.51968503937007 132.3779527559055 28.913385826771652 32
651.9685039370079 186.51968503937007 66.33070866141732 28.913385826771652 —

291.9685039370079 234.70866141732284 68.5984251968504 34.58267716535433 2°
326.26771653543307 234.70866141732284 102.89763779527559 34.58267716535433 Lett.
394.5826771653543 234.70866141732284 137.1968503937008 34.58267716535433 patentes
497.4803149606299 234.70866141732284 68.5984251968504 34.58267716535433 du
531.7795275590552 234.70866141732284 91.2755905511811 34.58267716535433 roi,
589.0393700787401 234.70866141732284 68.5984251968504 34.58267716535433 de
623.3385826771654 234.70866141732284 79.93700787401575 34.58267716535433 don
668.9763779527559 234.70866141732284 68.5984251968504 34.58267716535433 et
703.2755905511812 234.70866141732284 148.53543307086613 34.58267716535433 francsalé
817.511811023622 234.70866141732284 91.2755905511811 34.58267716535433 pour
874.488188976378 234.70866141732284 79.93700787401575 34.58267716535433 les
908.7874015748032 234.70866141732284 137.1968503937008 34.58267716535433 carmélites

265.8897637795276 264.18897637795277 66.89763779527559 33.44881889763779 de
299.33858267716533 264.18897637795277 66.89763779527559 33.44881889763779 la
332.503937007874 264.18897637795277 77.95275590551181 33.44881889763779 rue
377.00787401574803 264.18897637795277 66.89763779527559 33.44881889763779 du
410.45669291338584 264.18897637795277 133.51181102362204 33.44881889763779 Bouloir.
510.8031496062992 264.18897637795277 166.96062992125985 33.44881889763779 Versailles,
644.3149606299213 264.18897637795277 122.45669291338582 33.44881889763779 octobre
733.3228346456693 264.18897637795277 100.06299212598425 33.44881889763779 1664.
800.2204724409448 264.18897637795277 77.95275590551181 33.44881889763779 Gr.
844.7244094488188 264.18897637795277 66.89763779527559 33.44881889763779 f.
878.1732283464567 264.18897637795277 111.4015748031496 33.44881889763779 double
945.0708661417323 264.18897637795277 100.06299212598425 33.44881889763779 in

265.6062992125984 300.18897637795277 153.92125984251967 29.763779527559056 (Parch.),
384.09448818897636 300.18897637795277 94.67716535433071 29.763779527559056 avec
443.0551181102362 300.18897637795277 106.58267716535433 29.763779527559056 grand
502.2992125984252 300.18897637795277 94.67716535433071 29.763779527559056 sceau.

292.251968503937 325.4173228346457 65.76377952755905 34.01574803149607 3°
325.13385826771656 325.4173228346457 98.64566929133858 34.01574803149607 Lett.
390.8976377952756 325.4173228346457 131.5275590551181 34.01574803149607 patentes
489.54330708661416 325.4173228346457 65.76377952755905 34.01574803149607 du
522.4251968503937 325.4173228346457 87.59055118110236 34.01574803149607 roi,
577.4173228346457 325.4173228346457 175.46456692913387 34.01574803149607 confirmation
719.7165354330708 325.4173228346457 65.76377952755905 34.01574803149607 de
752.5984251968504 325.4173228346457 164.40944881889763 34.01574803149607 translation
884.1259842519685 325.4173228346457 76.81889763779527 34.01574803149607 des
917.007874015748 325.4173228346457 131.5275590551181 34.01574803149607 carmélites

265.8897637795276 356.59842519685037 70.01574803149606 33.44881889763779 de
300.755905511811 356.59842519685037 70.01574803149606 33.44881889763779 la
335.90551181102364 356.59842519685037 81.92125984251969 33.44881889763779 rue
382.6771653543307 356.59842519685037 70.01574803149606 33.44881889763779 du
417.8267716535433 356.59842519685037 140.31496062992127 33.44881889763779 Bouloir,
522.992125984252 356.59842519685037 70.01574803149606 33.44881889763779 au
558.1417322834645 356.59842519685037 140.31496062992127 33.44881889763779 faubourg
663.3070866141733 356.59842519685037 175.46456692913387 33.44881889763779 St-Germain.
803.6220472440945 356.59842519685037 210.33070866141733 33.44881889763779 Fontainebleau,
967.1811023622047 356.59842519685037 81.92125984251969 33.44881889763779 octo-

266.45669291338584 386.3622047244094 80.78740157480316 32.59842519685039 bre
312.66141732283467 386.3622047244094 104.03149606299213 32.59842519685039 1688.
382.1102362204724 386.3622047244094 80.78740157480316 32.59842519685039 Gr.
428.31496062992125 386.3622047244094 126.99212598425197 32.59842519685039 feuille
520.7244094488188 386.3622047244094 115.65354330708661 32.59842519685039 double
601.511811023622 386.3622047244094 126.99212598425197 32.59842519685039 in-fol.
694.2047244094488 386.3622047244094 150.23622047244095 32.59842519685039 (Parch.),
809.5748031496063 386.3622047244094 92.40944881889764 32.59842519685039 avec
867.4015748031496 386.3622047244094 104.03149606299213 32.59842519685039 grand
925.2283464566929 386.3622047244094 92.40944881889764 32.59842519685039 sceau.

292.251968503937 415.5590551181102 73.13385826771653 34.01574803149607 4°
328.81889763779526 415.5590551181102 109.98425196850394 34.01574803149607 Lett.
402.23622047244095 415.5590551181102 146.5511811023622 34.01574803149607 patentes
511.93700787401576 415.5590551181102 73.13385826771653 34.01574803149607 du
548.503937007874 415.5590551181102 97.79527559055119 34.01574803149607 roi,
609.7322834645669 415.5590551181102 73.13385826771653 34.01574803149607 de
646.2992125984252 415.5590551181102 195.30708661417322 34.01574803149607 confirmation
805.0393700787401 415.5590551181102 73.13385826771653 34.01574803149607 de
841.6062992125984 415.5590551181102 122.1732283464567 34.01574803149607 quatre
926.9291338582677 415.5590551181102 122.1732283464567 34.01574803149607 minots
1000.3464566929134 415.5590551181102 48.75590551181102 34.01574803149607 de

267.87401574803147 443.33858267716533 155.90551181102362 35.71653543307087 francsalé
387.7795275590551 443.33858267716533 96.09448818897638 35.71653543307087 pour
447.87401574803147 443.33858267716533 83.90551181102362 35.71653543307087 les
495.7795275590551 443.33858267716533 168.09448818897638 35.71653543307087 carmélites
627.8740157480315 443.33858267716533 72.0 35.71653543307087 du
663.8740157480315 443.33858267716533 144.0 35.71653543307087 faubourg
771.8740157480315 443.33858267716533 180.0 35.71653543307087 St-Germain.
915.8740157480315 443.33858267716533 119.90551181102362 35.71653543307087 Paris,
987.8740157480315 443.33858267716533 60.09448818897638 35.71653543307087 mai

270.4251968503937 475.93700787401576 101.76377952755905 32.59842519685039 1716.
338.45669291338584 475.93700787401576 79.08661417322834 32.59842519685039 Gr.
383.5275590551181 475.93700787401576 68.03149606299213 32.59842519685039 f.
417.54330708661416 475.93700787401576 113.10236220472441 32.59842519685039 double
496.9133858267717 475.93700787401576 124.44094488188976 32.59842519685039 in-fol.
587.3385826771654 475.93700787401576 147.11811023622047 32.59842519685039 (Parch.),
700.4409448818898 475.93700787401576 90.4251968503937 32.59842519685039 avec
757.1338582677165 475.93700787401576 101.76377952755905 32.59842519685039 grand
813.8267716535433 475.93700787401576 90.4251968503937 32.59842519685039 sceau.

293.1023622047244 506.26771653543307 67.74803149606299 32.31496062992126 5°
327.11811023622045 506.26771653543307 101.76377952755905 32.31496062992126 Lett.
394.86614173228344 506.26771653543307 135.7795275590551 32.31496062992126 patentes
496.62992125984255 506.26771653543307 67.74803149606299 32.31496062992126 du
530.6456692913385 506.26771653543307 90.4251968503937 32.31496062992126 roi,
587.0551181102362 506.26771653543307 67.74803149606299 32.31496062992126 de
621.0708661417323 506.26771653543307 169.51181102362204 32.31496062992126 surannation
756.8503937007874 506.26771653543307 67.74803149606299 32.31496062992126 et
790.5826771653543 506.26771653543307 180.8503937007874 32.31496062992126 confirmation
937.7007874015748 506.26771653543307 67.74803149606299 32.31496062992126 de
960.3779527559055 506.26771653543307 90.4251968503937 32.31496062992126 trans-

268.15748031496065 535.7480314960629 122.45669291338582 32.881889763779526 lation
353.76377952755905 535.7480314960629 85.60629921259843 32.881889763779526 des
402.8031496062992 535.7480314960629 171.21259842519686 32.881889763779526 carmélites
537.1653543307086 535.7480314960629 73.41732283464567 32.881889763779526 de
574.0157480314961 535.7480314960629 73.41732283464567 32.881889763779526 la
610.5826771653543 535.7480314960629 85.60629921259843 32.881889763779526 rue
659.6220472440945 535.7480314960629 73.41732283464567 32.881889763779526 du
696.1889763779527 535.7480314960629 146.83464566929135 32.881889763779526 Bouloir,
806.4566929133858 535.7480314960629 73.41732283464567 32.881889763779526 au
843.0236220472441 535.7480314960629 146.83464566929135 32.881889763779526 faubourg
941.1023622047244 535.7480314960629 109.98425196850394 32.881889763779526 St-

266.45669291338584 565.2283464566929 116.78740157480316 30.614173228346456 main.
344.40944881889766 565.2283464566929 233.85826771653544 30.614173228346456 Fontainebleau,
539.4330708661417 565.2283464566929 77.95275590551181 30.614173228346456 30
578.2677165354331 565.2283464566929 142.86614173228347 30.614173228346456 octobre
682.2992125984252 565.2283464566929 116.78740157480316 30.614173228346456 1734.
760.2519685039371 565.2283464566929 90.99212598425197 30.614173228346456 Gr.
812.1259842519685 565.2283464566929 77.95275590551181 30.614173228346456 f.
851.2440944881889 565.2283464566929 129.82677165354332 30.614173228346456 double
929.1968503937007 565.2283464566929 116.78740157480316 30.614173228346456 in

269.00787401574803 601.2283464566929 147.11811023622047 28.062992125984252 (Parch.),
382.1102362204724 601.2283464566929 90.4251968503937 28.062992125984252 avec
427.46456692913387 601.2283464566929 90.4251968503937 28.062992125984252 sceau.

295.65354330708664 625.8897637795276 68.5984251968504 32.881889763779526 6°
329.9527559055118 625.8897637795276 102.89763779527559 32.881889763779526 Lett.
398.5511811023622 625.8897637795276 137.48031496062993 32.881889763779526 patentes
501.73228346456693 625.8897637795276 68.5984251968504 32.881889763779526 du
536.0314960629921 625.8897637795276 91.55905511811024 32.881889763779526 roi,
593.2913385826772 625.8897637795276 114.51968503937007 32.881889763779526 relief
673.2283464566929 625.8897637795276 148.8188976377953 32.881889763779526 d’adresse
787.7480314960629 625.8897637795276 68.5984251968504 32.881889763779526 et
822.0472440944882 625.8897637795276 68.5984251968504 32.881889763779526 de
856.3464566929134 625.8897637795276 171.7795275590551 32.881889763779526 surannation
982.488188976378 625.8897637795276 68.5984251968504 32.881889763779526 pour

269.29133858267716 655.9370078740158 87.02362204724409 33.44881889763779 les
318.8976377952756 655.9370078740158 136.62992125984252 33.44881889763779 prieure
418.3937007874016 655.9370078740158 74.55118110236221 33.44881889763779 et
455.5275590551181 655.9370078740158 186.23622047244095 33.44881889763779 religieuses
604.6299212598425 655.9370078740158 74.55118110236221 33.44881889763779 du
641.7637795275591 655.9370078740158 161.29133858267716 33.44881889763779 monastère
765.9212598425197 655.9370078740158 87.02362204724409 33.44881889763779 des
815.5275590551181 655.9370078740158 186.23622047244095 33.44881889763779 Carmélites,
964.3464566929134 655.9370078740158 87.02362204724409 33.44881889763779 rue
1001.7637795275591 655.9370078740158 49.60629921259842 33.44881889763779 de

269.5748031496063 684.8503937007874 153.0708661417323 34.58267716535433 Grenelle,
387.496062992126 684.8503937007874 141.16535433070865 34.58267716535433 faubourg
493.51181102362204 684.8503937007874 176.5984251968504 34.58267716535433 St-Germain.
634.6771653543307 684.8503937007874 164.9763779527559 34.58267716535433 Compiègne,
764.2204724409448 684.8503937007874 70.58267716535433 34.58267716535433 15
799.6535433070866 684.8503937007874 129.54330708661416 34.58267716535433 juillet
893.7637795275591 684.8503937007874 106.01574803149606 34.58267716535433 1740.
964.3464566929134 684.8503937007874 82.48818897637796 34.58267716535433 Gr.
999.7795275590552 684.8503937007874 47.05511811023622 34.58267716535433 f.

270.4251968503937 717.7322834645669 116.50393700787401 31.181102362204726 double
351.7795275590551 717.7322834645669 128.1259842519685 31.181102362204726 in-fol.
445.03937007874015 717.7322834645669 151.37007874015748 31.181102362204726 (Parch.),
561.5433070866142 717.7322834645669 93.25984251968504 31.181102362204726 avec
619.6535433070866 717.7322834645669 104.88188976377953 31.181102362204726 grand
677.7637795275591 717.7322834645669 93.25984251968504 31.181102362204726 sceau.

296.503937007874 745.511811023622 72.0 33.44881889763779 7°
332.503937007874 745.511811023622 96.09448818897638 33.44881889763779 Plus
392.31496062992125 745.511811023622 96.09448818897638 33.44881889763779 cinq
452.40944881889766 745.511811023622 132.09448818897638 33.44881889763779 pièces,
548.503937007874 745.511811023622 96.09448818897638 33.44881889763779 dont
608.3149606299213 745.511811023622 119.90551181102362 33.44881889763779 quatre
692.503937007874 745.511811023622 83.90551181102362 33.44881889763779 sur
740.4094488188977 745.511811023622 180.0 33.44881889763779 parchemins,
884.4094488188977 745.511811023622 168.09448818897638 33.44881889763779 d’extraits
1004.5984251968504 745.511811023622 47.90551181102362 33.44881889763779 de

271.84251968503935 781.2283464566929 119.62204724409449 27.77952755905512 lettres
358.86614173228344 781.2283464566929 141.4488188976378 27.77952755905512 patentes,
467.43307086614175 781.2283464566929 119.62204724409449 27.77952755905512 arrêts,
543.6850393700787 781.2283464566929 65.19685039370079 27.77952755905512 etc.

285.1653543307087 806.7401574803149 232.44094488188978 32.31496062992126 Toutes
447.87401574803147 806.7401574803149 162.70866141732284 32.31496062992126 ces
540.8503937007874 806.7401574803149 232.44094488188978 32.31496062992126 pièces
703.5590551181102 806.7401574803149 278.92913385826773 32.31496062992126 réunies.
912.7559055118111 806.7401574803149 162.70866141732284 32.31496062992126 200
982.488188976378 806.7401574803149 69.73228346456693 32.31496062992126 »

265.3228346456693 935.1496062992126 138.89763779527559 24.661417322834644 AVIS.
369.6377952755906 935.1496062992126 57.826771653543304 24.661417322834644 —
392.88188976377955 935.1496062992126 81.07086614173228 24.661417322834644 Par
439.0866141732283 935.1496062992126 104.31496062992126 24.661417322834644 suite
508.53543307086613 935.1496062992126 69.44881889763779 24.661417322834644 de
543.4015748031496 935.1496062992126 138.89763779527559 24.661417322834644 quelques
647.4330708661417 935.1496062992126 196.7244094488189 24.661417322834644 modifications
809.5748031496063 935.1496062992126 173.76377952755905 24.661417322834644 introduites
936.8503937007874 935.1496062992126 115.93700787401575 24.661417322834644 dans

246.33070866141733 958.3937007874016 147.11811023622047 26.362204724409448 notre
356.59842519685037 958.3937007874016 196.15748031496062 26.362204724409448 publication,
515.9055118110236 958.3937007874016 85.88976377952756 26.362204724409448 les
564.9448818897638 958.3937007874016 98.07874015748031 26.362204724409448 deux
626.1732283464567 958.3937007874016 171.49606299212599 26.362204724409448 Catalogues
761.1023622047244 958.3937007874016 208.3464566929134 26.362204724409448 d'autographes
932.8818897637796 958.3937007874016 73.41732283464567 26.362204724409448 et
957.2598425196851 958.3937007874016 98.07874015748031 26.362204724409448 de

246.61417322834646 981.6377952755905 166.11023622047244 26.078740157480315 livres,
377.00787401574803 981.6377952755905 154.20472440944883 26.078740157480315 jusque-là
495.7795275590551 981.6377952755905 130.39370078740157 26.078740157480315 réunis,
590.4566929133858 981.6377952755905 130.39370078740157 26.078740157480315 forment
685.4173228346457 981.6377952755905 59.24409448818898 26.078740157480315 à
709.2283464566929 981.6377952755905 118.48818897637796 26.078740157480315 partir
792.2834645669292 981.6377952755905 71.14960629921259 26.078740157480315 du
827.7165354330708 981.6377952755905 130.39370078740157 26.078740157480315 présent
910.7716535433071 981.6377952755905 142.29921259842519 26.078740157480315 numéro

248.88188976377953 1009.1338582677165 104.03149606299213 20.976377952755904 deux
324.2834645669291 1009.1338582677165 104.03149606299213 20.976377952755904 parties
390.61417322834643 1009.1338582677165 160.7244094488189 20.976377952755904 distinctes.

265.3228346456693 1027.8425196850394 131.5275590551181 24.661417322834644 Pour
360.8503937007874 1027.8425196850394 143.43307086614172 24.661417322834644 recevoir
468.56692913385825 1027.8425196850394 107.71653543307086 24.661417322834644 franc
540.2834645669292 1027.8425196850394 71.71653543307086 24.661417322834644 de
576.2834645669292 1027.8425196850394 95.5275590551181 24.661417322834644 port
636.0944881889764 1027.8425196850394 71.71653543307086 24.661417322834644 la
671.8110236220473 1027.8425196850394 191.33858267716536 24.661417322834644 continuation
827.1496062992126 1027.8425196850394 83.62204724409449 24.661417322834644 des
863.1496062992126 1027.8425196850394 191.33858267716536 24.661417322834644 Catalogues

247.1811023622047 1050.8031496062993 235.84251968503938 26.64566929133858 d'autographes,
449.5748031496063 1050.8031496062993 157.3228346456693 26.64566929133858 s'adresser
572.8818897637796 1050.8031496062993 89.85826771653544 26.64566929133858 (par
629.007874015748 1050.8031496062993 112.25196850393701 26.64566929133858 lettre
707.8110236220473 1050.8031496062993 168.3779527559055 26.64566929133858 affranchie)
842.4566929133858 1050.8031496062993 56.125984251968504 26.64566929133858 à
864.8503937007874 1050.8031496062993 67.46456692913385 26.64566929133858 M.
898.5826771653543 1050.8031496062993 67.46456692913385 26.64566929133858 A.
921.2598425196851 1050.8031496062993 134.64566929133858 26.64566929133858 LAVER

249.73228346456693 1074.0472440944882 122.74015748031496 26.929133858267715 DET,
339.0236220472441 1074.0472440944882 78.23622047244095 26.929133858267715 rue
383.5275590551181 1074.0472440944882 189.92125984251967 26.929133858267715 Saint-Lazare,
540.0 1074.0472440944882 78.23622047244095 26.929133858267715 24,
584.7874015748032 1074.0472440944882 66.89763779527559 26.929133858267715 et
618.2362204724409 1074.0472440944882 89.29133858267717 26.929133858267715 pour
674.0787401574803 1074.0472440944882 66.89763779527559 26.929133858267715 le
707.5275590551181 1074.0472440944882 145.13385826771653 26.929133858267715 Catalogue
819.2125984251968 1074.0472440944882 66.89763779527559 26.929133858267715 de
852.9448818897638 1074.0472440944882 111.68503937007874 26.929133858267715 livres
931.1811023622047 1074.0472440944882 55.84251968503937 26.929133858267715 à
942.2362204724409 1074.0472440944882 111.68503937007874 26.929133858267715 prix

248.88188976377953 1097.8582677165355 162.70866141732284 26.64566929133858 marqué,
376.7244094488189 1097.8582677165355 58.110236220472444 26.64566929133858 à
399.9685039370079 1097.8582677165355 69.73228346456693 26.64566929133858 M.
434.8346456692913 1097.8582677165355 69.73228346456693 26.64566929133858 A.
469.7007874015748 1097.8582677165355 127.84251968503936 26.64566929133858 POUPEL,
562.6771653543307 1097.8582677165355 151.08661417322836 26.64566929133858 libraire,
678.8976377952756 1097.8582677165355 92.97637795275591 26.64566929133858 quai
737.007874015748 1097.8582677165355 81.35433070866142 26.64566929133858 des
783.496062992126 1097.8582677165355 162.70866141732284 26.64566929133858 Augustins,
899.7165354330708 1097.8582677165355 104.5984251968504 26.64566929133858 37.

267.0236220472441 1120.5354330708662 114.23622047244095 26.078740157480315 Les
346.96062992125985 1120.5354330708662 148.53543307086613 26.078740157480315 personnes
461.1968503937008 1120.5354330708662 91.2755905511811 26.078740157480315 qui,
518.1732283464567 1120.5354330708662 194.17322834645668 26.078740157480315 s'intéressant
678.3307086614174 1120.5354330708662 57.25984251968504 26.078740157480315 à
701.007874015748 1120.5354330708662 68.5984251968504 26.078740157480315 la
735.3070866141733 1120.5354330708662 91.2755905511811 26.078740157480315 fois
792.5669291338583 1120.5354330708662 68.5984251968504 26.078740157480315 et
826.8661417322835 1120.5354330708662 79.93700787401575 26.078740157480315 aux
861.1653543307086 1120.5354330708662 194.17322834645668 26.078740157480315 autographes

248.88188976377953 1144.0629921259842 97.79527559055119 26.362204724409448 et
314.0787401574803 1144.0629921259842 76.25196850393701 26.362204724409448 aux
357.4488188976378 1144.0629921259842 119.62204724409449 26.362204724409448 livres,
444.755905511811 1144.0629921259842 174.04724409448818 26.362204724409448 désireraient
586.2047244094488 1144.0629921259842 130.6771653543307 26.362204724409448 recevoir
684.0 1144.0629921259842 76.25196850393701 26.362204724409448 les
727.3700787401575 1144.0629921259842 87.02362204724409 26.362204724409448 deux
781.7952755905512 1144.0629921259842 163.2755905511811 26.362204724409448 Catalogues,
901.7007874015748 1144.0629921259842 152.2204724409449 26.362204724409448 n'auront

246.89763779527559 1167.3070866141732 154.48818897637796 26.078740157480315 qu'une
365.6692913385827 1167.3070866141732 106.86614173228347 26.078740157480315 seule
437.1023622047244 1167.3070866141732 71.43307086614173 26.078740157480315 et
472.81889763779526 1167.3070866141732 94.96062992125984 26.078740157480315 même
532.0629921259842 1167.3070866141732 130.6771653543307 26.078740157480315 demande
627.3070866141733 1167.3070866141732 59.52755905511811 26.078740157480315 à
651.1181102362204 1167.3070866141732 118.77165354330708 26.078740157480315 faire,
734.1732283464567 1167.3070866141732 71.43307086614173 26.078740157480315 et
769.8897637795276 1167.3070866141732 142.58267716535434 26.078740157480315 pourront
864.8503937007874 1167.3070866141732 190.20472440944883 26.078740157480315 s'adresser

247.748031496063 1191.4015748031495 226.20472440944883 26.078740157480315 directement,
438.23622047244095 1191.4015748031495 95.24409448818898 26.078740157480315 soit
497.76377952755905 1191.4015748031495 59.52755905511811 26.078740157480315 à
521.5748031496063 1191.4015748031495 71.43307086614173 26.078740157480315 M.
557.2913385826772 1191.4015748031495 154.77165354330708 26.078740157480315 LAVERDET,
676.6299212598425 1191.4015748031495 95.24409448818898 26.078740157480315 soit
736.1574803149606 1191.4015748031495 59.52755905511811 26.078740157480315 à
759.9685039370079 1191.4015748031495 71.43307086614173 26.078740157480315 M.
783.7795275590552 1191.4015748031495 154.77165354330708 26.078740157480315 POUPEL.

417.54330708661416 1315.275590551181 106.01574803149606 20.125984251968504 SOUS
494.6456692913386 1315.275590551181 106.01574803149606 20.125984251968504 PRESSE.
571.7480314960629 1315.275590551181 77.10236220472441 20.125984251968504 POUR
619.9370078740158 1315.275590551181 115.65354330708661 20.125984251968504 PARAITRE
697.3228346456693 1315.275590551181 192.75590551181102 20.125984251968504 PROCHAINEMENT:

250.58267716535434 1362.0472440944882 238.39370078740157 29.19685039370079 Correspondance
454.96062992125985 1362.0472440944882 68.03149606299213 29.19685039370079 de
488.9763779527559 1362.0472440944882 124.7244094488189 29.19685039370079 Boileau
579.6850393700787 1362.0472440944882 68.03149606299213 29.19685039370079 et
613.7007874015748 1362.0472440944882 204.3779527559055 29.19685039370079 Brossette,
784.0629921259842 1362.0472440944882 90.70866141732283 29.19685039370079 avec
840.7559055118111 1362.0472440944882 79.37007874015748 29.19685039370079 les
886.1102362204724 1362.0472440944882 113.38582677165354 29.19685039370079 œuvres
954.4251968503937 1362.0472440944882 102.04724409448819 29.19685039370079 supplé-

273.8267716535433 1386.4251968503936 148.251968503937 27.77952755905512 mentaires.
390.3307086614173 1386.4251968503936 73.98425196850394 27.77952755905512 1re
432.56692913385825 1386.4251968503936 116.50393700787401 27.77952755905512 édition
517.3228346456693 1386.4251968503936 137.76377952755905 27.77952755905512 complète,
623.0551181102362 1386.4251968503936 63.496062992125985 27.77952755905512 en
654.8031496062993 1386.4251968503936 106.01574803149606 27.77952755905512 partie
729.0708661417323 1386.4251968503936 126.99212598425197 27.77952755905512 inédite,
824.3149606299213 1386.4251968503936 116.50393700787401 27.77952755905512 publiée
909.0708661417323 1386.4251968503936 73.98425196850394 27.77952755905512 sur
951.3070866141733 1386.4251968503936 73.98425196850394 27.77952755905512 les
983.3385826771654 1386.4251968503936 73.98425196850394 27.77952755905512 manu-

272.9763779527559 1409.3858267716535 106.01574803149606 28.062992125984252 scrits
346.96062992125985 1409.3858267716535 148.53543307086613 28.062992125984252 originaux,
463.748031496063 1409.3858267716535 74.26771653543307 28.062992125984252 par
505.98425196850394 1409.3858267716535 63.496062992125985 28.062992125984252 A.
538.0157480314961 1409.3858267716535 137.76377952755905 28.062992125984252 LAVERDET.
644.0314960629921 1409.3858267716535 53.00787401574803 28.062992125984252 —
665.007874015748 1409.3858267716535 63.496062992125985 28.062992125984252 Un
696.7559055118111 1409.3858267716535 106.01574803149606 28.062992125984252 volume
771.0236220472441 1409.3858267716535 95.5275590551181 28.062992125984252 in-8,
834.8031496062993 1409.3858267716535 116.50393700787401 28.062992125984252 enrichi
919.5590551181102 1409.3858267716535 63.496062992125985 28.062992125984252 de
940.8188976377953 1409.3858267716535 116.50393700787401 28.062992125984252 plusieurs

266.1732283464567 1437.4488188976377 121.88976377952756 18.141732283464567 fac

275.244094488189 1529.007874015748 154.48818897637796 27.212598425196852 N.B.
398.8346456692913 1529.007874015748 61.79527559055118 27.212598425196852 M.
429.73228346456693 1529.007874015748 123.59055118110236 27.212598425196852 LAVERDET
522.4251968503937 1529.007874015748 72.0 27.212598425196852 est
563.5275590551181 1529.007874015748 82.48818897637796 27.212598425196852 chez
615.1181102362204 1529.007874015748 72.0 27.212598425196852 lui
656.2204724409448 1529.007874015748 61.79527559055118 27.212598425196852 de
687.1181102362204 1529.007874015748 51.59055118110236 27.212598425196852 1
707.8110236220473 1529.007874015748 92.69291338582677 27.212598425196852 heure
769.6062992125984 1529.007874015748 51.59055118110236 27.212598425196852 à
790.0157480314961 1529.007874015748 61.79527559055118 27.212598425196852 4,
820.9133858267717 1529.007874015748 72.0 27.212598425196852 les
862.2992125984252 1529.007874015748 133.79527559055117 27.212598425196852 dimanches
965.1968503937007 1529.007874015748 61.79527559055118 27.212598425196852 et
985.8897637795276 1529.007874015748 72.0 27.212598425196852 fêtes

252.28346456692913 1552.8188976377953 133.79527559055117 28.346456692913385 exceptés,
355.18110236220474 1552.8188976377953 61.79527559055118 28.346456692913385 et
386.0787401574803 1552.8188976377953 61.79527559055118 28.346456692913385 du
416.9763779527559 1552.8188976377953 61.79527559055118 28.346456692913385 15
447.87401574803147 1552.8188976377953 92.69291338582677 28.346456692913385 avril
509.6692913385827 1552.8188976377953 61.79527559055118 28.346456692913385 au
540.5669291338583 1552.8188976377953 61.79527559055118 28.346456692913385 15
571.4645669291339 1552.8188976377953 123.59055118110236 28.346456692913385 octobre,
663.8740157480315 1552.8188976377953 72.0 28.346456692913385 les
705.2598425196851 1552.8188976377953 133.79527559055117 28.346456692913385 mercredis
808.1574803149606 1552.8188976377953 61.79527559055118 28.346456692913385 et
839.0551181102362 1552.8188976377953 113.38582677165354 28.346456692913385 samedis
911.0551181102362 1552.8188976377953 123.59055118110236 28.346456692913385 seulement.

336.755905511811 1673.8582677165355 105.44881889763779 27.77952755905512 Paris.
410.45669291338584 1673.8582677165355 52.724409448818896 27.77952755905512 —
431.7165354330709 1673.8582677165355 158.17322834645668 27.77952755905512 Typographie
558.1417322834645 1673.8582677165355 63.21259842519685 27.77952755905512 de
589.8897637795276 1673.8582677165355 115.93700787401575 27.77952755905512 Gaittet
674.3622047244095 1673.8582677165355 63.21259842519685 27.77952755905512 et
705.8267716535433 1673.8582677165355 84.4724409448819 27.77952755905512 Cie,
758.8346456692914 1673.8582677165355 73.98425196850394 27.77952755905512 rue
800.7874015748032 1673.8582677165355 105.44881889763779 27.77952755905512 Git-le
874.7716535433071 1673.8582677165355 94.96062992125984 27.77952755905512 Cœur,
927.496062992126 1673.8582677165355 42.23622047244095 27.77952755905512 7.
