1209.5433070866143 2066.4566929133857
468.8503937007874 175.748031496063 109.7007874015748 27.77952755905512 —
512.503937007874 175.748031496063 131.5275590551181 27.77952755905512 31
556.4409448818898 175.748031496063 65.76377952755905 27.77952755905512 —

159.0236220472441 227.33858267716536 139.46456692913387 31.181102362204726 France.
260.503937007874 227.33858267716536 113.95275590551181 31.181102362204726 Pièce
336.4724409448819 227.33858267716536 152.2204724409449 31.181102362204726 notariée
450.70866141732284 227.33858267716536 113.95275590551181 31.181102362204726 sig.,
526.6771653543307 227.33858267716536 126.70866141732283 31.181102362204726 signée
615.4015748031496 227.33858267716536 113.95275590551181 31.181102362204726 aussi
691.3700787401575 227.33858267716536 88.7244094488189 31.181102362204726 par
742.1102362204724 227.33858267716536 126.70866141732283 31.181102362204726 Isabel
830.8346456692914 227.33858267716536 126.70866141732283 31.181102362204726 Babon,
906.8031496062993 227.33858267716536 50.74015748031496 31.181102362204726 sa

156.75590551181102 254.5511811023622 151.08661417322836 29.480314960629922 femme.
262.48818897637796 254.5511811023622 151.08661417322836 29.480314960629922 Paris,
368.2204724409449 254.5511811023622 75.68503937007874 29.480314960629922 4
398.5511811023622 254.5511811023622 120.75590551181102 29.480314960629922 mars
473.9527559055118 254.5511811023622 136.06299212598427 29.480314960629922 1600.
564.6614173228346 254.5511811023622 75.68503937007874 29.480314960629922 2
594.992125984252 254.5511811023622 90.70866141732283 29.480314960629922 p.
640.3464566929134 254.5511811023622 90.70866141732283 29.480314960629922 et
685.4173228346457 254.5511811023622 136.06299212598427 29.480314960629922 demie
776.1259842519685 254.5511811023622 166.11023622047244 29.480314960629922 in-fol.
897.1653543307086 254.5511811023622 75.68503937007874 29.480314960629922 3
912.1889763779527 254.5511811023622 45.354330708661415 29.480314960629922 »

130.39370078740157 281.1968503937008 94.67716535433071 30.614173228346456 865.
189.63779527559055 281.1968503937008 212.88188976377953 30.614173228346456 Sourdis
367.0866141732283 281.1968503937008 82.77165354330708 30.614173228346456 (le
414.4251968503937 281.1968503937008 142.01574803149606 30.614173228346456 cardinal
521.007874015748 281.1968503937008 94.67716535433071 30.614173228346456 de),
579.9685039370079 281.1968503937008 165.54330708661416 30.614173228346456 archevêque
710.0787401574803 281.1968503937008 70.86614173228347 30.614173228346456 de
745.7952755905512 281.1968503937008 153.92125984251967 30.614173228346456 Bordeaux.
864.0 281.1968503937008 70.86614173228347 30.614173228346456 L.
887.8110236220473 281.1968503937008 70.86614173228347 30.614173228346456 avec

158.45669291338584 309.54330708661416 73.41732283464567 30.04724409448819 la
195.0236220472441 309.54330708661416 195.8740157480315 30.04724409448819 souscription
354.3307086614173 309.54330708661416 98.07874015748031 30.04724409448819 aut.
415.5590551181102 309.54330708661416 110.26771653543307 30.04724409448819 sig.,
488.9763779527559 309.54330708661416 73.41732283464567 30.04724409448819 au
525.8267716535433 309.54330708661416 85.60629921259843 30.04724409448819 duc
574.8661417322835 309.54330708661416 73.41732283464567 30.04724409448819 de
611.4330708661417 309.54330708661416 159.30708661417322 30.04724409448819 Lorraine.
733.8897637795276 309.54330708661416 159.30708661417322 30.04724409448819 Bordeaux,
856.3464566929134 309.54330708661416 73.41732283464567 30.04724409448819 12
881.007874015748 309.54330708661416 73.41732283464567 30.04724409448819 déc.

144.0 335.62204724409446 236.1259842519685 29.480314960629922 1624.
301.6062992125984 335.62204724409446 131.24409448818898 29.480314960629922 1
354.0472440944882 335.62204724409446 157.60629921259843 29.480314960629922 p.
432.8503937007874 335.62204724409446 288.8503937007874 29.480314960629922 in-fol.
642.8976377952756 335.62204724409446 288.8503937007874 29.480314960629922 Cachet.
852.9448818897638 335.62204724409446 131.24409448818898 29.480314960629922 6
879.0236220472441 335.62204724409446 78.80314960629921 29.480314960629922 »

185.95275590551182 363.40157480314963 85.88976377952756 29.763779527559056 »Il
234.99212598425197 363.40157480314963 85.88976377952756 29.763779527559056 lui
284.0314960629921 363.40157480314963 172.06299212598427 29.763779527559056 recommande
419.244094488189 363.40157480314963 85.88976377952756 29.763779527559056 des
468.56692913385825 363.40157480314963 172.06299212598427 29.763779527559056 carmélites
603.7795275590552 363.40157480314963 73.7007874015748 29.763779527559056 de
640.6299212598425 363.40157480314963 159.8740157480315 29.763779527559056 Bordeaux,
763.3700787401575 363.40157480314963 85.88976377952756 29.763779527559056 qui
812.6929133858267 363.40157480314963 98.36220472440945 29.763779527559056 vont
861.7322834645669 363.40157480314963 98.36220472440945 29.763779527559056 demeu-

158.17322834645668 391.18110236220474 101.19685039370079 28.913385826771652 »rer
221.66929133858267 391.18110236220474 63.21259842519685 28.913385826771652 à
246.89763779527559 391.18110236220474 101.19685039370079 28.913385826771652 Bar,
310.1102362204724 391.18110236220474 139.1811023622047 28.913385826771652 n’ayant
411.59055118110234 391.18110236220474 75.96850393700787 28.913385826771652 pu
449.5748031496063 391.18110236220474 151.93700787401573 28.913385826771652 demeurer
563.5275590551181 391.18110236220474 63.21259842519685 28.913385826771652 à
588.7559055118111 391.18110236220474 164.69291338582678 28.913385826771652 Bordeaux,
715.4645669291339 391.18110236220474 101.19685039370079 28.913385826771652 sous
778.9606299212599 391.18110236220474 75.96850393700787 28.913385826771652 la
804.1889763779527 391.18110236220474 151.93700787401573 28.913385826771652 domination

158.45669291338584 419.244094488189 87.8740157480315 21.826771653543307 »du
208.62992125984252 419.244094488189 150.51968503937007 21.826771653543307 cardinal
321.4488188976378 419.244094488189 75.4015748031496 21.826771653543307 de
346.6771653543307 419.244094488189 175.748031496063 21.826771653543307 Bérulle....»

131.5275590551181 445.6062992125984 91.84251968503936 29.480314960629922 366.
189.0708661417323 445.6062992125984 195.30708661417322 29.480314960629922 Suchet
349.79527559055117 445.6062992125984 80.50393700787401 29.480314960629922 (la
395.7165354330709 445.6062992125984 172.3464566929134 29.480314960629922 maréchale),
533.7637795275591 445.6062992125984 137.76377952755905 29.480314960629922 duchesse
636.9448818897638 445.6062992125984 172.3464566929134 29.480314960629922 d’Albuféra.
774.992125984252 445.6062992125984 68.88188976377953 29.480314960629922 L.
809.2913385826772 445.6062992125984 91.84251968503936 29.480314960629922 aut.
866.8346456692914 445.6062992125984 103.46456692913385 29.480314960629922 sig.,
924.0944881889764 445.6062992125984 34.58267716535433 29.480314960629922 à

122.45669291338582 472.251968503937 94.67716535433071 30.04724409448819 M.
169.79527559055117 472.251968503937 94.67716535433071 30.04724409448819 le
217.13385826771653 472.251968503937 173.48031496062993 30.04724409448819 duc....
343.2755905511811 472.251968503937 157.60629921259843 30.04724409448819 Paris,
453.54330708661416 472.251968503937 78.80314960629921 30.04724409448819 9
485.29133858267716 472.251968503937 126.14173228346456 30.04724409448819 juin
564.0944881889764 472.251968503937 142.01574803149606 30.04724409448819 1830.
658.488188976378 472.251968503937 78.80314960629921 30.04724409448819 1
690.2362204724409 472.251968503937 94.67716535433071 30.04724409448819 p.
737.2913385826772 472.251968503937 110.26771653543307 30.04724409448819 pl.
800.503937007874 472.251968503937 142.01574803149606 30.04724409448819 in-4.
895.1811023622047 472.251968503937 78.80314960629921 30.04724409448819 3
910.7716535433071 472.251968503937 47.338582677165356 30.04724409448819 »

131.81102362204723 499.46456692913387 89.29133858267717 28.913385826771652 367.
187.6535433070866 499.46456692913387 212.31496062992127 28.913385826771652 Suyskens
366.23622047244095 499.46456692913387 100.62992125984252 28.913385826771652 (C.),
433.13385826771656 499.46456692913387 122.74015748031496 28.913385826771652 jésuite
522.7086614173228 499.46456692913387 66.89763779527559 28.913385826771652 et
556.1574803149606 499.46456692913387 178.58267716535434 28.913385826771652 bollandiste.
701.2913385826772 499.46456692913387 66.89763779527559 28.913385826771652 L.
734.7401574803149 499.46456692913387 89.29133858267717 28.913385826771652 aut.
790.5826771653543 499.46456692913387 100.62992125984252 28.913385826771652 sig.,
857.4803149606299 499.46456692913387 55.84251968503937 28.913385826771652 à
868.8188976377953 499.46456692913387 89.29133858267717 28.913385826771652 l'abbé

160.15748031496062 527.2440944881889 134.9291338582677 29.480314960629922 Mercier
258.23622047244095 527.2440944881889 73.7007874015748 29.480314960629922 de
295.0866141732283 527.2440944881889 196.44094488188978 29.480314960629922 Saint-Léger.
454.3937007874016 527.2440944881889 134.9291338582677 29.480314960629922 Anvers,
552.7559055118111 527.2440944881889 73.7007874015748 29.480314960629922 22
589.6062992125984 527.2440944881889 147.11811023622047 29.480314960629922 novembre
699.8740157480315 527.2440944881889 110.55118110236221 29.480314960629922 1765.
773.5748031496063 527.2440944881889 61.22834645669291 29.480314960629922 2
797.9527559055118 527.2440944881889 73.7007874015748 29.480314960629922 p.
834.8031496062993 527.2440944881889 110.55118110236221 29.480314960629922 in-4.
908.503937007874 527.2440944881889 61.22834645669291 29.480314960629922 4
920.6929133858267 527.2440944881889 36.8503937007874 29.480314960629922 »

132.66141732283464 554.4566929133858 91.55905511811024 30.04724409448819 368.
189.92125984251967 554.4566929133858 183.11811023622047 30.04724409448819 Talon
338.74015748031496 554.4566929133858 125.85826771653544 30.04724409448819 (Omer),
430.2992125984252 554.4566929133858 125.85826771653544 30.04724409448819 célèbre
521.8582677165355 554.4566929133858 114.51968503937007 30.04724409448819 avocat
602.0787401574803 554.4566929133858 125.85826771653544 30.04724409448819 général
693.6377952755905 554.4566929133858 68.5984251968504 30.04724409448819 au
727.9370078740158 554.4566929133858 148.8188976377953 30.04724409448819 Parlement
842.4566929133858 554.4566929133858 68.5984251968504 30.04724409448819 de
865.4173228346457 554.4566929133858 91.55905511811024 30.04724409448819 Paris.

161.5748031496063 581.6692913385826 68.31496062992126 30.04724409448819 L.
195.59055118110237 581.6692913385826 68.31496062992126 30.04724409448819 a.
229.88976377952756 581.6692913385826 79.65354330708661 30.04724409448819 s.,
275.5275590551181 581.6692913385826 56.976377952755904 30.04724409448819 à
298.20472440944883 581.6692913385826 90.99212598425197 30.04724409448819 M...
355.18110236220474 581.6692913385826 56.976377952755904 30.04724409448819 2
377.8582677165354 581.6692913385826 90.99212598425197 30.04724409448819 déc.
434.8346456692913 581.6692913385826 102.61417322834646 30.04724409448819 1637.
503.1496062992126 581.6692913385826 56.976377952755904 30.04724409448819 1
525.8267716535433 581.6692913385826 79.65354330708661 30.04724409448819 gr.
571.4645669291339 581.6692913385826 68.31496062992126 30.04724409448819 p.
605.7637795275591 581.6692913385826 79.65354330708661 30.04724409448819 pl.
651.1181102362204 581.6692913385826 125.29133858267717 30.04724409448819 in-fol.
742.3937007874016 581.6692913385826 193.60629921259843 30.04724409448819 Intéressante.
901.7007874015748 581.6692913385826 56.976377952755904 30.04724409448819 7
913.0393700787401 581.6692913385826 45.63779527559055 30.04724409448819 50

131.81102362204723 608.8818897637796 93.25984251968504 30.04724409448819 369.
190.20472440944883 608.8818897637796 186.51968503937007 30.04724409448819 Tenon
341.5748031496063 608.8818897637796 221.38582677165354 30.04724409448819 (Jacques-René),
528.0944881889764 608.8818897637796 163.2755905511811 30.04724409448819 chirurgien
656.503937007874 608.8818897637796 140.03149606299212 30.04724409448819 célèbre,
761.3858267716536 608.8818897637796 116.50393700787401 30.04724409448819 membre
843.0236220472441 608.8818897637796 70.01574803149606 30.04724409448819 de
866.2677165354331 608.8818897637796 93.25984251968504 30.04724409448819 l'Ins

161.29133858267716 636.0944881889764 119.33858267716535 30.614173228346456 titut,
244.62992125984252 636.0944881889764 71.43307086614173 30.614173228346456 L.
280.62992125984255 636.0944881889764 95.24409448818898 30.614173228346456 aut.
340.15748031496065 636.0944881889764 107.43307086614173 30.614173228346456 sig.,
411.59055118110234 636.0944881889764 71.43307086614173 30.614173228346456 au
447.3070866141732 636.0944881889764 131.24409448818898 30.614173228346456 citoyen
542.8346456692914 636.0944881889764 155.0551181102362 30.614173228346456 Desjobert
661.8897637795276 636.0944881889764 107.43307086614173 30.614173228346456 père.
733.6062992125984 636.0944881889764 143.1496062992126 30.614173228346456 Vilaine,
840.7559055118111 636.0944881889764 71.43307086614173 30.614173228346456 14
864.8503937007874 636.0944881889764 95.24409448818898 30.614173228346456 messi-

143.71653543307087 663.3070866141733 271.2755905511811 30.04724409448819 dor...
333.6377952755906 663.3070866141733 135.49606299212599 30.04724409448819 3
387.7795275590551 663.3070866141733 189.92125984251967 30.04724409448819 gr.
496.34645669291336 663.3070866141733 162.70866141732284 30.04724409448819 p.
577.7007874015748 663.3070866141733 189.92125984251967 30.04724409448819 pl.
685.9842519685039 663.3070866141733 244.06299212598427 30.04724409448819 in-4.
848.6929133858267 663.3070866141733 135.49606299212599 30.04724409448819 5
875.9055118110236 663.3070866141733 81.35433070866142 30.04724409448819 »

132.66141732283464 691.0866141732283 92.97637795275591 28.346456692913385 370.
190.77165354330708 691.0866141732283 220.53543307086613 28.346456692913385 Thémines
376.4409448818898 691.0866141732283 104.31496062992126 28.346456692913385 (Pons
446.1732283464567 691.0866141732283 69.73228346456693 28.346456692913385 de
480.755905511811 691.0866141732283 150.8031496062992 28.346456692913385 Laurière,
596.9763779527559 691.0866141732283 104.31496062992126 28.346456692913385 baron
666.4251968503937 691.0866141732283 92.97637795275591 28.346456692913385 de),
724.5354330708661 691.0866141732283 139.1811023622047 28.346456692913385 maréchal
829.1338582677165 691.0866141732283 69.73228346456693 28.346456692913385 de
852.3779527559055 691.0866141732283 104.31496062992126 28.346456692913385 France.

160.44094488188978 718.2992125984252 104.03149606299213 30.04724409448819 Quitt.
233.29133858267716 718.2992125984252 83.05511811023622 30.04724409448819 sig.
285.4488188976378 718.2992125984252 83.05511811023622 30.04724409448819 (sur
337.3228346456693 718.2992125984252 124.7244094488189 30.04724409448819 parch.),
430.86614173228344 718.2992125984252 62.36220472440945 30.04724409448819 de
462.0472440944882 718.2992125984252 62.36220472440945 30.04724409448819 la
493.2283464566929 718.2992125984252 93.54330708661418 30.04724409448819 somme
555.5905511811023 718.2992125984252 62.36220472440945 30.04724409448819 de
586.7716535433071 718.2992125984252 72.85039370078741 30.04724409448819 150
628.4409448818898 718.2992125984252 104.03149606299213 30.04724409448819 livres
701.2913385826772 718.2992125984252 93.54330708661418 30.04724409448819 en
763.6535433070866 718.2992125984252 104.03149606299213 30.04724409448819 pièces
836.503937007874 718.2992125984252 62.36220472440945 30.04724409448819 de
857.1968503937007 718.2992125984252 104.03149606299213 30.04724409448819 huit

160.44094488188978 745.511811023622 159.30708661417322 30.614173228346456 sols,
289.98425196850394 745.511811023622 79.65354330708661 30.614173228346456 pour
339.87401574803147 745.511811023622 69.73228346456693 30.614173228346456 son
379.5590551181102 745.511811023622 79.65354330708661 30.614173228346456 état
429.4488188976378 745.511811023622 59.811023622047244 30.614173228346456 de
459.21259842519686 745.511811023622 139.46456692913387 30.614173228346456 gouverneur
568.9133858267717 745.511811023622 59.811023622047244 30.614173228346456 de
598.9606299212599 745.511811023622 169.51181102362204 30.614173228346456 Domme,
738.4251968503937 745.511811023622 79.65354330708661 30.614173228346456 d'un
788.0314960629921 745.511811023622 79.65354330708661 30.614173228346456 mois
837.9212598425197 745.511811023622 59.811023622047244 30.614173228346456 et
867.9685039370079 745.511811023622 89.5748031496063 30.614173228346456 demie
917.5748031496063 745.511811023622 39.968503937007874 30.614173228346456 de

127.55905511811024 772.1574803149606 481.3228346456693 23.811023622047244 l’année
477.3543307086614 772.1574803149606 393.73228346456693 23.811023622047244 1607.
739.8425196850394 772.1574803149606 218.83464566929135 23.811023622047244 3
783.7795275590552 772.1574803149606 174.89763779527559 23.811023622047244 50

132.9448818897638 799.9370078740158 92.69291338582677 30.04724409448819 371.
190.77165354330708 799.9370078740158 197.00787401574803 30.04724409448819 Thiers
352.9133858267717 799.9370078740158 104.31496062992126 30.04724409448819 (A.),
422.6456692913386 799.9370078740158 104.31496062992126 30.04724409448819 homme
492.09448818897636 799.9370078740158 127.2755905511811 30.04724409448819 d’Etat,
584.7874015748032 799.9370078740158 162.14173228346456 30.04724409448819 historien.
712.0629921259842 799.9370078740158 69.44881889763779 30.04724409448819 L.
746.9291338582677 799.9370078740158 92.69291338582677 30.04724409448819 aut.
804.7559055118111 799.9370078740158 104.31496062992126 30.04724409448819 sig.,
874.2047244094488 799.9370078740158 57.826771653543304 30.04724409448819 à
885.8267716535433 799.9370078740158 69.44881889763779 30.04724409448819 M...

153.0708661417323 827.1496062992126 187.08661417322836 29.480314960629922 Paris,
284.0314960629921 827.1496062992126 112.25196850393701 29.480314960629922 22
340.15748031496065 827.1496062992126 205.51181102362204 29.480314960629922 février
489.54330708661416 827.1496062992126 168.3779527559055 29.480314960629922 1854.
601.7952755905512 827.1496062992126 93.54330708661418 29.480314960629922 1
639.2125984251968 827.1496062992126 112.25196850393701 29.480314960629922 p.
695.3385826771654 827.1496062992126 130.96062992125985 29.480314960629922 pl.
769.8897637795276 827.1496062992126 168.3779527559055 29.480314960629922 in-4.
882.1417322834645 827.1496062992126 93.54330708661418 29.480314960629922 5
900.8503937007874 827.1496062992126 56.125984251968504 29.480314960629922 »

189.63779527559055 854.3622047244095 104.5984251968504 28.62992125984252 ...Il
259.37007874015745 854.3622047244095 128.1259842519685 28.62992125984252 insiste
352.62992125984255 854.3622047244095 92.97637795275591 28.62992125984252 pour
410.74015748031496 854.3622047244095 104.5984251968504 28.62992125984252 qu’il
480.4724409448819 854.3622047244095 69.73228346456693 28.62992125984252 ne
515.3385826771654 854.3622047244095 116.22047244094489 28.62992125984252 quitte
596.9763779527559 854.3622047244095 81.35433070866142 28.62992125984252 pas
643.4645669291339 854.3622047244095 139.748031496063 28.62992125984252 Florence
748.0629921259842 854.3622047244095 92.97637795275591 28.62992125984252 sans
806.1732283464567 854.3622047244095 81.35433070866142 28.62992125984252 lui
852.9448818897638 854.3622047244095 104.5984251968504 28.62992125984252 faire
911.0551181102362 854.3622047244095 46.488188976377955 28.62992125984252 le

158.74015748031496 881.5748031496063 129.25984251968504 30.614173228346456 dessin
249.16535433070865 881.5748031496063 77.38582677165354 30.614173228346456 de
288.0 881.5748031496063 77.38582677165354 30.614173228346456 la
326.8346456692913 881.5748031496063 155.0551181102362 30.614173228346456 Prudence
443.0551181102362 881.5748031496063 77.38582677165354 30.614173228346456 de
481.6062992125984 881.5748031496063 206.64566929133858 30.614173228346456 Michel-Ange.
649.7007874015748 881.5748031496063 142.01574803149606 30.614173228346456 Ensuite
752.8818897637796 881.5748031496063 64.62992125984252 30.614173228346456 à
778.6771653543307 881.5748031496063 116.22047244094489 30.614173228346456 Milan
856.3464566929134 881.5748031496063 77.38582677165354 30.614173228346456 il
882.1417322834645 881.5748031496063 77.38582677165354 30.614173228346456 com-

160.15748031496062 909.6377952755905 130.39370078740157 28.62992125984252 mencera
255.11811023622047 909.6377952755905 83.05511811023622 28.62992125984252 par
302.45669291338584 909.6377952755905 71.14960629921259 28.62992125984252 la
338.1732283464567 909.6377952755905 118.48818897637796 28.62992125984252 sainte
409.03937007874015 909.6377952755905 166.11023622047244 28.62992125984252 Catherine...

133.22834645669292 935.4330708661417 92.97637795275591 28.913385826771652 372.
191.33858267716536 935.4330708661417 244.3464566929134 28.913385826771652 Vaulabelle
400.81889763779526 935.4330708661417 104.5984251968504 28.913385826771652 (de),
470.5511811023622 935.4330708661417 151.08661417322836 28.913385826771652 historien
586.7716535433071 935.4330708661417 69.73228346456693 28.913385826771652 de
621.6377952755905 935.4330708661417 69.73228346456693 28.913385826771652 la
656.503937007874 935.4330708661417 197.5748031496063 28.913385826771652 Restauration.
819.496062992126 935.4330708661417 69.73228346456693 28.913385826771652 L.
854.3622047244095 935.4330708661417 69.73228346456693 28.913385826771652 a.
889.2283464566929 935.4330708661417 81.35433070866142 28.913385826771652 s.,
924.0944881889764 935.4330708661417 34.86614173228347 28.913385826771652 à

160.44094488188978 962.6456692913385 73.7007874015748 30.04724409448819 M.
197.29133858267716 962.6456692913385 73.7007874015748 30.04724409448819 le
233.85826771653544 962.6456692913385 110.55118110236221 30.04724409448819 baron
307.5590551181102 962.6456692913385 73.7007874015748 30.04724409448819 de
344.40944881889766 962.6456692913385 196.44094488188978 30.04724409448819 Margueritte.
504.0 962.6456692913385 122.74015748031496 30.04724409448819 Paris,
589.8897637795276 962.6456692913385 73.7007874015748 30.04724409448819 12
626.4566929133858 962.6456692913385 183.96850393700788 30.04724409448819 décembre...
773.8582677165355 962.6456692913385 61.22834645669291 30.04724409448819 1
798.2362204724409 962.6456692913385 73.7007874015748 30.04724409448819 p.
835.0866141732283 962.6456692913385 110.55118110236221 30.04724409448819 in-8.
908.7874015748032 962.6456692913385 61.22834645669291 30.04724409448819 2
920.9763779527559 962.6456692913385 36.8503937007874 30.04724409448819 »

133.79527559055117 989.8582677165355 89.29133858267717 30.614173228346456 373.
189.35433070866142 989.8582677165355 189.63779527559055 30.614173228346456 Vernet
345.54330708661416 989.8582677165355 144.8503937007874 30.614173228346456 (Horace),
457.2283464566929 989.8582677165355 122.74015748031496 30.614173228346456 peintre
546.2362204724409 989.8582677165355 66.89763779527559 30.614173228346456 de
579.6850393700787 989.8582677165355 156.18897637795277 30.614173228346456 batailles.
702.4251968503937 989.8582677165355 66.89763779527559 30.614173228346456 L.
735.8740157480315 989.8582677165355 89.29133858267717 30.614173228346456 aut.
791.7165354330708 989.8582677165355 100.34645669291339 30.614173228346456 sig.,
858.6141732283464 989.8582677165355 55.84251968503937 30.614173228346456 à
881.007874015748 989.8582677165355 66.89763779527559 30.614173228346456 M.
903.1181102362204 989.8582677165355 55.84251968503937 30.614173228346456 Du

155.6220472440945 1016.503937007874 173.1968503937008 28.913385826771652 chesne.
281.76377952755905 1016.503937007874 94.39370078740157 28.913385826771652 13
329.1023622047244 1016.503937007874 173.1968503937008 28.913385826771652 juillet
454.96062992125985 1016.503937007874 141.73228346456693 28.913385826771652 1827.
549.6377952755905 1016.503937007874 78.80314960629921 28.913385826771652 1
581.1023622047244 1016.503937007874 94.39370078740157 28.913385826771652 p.
628.4409448818898 1016.503937007874 141.73228346456693 28.913385826771652 in-8.
722.8346456692914 1016.503937007874 204.9448818897638 28.913385826771652 Curieuse.
880.4409448818898 1016.503937007874 78.80314960629921 28.913385826771652 4
896.3149606299213 1016.503937007874 62.92913385826772 28.913385826771652 50

134.9291338582677 1043.716535433071 82.20472440944881 28.346456692913385 374.
186.23622047244095 1043.716535433071 205.79527559055117 28.346456692913385 Voltaire.
361.13385826771656 1043.716535433071 61.79527559055118 28.346456692913385 L.
392.0314960629921 1043.716535433071 82.20472440944881 28.346456692913385 aut.
443.33858267716533 1043.716535433071 216.0 28.346456692913385 (inédite),
628.4409448818898 1043.716535433071 61.79527559055118 28.346456692913385 au
659.3385826771654 1043.716535433071 123.30708661417323 28.346456692913385 libraire
751.7480314960629 1043.716535433071 123.30708661417323 28.346456692913385 Lambert.
844.4409448818898 1043.716535433071 82.20472440944881 28.346456692913385 Sans
885.5433070866142 1043.716535433071 72.0 28.346456692913385 date.

159.30708661417322 1071.4960629921259 57.25984251968504 30.04724409448819 4
181.98425196850394 1071.4960629921259 68.5984251968504 30.04724409448819 p.
216.28346456692913 1071.4960629921259 102.89763779527559 30.04724409448819 in-4.
284.88188976377955 1071.4960629921259 79.93700787401575 30.04724409448819 Les
330.5196850393701 1071.4960629921259 91.55905511811024 30.04724409448819 deux
387.7795275590551 1071.4960629921259 148.53543307086613 30.04724409448819 premières
502.01574803149606 1071.4960629921259 102.89763779527559 30.04724409448819 pages
570.6141732283464 1071.4960629921259 91.55905511811024 30.04724409448819 sont
627.8740157480315 1071.4960629921259 91.55905511811024 30.04724409448819 aut.
684.8503937007874 1071.4960629921259 68.5984251968504 30.04724409448819 et
719.1496062992126 1071.4960629921259 148.53543307086613 30.04724409448819 relatives
833.3858267716536 1071.4960629921259 57.25984251968504 30.04724409448819 à
856.3464566929134 1071.4960629921259 79.93700787401575 30.04724409448819 des
890.6456692913385 1071.4960629921259 68.5984251968504 30.04724409448819 cor-

161.5748031496063 1098.708661417323 136.62992125984252 29.480314960629922 rections
263.90551181102364 1098.708661417323 56.976377952755904 29.480314960629922 à
286.5826771653543 1098.708661417323 102.33070866141732 29.480314960629922 faire
354.8976377952756 1098.708661417323 56.976377952755904 29.480314960629922 à
377.8582677165354 1098.708661417323 147.96850393700788 29.480314960629922 l’édition
491.5275590551181 1098.708661417323 68.31496062992126 29.480314960629922 de
525.5433070866142 1098.708661417323 125.29133858267717 29.480314960629922 Dresde,
616.8188976377953 1098.708661417323 79.65354330708661 29.480314960629922 les
662.1732283464567 1098.708661417323 68.31496062992126 29.480314960629922 3e
696.4724409448819 1098.708661417323 68.31496062992126 29.480314960629922 et
730.488188976378 1098.708661417323 68.31496062992126 29.480314960629922 4e
764.7874015748032 1098.708661417323 90.99212598425197 29.480314960629922 sont
821.4803149606299 1098.708661417323 136.62992125984252 29.480314960629922 remplies
912.4724409448819 1098.708661417323 45.63779527559055 29.480314960629922 de

159.0236220472441 1125.9212598425197 92.69291338582677 29.480314960629922 vers
216.8503937007874 1125.9212598425197 81.07086614173228 29.480314960629922 (de
263.33858267716533 1125.9212598425197 69.44881889763779 29.480314960629922 la
297.9212598425197 1125.9212598425197 92.69291338582677 29.480314960629922 main
356.0314960629921 1125.9212598425197 92.69291338582677 29.480314960629922 d’un
413.8582677165354 1125.9212598425197 173.76377952755905 29.480314960629922 secrétaire)
552.7559055118111 1125.9212598425197 57.826771653543304 29.480314960629922 à
576.0 1125.9212598425197 138.89763779527559 29.480314960629922 corriger
680.3149606299213 1125.9212598425197 104.31496062992126 29.480314960629922 aussi
749.7637795275591 1125.9212598425197 92.69291338582677 29.480314960629922 dans
807.5905511811023 1125.9212598425197 150.51968503937007 29.480314960629922 l’édition
911.9055118110236 1125.9212598425197 46.20472440944882 29.480314960629922 de

159.8740157480315 1152.5669291338584 136.91338582677164 30.04724409448819 Dresde,
259.65354330708664 1152.5669291338584 99.77952755905511 30.04724409448819 avec
321.73228346456693 1152.5669291338584 161.85826771653544 30.04724409448819 plusieurs
446.45669291338584 1152.5669291338584 186.8031496062992 30.04724409448819 indications
595.8425196850394 1152.5669291338584 74.83464566929133 30.04724409448819 de
633.2598425196851 1152.5669291338584 74.83464566929133 30.04724409448819 la
670.6771653543307 1152.5669291338584 99.77952755905511 30.04724409448819 main
733.0393700787401 1152.5669291338584 74.83464566929133 30.04724409448819 de
770.4566929133858 1152.5669291338584 161.85826771653544 30.04724409448819 Voltaire.
894.8976377952756 1152.5669291338584 74.83464566929133 30.04724409448819 20
919.8425196850394 1152.5669291338584 37.41732283464567 30.04724409448819 »

134.36220472440945 1179.2125984251968 80.22047244094489 31.181102362204726 375.
184.53543307086613 1179.2125984251968 200.69291338582678 31.181102362204726 Voltaire.
355.18110236220474 1179.2125984251968 140.5984251968504 31.181102362204726 Préface
465.4488188976378 1179.2125984251968 60.09448818897638 31.181102362204726 de
495.496062992126 1179.2125984251968 60.09448818897638 31.181102362204726 la
525.5433070866142 1179.2125984251968 120.4724409448819 31.181102362204726 Henriade
615.9685039370079 1179.2125984251968 70.2992125984252 31.181102362204726 par
656.2204724409448 1179.2125984251968 60.09448818897638 31.181102362204726 le
686.2677165354331 1179.2125984251968 70.2992125984252 31.181102362204726 roy
726.5196850393701 1179.2125984251968 60.09448818897638 31.181102362204726 de
756.5669291338583 1179.2125984251968 140.5984251968504 31.181102362204726 Prusse
866.8346456692914 1179.2125984251968 90.4251968503937 31.181102362204726 (ceci
917.007874015748 1179.2125984251968 40.25196850393701 31.181102362204726 de

159.59055118110237 1207.5590551181103 71.43307086614173 29.480314960629922 de
195.30708661417322 1207.5590551181103 71.43307086614173 29.480314960629922 la
231.0236220472441 1207.5590551181103 95.24409448818898 29.480314960629922 main
290.26771653543307 1207.5590551181103 71.43307086614173 29.480314960629922 de
325.98425196850394 1207.5590551181103 166.39370078740157 29.480314960629922 Voltaire).
456.9448818897638 1207.5590551181103 106.86614173228347 29.480314960629922 Copie
528.0944881889764 1207.5590551181103 95.24409448818898 29.480314960629922 pour
587.6220472440945 1207.5590551181103 71.43307086614173 29.480314960629922 le
623.3385826771654 1207.5590551181103 142.58267716535434 29.480314960629922 libraire
730.2047244094488 1207.5590551181103 142.58267716535434 29.480314960629922 Lambert.
837.3543307086615 1207.5590551181103 71.43307086614173 29.480314960629922 14
872.7874015748032 1207.5590551181103 71.43307086614173 29.480314960629922 p.
896.5984251968504 1207.5590551181103 59.52755905511811 29.480314960629922 pl.

160.44094488188978 1235.3385826771653 63.21259842519685 29.480314960629922 et
191.90551181102362 1235.3385826771653 94.67716535433071 29.480314960629922 quart
255.11811023622047 1235.3385826771653 94.67716535433071 29.480314960629922 in-4,
318.3307086614173 1235.3385826771653 84.18897637795276 29.480314960629922 avec
370.7716535433071 1235.3385826771653 63.21259842519685 29.480314960629922 un
402.5196850393701 1235.3385826771653 115.65354330708661 29.480314960629922 avis
486.70866141732284 1235.3385826771653 63.21259842519685 29.480314960629922 de
518.1732283464567 1235.3385826771653 189.35433070866142 29.480314960629922 l'éditeur,
676.0629921259842 1235.3385826771653 52.724409448818896 29.480314960629922 1
697.0393700787401 1235.3385826771653 63.21259842519685 29.480314960629922 p.
728.503937007874 1235.3385826771653 94.67716535433071 29.480314960629922 in-8.
791.7165354330708 1235.3385826771653 63.21259842519685 29.480314960629922 Il
823.1811023622047 1235.3385826771653 52.724409448818896 29.480314960629922 y
844.4409448818898 1235.3385826771653 52.724409448818896 29.480314960629922 a
854.9291338582677 1235.3385826771653 105.16535433070867 29.480314960629922 dix

137.1968503937008 1261.4173228346456 342.1417322834646 30.614173228346456 lignes
376.7244094488189 1261.4173228346456 205.22834645669292 30.614173228346456 de
479.33858267716533 1261.4173228346456 410.45669291338584 30.614173228346456 biffées.
787.4645669291339 1261.4173228346456 205.22834645669292 30.614173228346456 25
855.7795275590552 1261.4173228346456 102.61417322834646 30.614173228346456 »

132.66141732283464 1288.0629921259842 91.84251968503936 31.748031496062993 376.
190.20472440944883 1288.0629921259842 241.22834645669292 31.748031496062993 Wellington
396.8503937007874 1288.0629921259842 80.50393700787401 31.748031496062993 (le
443.0551181102362 1288.0629921259842 80.50393700787401 31.748031496062993 duc
488.9763779527559 1288.0629921259842 91.84251968503936 31.748031496062993 de).
546.2362204724409 1288.0629921259842 68.88188976377953 31.748031496062993 L.
580.8188976377953 1288.0629921259842 91.84251968503936 31.748031496062993 aut.
638.0787401574803 1288.0629921259842 103.46456692913385 31.748031496062993 sig.,
707.2440944881889 1288.0629921259842 57.54330708661417 31.748031496062993 à
730.2047244094488 1288.0629921259842 68.88188976377953 31.748031496062993 M.
764.503937007874 1288.0629921259842 137.76377952755905 31.748031496062993 Breguet.
867.9685039370079 1288.0629921259842 68.88188976377953 31.748031496062993 29
890.9291338582677 1288.0629921259842 68.88188976377953 31.748031496062993 sep-

144.28346456692913 1317.5433070866143 280.9133858267717 28.913385826771652 tembre
340.7244094488189 1317.5433070866143 252.8503937007874 28.913385826771652 1843.
509.38582677165357 1317.5433070866143 140.31496062992127 28.913385826771652 1
565.511811023622 1317.5433070866143 168.3779527559055 28.913385826771652 p.
649.7007874015748 1317.5433070866143 252.8503937007874 28.913385826771652 in-8.
818.3622047244095 1317.5433070866143 140.31496062992127 28.913385826771652 6
846.4251968503937 1317.5433070866143 112.25196850393701 28.913385826771652 50

131.5275590551181 1425.259842519685 114.23622047244095 31.181102362204726 377.
202.6771653543307 1425.259842519685 242.64566929133858 31.181102362204726 Carmélites
402.5196850393701 1425.259842519685 85.60629921259843 31.181102362204726 de
445.3228346456693 1425.259842519685 256.81889763779526 31.181102362204726 Sainte-Thérèse
659.3385826771654 1425.259842519685 85.60629921259843 31.181102362204726 de
702.1417322834645 1425.259842519685 185.38582677165354 31.181102362204726 Jésus
830.5511811023622 1425.259842519685 128.40944881889763 31.181102362204726 (Pièces

161.29133858267716 1457.007874015748 168.3779527559055 30.614173228346456 originales,
295.93700787401576 1457.007874015748 157.03937007874015 30.614173228346456 concernant
419.5275590551181 1457.007874015748 100.91338582677166 30.614173228346456 les),
486.70866141732284 1457.007874015748 89.85826771653544 30.614173228346456 leur
542.8346456692914 1457.007874015748 190.77165354330708 30.614173228346456 établissement
699.8740157480315 1457.007874015748 78.51968503937007 30.614173228346456 rue
744.6614173228346 1457.007874015748 67.18110236220473 30.614173228346456 du
767.0551181102362 1457.007874015748 190.77165354330708 30.614173228346456 Bouloir,

161.85826771653544 1487.6220472440946 125.00787401574803 31.748031496062993 (proche
252.8503937007874 1487.6220472440946 68.31496062992126 31.748031496062993 le
286.86614173228344 1487.6220472440946 125.00787401574803 31.748031496062993 château
377.8582677165354 1487.6220472440946 68.31496062992126 31.748031496062993 du
411.87401574803147 1487.6220472440946 125.00787401574803 31.748031496062993 Louvre,
502.86614173228344 1487.6220472440946 90.99212598425197 31.748031496062993 sans
559.8425196850394 1487.6220472440946 102.33070866141732 31.748031496062993 doute
628.1574803149606 1487.6220472440946 68.31496062992126 31.748031496062993 la
662.1732283464567 1487.6220472440946 79.65354330708661 31.748031496062993 rue
707.5275590551181 1487.6220472440946 136.3464566929134 31.748031496062993 actuelle
809.8582677165355 1487.6220472440946 68.31496062992126 31.748031496062993 du
832.8188976377953 1487.6220472440946 125.00787401574803 31.748031496062993 Bouloir),

160.44094488188978 1517.3858267716535 96.66141732283465 31.46456692913386 puis
220.8188976377953 1517.3858267716535 96.66141732283465 31.46456692913386 leur
281.1968503937008 1517.3858267716535 181.13385826771653 31.46456692913386 translation
426.3307086614173 1517.3858267716535 72.56692913385827 31.46456692913386 au
462.3307086614173 1517.3858267716535 144.8503937007874 31.46456692913386 faubourg
571.1811023622047 1517.3858267716535 217.41732283464566 31.46456692913386 Saint-Germain,
740.1259842519685 1517.3858267716535 72.56692913385827 31.46456692913386 etc.

186.8031496062992 1548.283464566929 71.14960629921259 29.763779527559056 1°
222.51968503937007 1548.283464566929 106.86614173228347 29.763779527559056 Lett.
293.6692913385827 1548.283464566929 142.58267716535434 29.763779527559056 patentes
400.53543307086613 1548.283464566929 71.14960629921259 29.763779527559056 du
436.251968503937 1548.283464566929 94.96062992125984 29.763779527559056 roi,
495.496062992126 1548.283464566929 130.6771653543307 29.763779527559056 portant
590.4566929133858 1548.283464566929 225.63779527559055 29.763779527559056 l'établissement
780.3779527559055 1548.283464566929 71.14960629921259 29.763779527559056 du
816.0944881889764 1548.283464566929 130.6771653543307 29.763779527559056 couvent
899.1496062992126 1548.283464566929 59.24409448818898 29.763779527559056 des

159.8740157480315 1577.1968503937007 181.41732283464566 34.01574803149607 Carmélites,
305.00787401574803 1577.1968503937007 84.75590551181102 34.01574803149607 rue
353.4803149606299 1577.1968503937007 72.56692913385827 34.01574803149607 du
389.76377952755905 1577.1968503937007 145.13385826771653 34.01574803149607 Bouloir,
498.61417322834643 1577.1968503937007 72.56692913385827 34.01574803149607 (à
534.8976377952756 1577.1968503937007 72.56692913385827 34.01574803149607 la
571.1811023622047 1577.1968503937007 132.9448818897638 34.01574803149607 demande
667.8425196850394 1577.1968503937007 72.56692913385827 34.01574803149607 de
704.1259842519685 1577.1968503937007 72.56692913385827 34.01574803149607 la
740.4094488188977 1577.1968503937007 108.85039370078741 34.01574803149607 reine
812.9763779527559 1577.1968503937007 84.75590551181102 34.01574803149607 son
849.2598425196851 1577.1968503937007 108.85039370078741 34.01574803149607 épouse,

160.7244094488189 1608.9448818897638 75.96850393700787 32.881889763779526 en
198.70866141732284 1608.9448818897638 164.69291338582678 32.881889763779526 l’honneur
325.4173228346457 1608.9448818897638 75.96850393700787 32.881889763779526 de
363.40157480314963 1608.9448818897638 75.96850393700787 32.881889763779526 sa
401.38582677165357 1608.9448818897638 202.6771653543307 32.881889763779526 bienheureuse
566.0787401574803 1608.9448818897638 164.69291338582678 32.881889763779526 patronne,
692.7874015748032 1608.9448818897638 88.7244094488189 32.881889763779526 Ste
743.2440944881889 1608.9448818897638 151.93700787401573 32.881889763779526 Thérèse,
857.4803149606299 1608.9448818897638 75.96850393700787 32.881889763779526 et
882.7086614173228 1608.9448818897638 75.96850393700787 32.881889763779526 pour

161.5748031496063 1640.1259842519685 161.85826771653544 30.04724409448819 remercier
286.01574803149606 1640.1259842519685 99.49606299212599 30.04724409448819 Dieu
348.37795275590554 1640.1259842519685 74.55118110236221 30.04724409448819 de
385.51181102362204 1640.1259842519685 74.55118110236221 30.04724409448819 la
422.92913385826773 1640.1259842519685 161.85826771653544 30.04724409448819 naissance
547.3700787401575 1640.1259842519685 74.55118110236221 30.04724409448819 du
584.7874015748032 1640.1259842519685 211.46456692913387 30.04724409448819 Dauphin....).
759.1181102362204 1640.1259842519685 124.44094488188976 30.04724409448819 Paris,
833.6692913385826 1640.1259842519685 124.44094488188976 30.04724409448819 décembre

161.85826771653544 1669.6062992125985 108.56692913385827 32.881889763779526 1663.
234.4251968503937 1669.6062992125985 120.4724409448819 32.881889763779526 Grande
318.61417322834643 1669.6062992125985 132.66141732283464 32.881889763779526 feuille
414.99212598425197 1669.6062992125985 120.4724409448819 32.881889763779526 double
499.46456692913387 1669.6062992125985 132.66141732283464 32.881889763779526 in-fol.
595.8425196850394 1669.6062992125985 192.75590551181102 32.881889763779526 (Parchemin),
752.5984251968504 1669.6062992125985 96.37795275590551 32.881889763779526 avec
812.9763779527559 1669.6062992125985 108.56692913385827 32.881889763779526 grand
873.0708661417323 1669.6062992125985 84.4724409448819 32.881889763779526 sceau

162.14173228346456 1701.9212598425197 68.5984251968504 23.244094488188978 en
196.44094488188978 1701.9212598425197 91.2755905511811 23.244094488188978 cire
242.07874015748033 1701.9212598425197 91.2755905511811 23.244094488188978 verte.
