1209.5433070866143 2052.850393700787
509.6692913385827 186.8031496062992 102.89763779527559 26.078740157480315 —
550.7716535433071 186.8031496062992 123.30708661417323 26.078740157480315 20
591.8740157480315 186.8031496062992 61.79527559055118 26.078740157480315 —

217.70078740157481 235.84251968503938 164.40944881889763 31.181102362204726 porcelaine
346.6771653543307 235.84251968503938 70.2992125984252 31.181102362204726 de
381.8267716535433 235.84251968503938 128.9763779527559 31.181102362204726 Sèvres,
475.65354330708664 235.84251968503938 117.35433070866142 31.181102362204726 membre
557.8582677165355 235.84251968503938 70.2992125984252 31.181102362204726 de
593.007874015748 235.84251968503938 164.40944881889763 31.181102362204726 l’Académie
722.2677165354331 235.84251968503938 82.20472440944881 31.181102362204726 des
769.0393700787401 235.84251968503938 152.50393700787401 31.181102362204726 Sciences.
886.3937007874016 235.84251968503938 70.2992125984252 31.181102362204726 L.
921.5433070866142 235.84251968503938 70.2992125984252 31.181102362204726 a.
945.0708661417323 235.84251968503938 58.67716535433071 31.181102362204726 s.,

216.8503937007874 263.0551181102362 59.52755905511811 32.881889763779526 à
240.66141732283464 263.0551181102362 71.43307086614173 32.881889763779526 M.
276.37795275590554 263.0551181102362 71.43307086614173 32.881889763779526 le
312.09448818897636 263.0551181102362 107.14960629921259 32.881889763779526 baron
383.5275590551181 263.0551181102362 142.86614173228347 32.881889763779526 d’Acher.
490.6771653543307 263.0551181102362 130.96062992125985 32.881889763779526 Sèvres,
585.9212598425197 263.0551181102362 59.52755905511811 32.881889763779526 9
609.7322834645669 263.0551181102362 130.96062992125985 32.881889763779526 juillet
705.2598425196851 263.0551181102362 107.14960629921259 32.881889763779526 1829.
776.6929133858267 263.0551181102362 59.52755905511811 32.881889763779526 3
800.503937007874 263.0551181102362 83.33858267716535 32.881889763779526 gr.
848.1259842519685 263.0551181102362 71.43307086614173 32.881889763779526 p.
883.8425196850394 263.0551181102362 107.14960629921259 32.881889763779526 in-4.
955.2755905511812 263.0551181102362 59.52755905511811 32.881889763779526 6
967.1811023622047 263.0551181102362 35.71653543307087 32.881889763779526 »

245.76377952755905 289.7007874015748 116.50393700787401 32.59842519685039 Lettre
327.40157480314963 289.7007874015748 186.51968503937007 32.59842519685039 intéressante
478.7716535433071 289.7007874015748 70.01574803149606 32.59842519685039 au
513.6377952755905 289.7007874015748 104.88188976377953 32.59842519685039 sujet
583.6535433070866 289.7007874015748 81.63779527559055 32.59842519685039 des
630.1417322834645 289.7007874015748 151.37007874015748 32.59842519685039 portraits
746.6456692913385 289.7007874015748 70.01574803149606 32.59842519685039 et
781.511811023622 289.7007874015748 116.50393700787401 32.59842519685039 bustes
863.1496062992126 289.7007874015748 81.63779527559055 32.59842519685039 des
898.0157480314961 289.7007874015748 104.88188976377953 32.59842519685039 membres

217.41732283464566 316.34645669291336 74.55118110236221 34.58267716535433 de
254.83464566929135 316.34645669291336 74.55118110236221 34.58267716535433 la
292.251968503937 316.34645669291336 136.91338582677164 34.58267716535433 famille
391.748031496063 316.34645669291336 136.91338582677164 34.58267716535433 royale,
491.244094488189 316.34645669291336 87.02362204724409 34.58267716535433 que
541.1338582677165 316.34645669291336 87.02362204724409 34.58267716535433 Mgr
590.7401574803149 316.34645669291336 74.55118110236221 34.58267716535433 le
628.1574803149606 316.34645669291336 136.91338582677164 34.58267716535433 dauphin
727.6535433070866 316.34645669291336 124.44094488188976 34.58267716535433 désire
814.6771653543307 316.34645669291336 124.44094488188976 34.58267716535433 avoir.
901.9842519685039 316.34645669291336 74.55118110236221 34.58267716535433 Le
926.9291338582677 316.34645669291336 74.55118110236221 34.58267716535433 roi,

218.5511811023622 342.4251968503937 71.43307086614173 33.44881889763779 M.
254.26771653543307 342.4251968503937 71.43307086614173 33.44881889763779 le
289.98425196850394 342.4251968503937 83.33858267716535 33.44881889763779 duc
337.6062992125984 342.4251968503937 71.43307086614173 33.44881889763779 de
373.3228346456693 342.4251968503937 154.77165354330708 33.44881889763779 Bordeaux,
492.37795275590554 342.4251968503937 226.20472440944883 33.44881889763779 Mademoiselle...
683.1496062992126 342.4251968503937 83.33858267716535 33.44881889763779 «Il
730.7716535433071 342.4251968503937 83.33858267716535 33.44881889763779 est
778.3937007874016 342.4251968503937 130.96062992125985 33.44881889763779 presque
861.7322834645669 342.4251968503937 142.86614173228347 33.44881889763779 impossible

218.26771653543307 370.20472440944883 142.86614173228347 32.31496062992126 «d’avoir
325.4173228346457 370.20472440944883 71.43307086614173 32.31496062992126 un
361.13385826771656 370.20472440944883 83.33858267716535 32.31496062992126 bon
408.755905511811 370.20472440944883 107.14960629921259 32.31496062992126 buste
480.18897637795277 370.20472440944883 71.43307086614173 32.31496062992126 de
515.9055118110236 370.20472440944883 71.43307086614173 32.31496062992126 S.
551.6220472440945 370.20472440944883 71.43307086614173 32.31496062992126 A.
587.3385826771654 370.20472440944883 71.43307086614173 32.31496062992126 R.
623.0551181102362 370.20472440944883 119.05511811023622 32.31496062992126 Madame
706.3937007874016 370.20472440944883 71.43307086614173 32.31496062992126 la
742.1102362204724 370.20472440944883 154.77165354330708 32.31496062992126 Dauphine,
861.1653543307086 370.20472440944883 107.14960629921259 32.31496062992126 cette
920.6929133858267 370.20472440944883 83.33858267716535 32.31496062992126 prin-

218.5511811023622 397.4173228346457 117.35433070866142 32.881889763779526 «cesse
300.755905511811 397.4173228346457 70.58267716535433 32.881889763779526 ne
335.90551181102364 397.4173228346457 164.40944881889763 32.881889763779526 paraissant
465.1653543307087 397.4173228346457 82.20472440944881 32.881889763779526 pas
512.2204724409448 397.4173228346457 140.88188976377953 32.881889763779526 disposée
617.9527559055118 397.4173228346457 58.67716535433071 32.881889763779526 à
641.1968503937007 397.4173228346457 117.35433070866142 32.881889763779526 donner
723.4015748031496 397.4173228346457 82.20472440944881 32.881889763779526 les
770.4566929133858 397.4173228346457 129.25984251968504 32.881889763779526 séances
852.6614173228346 397.4173228346457 152.78740157480314 32.881889763779526 nécessaires

218.5511811023622 424.62992125984255 74.83464566929133 32.31496062992126 «à
255.96850393700788 424.62992125984255 74.83464566929133 32.31496062992126 ce
293.38582677165357 424.62992125984255 112.25196850393701 32.31496062992126 genre
368.2204724409449 424.62992125984255 74.83464566929133 32.31496062992126 de
405.6377952755906 424.62992125984255 162.14173228346456 32.31496062992126 portrait,
530.3622047244095 424.62992125984255 74.83464566929133 32.31496062992126 et
567.7795275590552 424.62992125984255 112.25196850393701 32.31496062992126 aucun
642.3307086614174 424.62992125984255 74.83464566929133 32.31496062992126 de
679.7480314960629 424.62992125984255 99.77952755905511 32.31496062992126 ceux
742.1102362204724 424.62992125984255 87.30708661417323 32.31496062992126 qui
792.0 424.62992125984255 87.30708661417323 32.31496062992126 ont
841.8897637795276 424.62992125984255 87.30708661417323 32.31496062992126 été
891.7795275590552 424.62992125984255 112.25196850393701 32.31496062992126 faits
954.1417322834645 424.62992125984255 49.889763779527556 32.31496062992126 ne

218.5511811023622 453.54330708661416 147.68503937007873 30.04724409448819 «m’ayant
329.1023622047244 453.54330708661416 98.36220472440945 30.04724409448819 paru
378.4251968503937 453.54330708661416 258.23622047244095 30.04724409448819 satisfaisant......»

196.44094488188978 477.3543307086614 78.80314960629921 32.31496062992126 185.
245.76377952755905 477.3543307086614 157.60629921259843 32.31496062992126 Brune
373.6062992125984 477.3543307086614 68.88188976377953 32.31496062992126 (le
413.00787401574803 477.3543307086614 137.76377952755905 32.31496062992126 maréchal).
521.2913385826772 477.3543307086614 58.960629921259844 32.31496062992126 Né
550.7716535433071 477.3543307086614 49.32283464566929 32.31496062992126 à
570.6141732283464 477.3543307086614 167.24409448818898 32.31496062992126 Brives
708.3779527559055 477.3543307086614 137.76377952755905 32.31496062992126 (Corrèze),
816.6614173228346 477.3543307086614 127.84251968503936 32.31496062992126 assassiné
915.0236220472441 477.3543307086614 58.960629921259844 32.31496062992126 en
934.8661417322835 477.3543307086614 68.88188976377953 32.31496062992126 1815.

217.98425196850394 504.56692913385825 89.00787401574803 32.881889763779526 L.
262.48818897637796 504.56692913385825 118.77165354330708 32.881889763779526 aut.
336.4724409448819 504.56692913385825 133.51181102362204 32.881889763779526 sig.,
425.76377952755905 504.56692913385825 193.03937007874015 32.881889763779526 Boulogne,
574.0157480314961 504.56692913385825 89.00787401574803 32.881889763779526 15
618.5196850393701 504.56692913385825 103.74803149606299 32.881889763779526 mai
677.7637795275591 504.56692913385825 133.51181102362204 32.881889763779526 1806.
766.7716535433071 504.56692913385825 74.26771653543307 32.881889763779526 1
796.5354330708661 504.56692913385825 89.00787401574803 32.881889763779526 p.
841.0393700787401 504.56692913385825 148.251968503937 32.881889763779526 in-12.
945.0708661417323 504.56692913385825 74.26771653543307 32.881889763779526 3
959.8110236220473 504.56692913385825 44.503937007874015 32.881889763779526 »

192.4724409448819 531.2125984251968 97.22834645669292 32.31496062992126 186.
253.13385826771653 531.2125984251968 206.36220472440945 32.31496062992126 Buache
423.21259842519686 531.2125984251968 230.74015748031496 32.31496062992126 (Jean-Nicolas),
617.3858267716536 531.2125984251968 85.03937007874016 32.31496062992126 1er
665.8582677165355 531.2125984251968 157.88976377952756 32.31496062992126 géographe
787.1811023622047 531.2125984251968 72.85039370078741 32.31496062992126 du
823.7480314960629 531.2125984251968 97.22834645669292 32.31496062992126 roi,
884.4094488188977 531.2125984251968 121.32283464566929 32.31496062992126 membre
957.2598425196851 531.2125984251968 48.47244094488189 32.31496062992126 de

221.10236220472441 558.4251968503937 152.2204724409449 31.181102362204726 l’Académie
340.7244094488189 558.4251968503937 76.25196850393701 31.181102362204726 des
384.09448818897636 558.4251968503937 141.4488188976378 31.181102362204726 sciences.
492.9448818897638 558.4251968503937 65.19685039370079 31.181102362204726 Né
525.5433070866142 558.4251968503937 54.425196850393704 31.181102362204726 à
547.3700787401575 558.4251968503937 326.26771653543307 31.181102362204726 La-Neuville-au-Pont
830.2677165354331 558.4251968503937 174.04724409448818 31.181102362204726 (Haute

218.83464566929135 585.0708661417323 87.59055118110236 33.44881889763779 L.
262.48818897637796 585.0708661417323 116.78740157480316 33.44881889763779 aut.
335.33858267716533 585.0708661417323 116.78740157480316 33.44881889763779 sig.
408.4724409448819 585.0708661417323 145.98425196850394 33.44881889763779 Paris,
510.5196850393701 585.0708661417323 87.59055118110236 33.44881889763779 20
554.1732283464567 585.0708661417323 116.78740157480316 33.44881889763779 juin
627.3070866141733 585.0708661417323 131.24409448818898 33.44881889763779 1791.
714.8976377952756 585.0708661417323 72.85039370078741 33.44881889763779 1
744.0944881889764 585.0708661417323 87.59055118110236 33.44881889763779 p.
787.7480314960629 585.0708661417323 102.04724409448819 33.44881889763779 pl.
846.1417322834645 585.0708661417323 131.24409448818898 33.44881889763779 in-4.
933.7322834645669 585.0708661417323 72.85039370078741 33.44881889763779 2
948.1889763779527 585.0708661417323 58.39370078740158 33.44881889763779 75

193.03937007874015 612.2834645669292 90.4251968503937 31.748031496062993 187.
249.4488188976378 612.2834645669292 192.18897637795277 31.748031496062993 Bulow,
407.90551181102364 612.2834645669292 135.49606299212599 31.748031496062993 ministre
509.6692913385827 612.2834645669292 225.92125984251967 31.748031496062993 plénipotentiaire
701.5748031496063 612.2834645669292 67.74803149606299 31.748031496062993 de
735.5905511811023 612.2834645669292 67.74803149606299 31.748031496062993 la
769.6062992125984 612.2834645669292 113.10236220472441 31.748031496062993 Russie
848.6929133858267 612.2834645669292 67.74803149606299 31.748031496062993 au
882.4251968503937 612.2834645669292 124.44094488188976 31.748031496062993 Congrès
961.7952755905512 612.2834645669292 45.07086614173228 31.748031496062993 de

220.53543307086613 638.9291338582677 124.7244094488189 31.181102362204726 Paris.
307.84251968503935 638.9291338582677 74.83464566929133 31.181102362204726 L.
345.25984251968504 638.9291338582677 74.83464566929133 31.181102362204726 a.
382.6771653543307 638.9291338582677 87.30708661417323 31.181102362204726 s.,
432.56692913385825 638.9291338582677 149.66929133858267 31.181102362204726 Londres,
544.8188976377953 638.9291338582677 62.36220472440945 31.181102362204726 8
569.7637795275591 638.9291338582677 149.66929133858267 31.181102362204726 novembre
681.7322834645669 638.9291338582677 112.25196850393701 31.181102362204726 1832.
756.5669291338583 638.9291338582677 62.36220472440945 31.181102362204726 1
781.511811023622 638.9291338582677 74.83464566929133 31.181102362204726 p.
818.9291338582677 638.9291338582677 87.30708661417323 31.181102362204726 pl.
868.8188976377953 638.9291338582677 112.25196850393701 31.181102362204726 in-8.
943.6535433070866 638.9291338582677 62.36220472440945 31.181102362204726 4
956.1259842519685 638.9291338582677 49.889763779527556 31.181102362204726 50

197.85826771653544 665.5748031496063 68.5984251968504 32.31496062992126 188
237.25984251968504 665.5748031496063 176.5984251968504 32.31496062992126 Bugeaud
384.37795275590554 665.5748031496063 68.5984251968504 32.31496062992126 (le
423.7795275590551 665.5748031496063 137.48031496062993 32.31496062992126 maréchal),
531.496062992126 665.5748031496063 68.5984251968504 32.31496062992126 duc
570.8976377952756 665.5748031496063 176.5984251968504 32.31496062992126 d'Isly.
718.0157480314961 665.5748031496063 58.960629921259844 32.31496062992126 Né
747.496062992126 665.5748031496063 49.039370078740156 32.31496062992126 à
767.0551181102362 665.5748031496063 186.51968503937007 32.31496062992126 Limoges.
924.0944881889764 665.5748031496063 58.960629921259844 32.31496062992126 L.
943.6535433070866 665.5748031496063 58.960629921259844 32.31496062992126 aut.

218.83464566929135 692.2204724409448 119.90551181102362 34.58267716535433 sig.,
298.7716535433071 692.2204724409448 133.51181102362204 34.58267716535433 Paris,
392.31496062992125 692.2204724409448 79.93700787401575 34.58267716535433 13
432.2834645669291 692.2204724409448 146.83464566929135 34.58267716535433 février
538.8661417322835 692.2204724409448 119.90551181102362 34.58267716535433 1815.
618.8031496062993 692.2204724409448 66.61417322834646 34.58267716535433 2
645.7322834645669 692.2204724409448 79.93700787401575 34.58267716535433 p.
685.7007874015748 692.2204724409448 93.25984251968504 34.58267716535433 pl.
738.992125984252 692.2204724409448 119.90551181102362 34.58267716535433 in-4.
818.9291338582677 692.2204724409448 173.48031496062993 34.58267716535433 Curieuse.
952.4409448818898 692.2204724409448 66.61417322834646 34.58267716535433 4
965.7637795275591 692.2204724409448 39.968503937007874 34.58267716535433 »

196.7244094488189 718.8661417322835 86.74015748031496 33.44881889763779 189.
250.86614173228347 718.8661417322835 259.93700787401576 33.44881889763779 Bussy-Rabutin
478.20472440944883 718.8661417322835 75.68503937007874 33.44881889763779 (le
521.2913385826772 718.8661417322835 97.51181102362204 33.44881889763779 comte
586.488188976378 718.8661417322835 97.51181102362204 33.44881889763779 Roger
651.4015748031496 718.8661417322835 86.74015748031496 33.44881889763779 de),
705.5433070866142 718.8661417322835 108.28346456692914 33.44881889763779 auteur
781.2283464566929 718.8661417322835 64.91338582677166 33.44881889763779 de
802.7716535433071 718.8661417322835 205.79527559055117 33.44881889763779 l'Histoire

220.53543307086613 745.511811023622 187.6535433070866 34.58267716535433 amoureuse
373.03937007874015 745.511811023622 82.20472440944881 34.58267716535433 des
419.81102362204723 745.511811023622 176.03149606299212 34.58267716535433 Gaules,
560.6929133858267 745.511811023622 93.8267716535433 34.58267716535433 etc.
619.3700787401575 745.511811023622 70.2992125984252 34.58267716535433 L.
654.5196850393701 745.511811023622 93.8267716535433 34.58267716535433 aut.
713.1968503937007 745.511811023622 105.73228346456693 34.58267716535433 sig.,
783.7795275590552 745.511811023622 70.2992125984252 34.58267716535433 au
818.9291338582677 745.511811023622 117.35433070866142 34.58267716535433 prince
900.8503937007874 745.511811023622 70.2992125984252 34.58267716535433 de
924.3779527559055 745.511811023622 82.20472440944881 34.58267716535433 Condé

222.51968503937007 772.7244094488188 103.18110236220473 32.881889763779526 (Louis
294.5196850393701 772.7244094488188 72.28346456692914 32.881889763779526 II,
335.90551181102364 772.7244094488188 61.79527559055118 32.881889763779526 de
366.8031496062992 772.7244094488188 123.59055118110236 32.881889763779526 Bourbon,
459.496062992126 772.7244094488188 72.28346456692914 32.881889763779526 dit
500.59842519685037 772.7244094488188 92.69291338582677 32.881889763779526 le
562.6771653543307 772.7244094488188 154.48818897637796 32.881889763779526 Grand).
686.2677165354331 772.7244094488188 113.38582677165354 32.881889763779526 Chaseu,
768.7559055118111 772.7244094488188 51.59055118110236 32.881889763779526 9
789.1653543307086 772.7244094488188 82.48818897637796 32.881889763779526 nov.
840.7559055118111 772.7244094488188 92.69291338582677 32.881889763779526 1668.
902.5511811023622 772.7244094488188 61.79527559055118 32.881889763779526 11
933.4488188976378 772.7244094488188 72.28346456692914 32.881889763779526 gr.
964.6299212598425 772.7244094488188 41.10236220472441 32.881889763779526 p.

222.51968503937007 799.9370078740158 80.78740157480316 32.881889763779526 pl.
268.7244094488189 799.9370078740158 103.74803149606299 32.881889763779526 in-4.
337.8897637795276 799.9370078740158 126.99212598425197 32.881889763779526 Superbe
430.2992125984252 799.9370078740158 69.16535433070867 32.881889763779526 et
464.88188976377955 799.9370078740158 149.95275590551182 32.881889763779526 précieuse
580.2519685039371 799.9370078740158 126.99212598425197 32.881889763779526 lettre,
672.3779527559055 799.9370078740158 138.33070866141733 32.881889763779526 parfaite
776.1259842519685 799.9370078740158 196.15748031496062 32.881889763779526 conservation.
937.7007874015748 799.9370078740158 80.78740157480316 32.881889763779526 525
972.2834645669292 799.9370078740158 34.58267716535433 32.881889763779526 »

249.16535433070865 826.0157480314961 72.28346456692914 33.16535433070866 Il
285.4488188976378 826.0157480314961 72.28346456692914 33.16535433070866 se
321.73228346456693 826.0157480314961 144.8503937007874 33.16535433070866 justifie
430.2992125984252 826.0157480314961 120.75590551181102 33.16535433070866 envers
514.7716535433071 826.0157480314961 84.4724409448819 33.16535433070866 lui
562.9606299212599 826.0157480314961 96.66141732283465 33.16535433070866 d’un
623.3385826771654 826.0157480314961 96.66141732283465 33.16535433070866 faux
683.7165354330708 826.0157480314961 156.75590551181102 33.16535433070866 manuscrit
804.1889763779527 826.0157480314961 108.56692913385827 33.16535433070866 qu’on
876.7559055118111 826.0157480314961 108.56692913385827 33.16535433070866 avait
937.1338582677165 826.0157480314961 72.28346456692914 33.16535433070866 fait

221.66929133858267 852.6614173228346 117.35433070866142 33.44881889763779 courir
303.59055118110234 852.6614173228346 93.8267716535433 33.44881889763779 sous
362.5511811023622 852.6614173228346 82.20472440944881 33.44881889763779 son
409.3228346456693 852.6614173228346 93.8267716535433 33.44881889763779 nom.
468.0 852.6614173228346 70.2992125984252 33.44881889763779 Le
503.1496062992126 852.6614173228346 93.8267716535433 33.44881889763779 vrai
561.8267716535433 852.6614173228346 105.73228346456693 33.44881889763779 qu’il
632.4094488188977 852.6614173228346 58.67716535433071 33.44881889763779 a
655.9370078740158 852.6614173228346 117.35433070866142 33.44881889763779 soumis
738.1417322834645 852.6614173228346 70.2992125984252 33.44881889763779 au
773.2913385826772 852.6614173228346 82.20472440944881 33.44881889763779 roi
820.0629921259842 852.6614173228346 82.20472440944881 33.44881889763779 est
867.1181102362204 852.6614173228346 93.8267716535433 33.44881889763779 tout
914.1732283464567 852.6614173228346 93.8267716535433 33.44881889763779 diffé-

224.78740157480314 880.4409448818898 89.29133858267717 32.31496062992126 rent
280.34645669291336 880.4409448818898 66.89763779527559 32.31496062992126 de
314.0787401574803 880.4409448818898 100.34645669291339 32.31496062992126 celui
380.9763779527559 880.4409448818898 100.34645669291339 32.31496062992126 qu’on
447.87401574803147 880.4409448818898 78.23622047244095 32.31496062992126 lui
492.37795275590554 880.4409448818898 145.13385826771653 32.31496062992126 attribue.
604.0629921259842 880.4409448818898 178.58267716535434 32.31496062992126 Persécutions
749.1968503937007 880.4409448818898 100.34645669291339 32.31496062992126 qu’on
816.0944881889764 880.4409448818898 78.23622047244095 32.31496062992126 lui
860.5984251968504 880.4409448818898 55.84251968503937 32.31496062992126 a
882.992125984252 880.4409448818898 89.29133858267717 32.31496062992126 fait
927.496062992126 880.4409448818898 78.23622047244095 32.31496062992126 subir

225.0708661417323 909.6377952755905 56.40944881889764 30.330708661417322 à
247.748031496063 909.6377952755905 67.74803149606299 30.330708661417322 ce
281.76377952755905 909.6377952755905 113.10236220472441 30.330708661417322 sujet.
360.8503937007874 909.6377952755905 101.76377952755905 30.330708661417322 Longs
428.59842519685037 909.6377952755905 67.74803149606299 30.330708661417322 et
462.61417322834643 909.6377952755905 180.8503937007874 30.330708661417322 intéressants
598.1102362204724 909.6377952755905 113.10236220472441 30.330708661417322 détails.

200.69291338582678 933.7322834645669 92.40944881889764 31.748031496062993 190.
258.5196850393701 933.7322834645669 184.8188976377953 31.748031496062993 Cadet
408.755905511811 933.7322834645669 231.0236220472441 31.748031496062993 (Louis-Charles),
605.1968503937007 933.7322834645669 150.23622047244095 31.748031496062993 chimiste,
720.5669291338583 933.7322834645669 115.65354330708661 31.748031496062993 membre
801.3543307086615 933.7322834645669 69.44881889763779 31.748031496062993 de
836.2204724409448 933.7322834645669 161.85826771653544 31.748031496062993 l’Académie
951.5905511811023 933.7322834645669 57.826771653543304 31.748031496062993 des

221.95275590551182 960.3779527559055 179.43307086614172 33.44881889763779 sciences.
360.0 960.3779527559055 82.77165354330708 33.44881889763779 L.
401.6692913385827 960.3779527559055 110.55118110236221 33.44881889763779 aut.
470.5511811023622 960.3779527559055 124.15748031496064 33.44881889763779 sig.,
553.3228346456693 960.3779527559055 82.77165354330708 33.44881889763779 31
594.992125984252 960.3779527559055 96.66141732283465 33.44881889763779 mai
649.9842519685039 960.3779527559055 124.15748031496064 33.44881889763779 1785.
733.0393700787401 960.3779527559055 69.16535433070867 33.44881889763779 1
760.5354330708661 960.3779527559055 82.77165354330708 33.44881889763779 p.
801.9212598425197 960.3779527559055 96.66141732283465 33.44881889763779 pl.
857.1968503937007 960.3779527559055 124.15748031496064 33.44881889763779 in-4.
939.9685039370079 960.3779527559055 69.16535433070867 33.44881889763779 3
953.8582677165355 960.3779527559055 55.275590551181104 33.44881889763779 50

197.00787401574803 987.5905511811023 103.18110236220473 31.181102362204726 191.
261.3543307086614 987.5905511811023 386.92913385826773 31.181102362204726 Cadet-de-Gassicourt
609.7322834645669 987.5905511811023 257.9527559055118 31.181102362204726 (Charles-Louis),
828.8503937007874 987.5905511811023 180.56692913385828 31.181102362204726 pharmacien
957.8267716535433 987.5905511811023 51.59055118110236 31.181102362204726 de

223.93700787401573 1014.2362204724409 193.60629921259843 32.881889763779526 l’Empereur,
378.70866141732284 1014.2362204724409 128.9763779527559 32.881889763779526 poëte,
468.8503937007874 1014.2362204724409 128.9763779527559 32.881889763779526 membre
559.2755905511812 1014.2362204724409 77.38582677165354 32.881889763779526 du
597.8267716535433 1014.2362204724409 128.9763779527559 32.881889763779526 Caveau
688.2519685039371 1014.2362204724409 154.77165354330708 32.881889763779526 Moderne.
804.1889763779527 1014.2362204724409 77.38582677165354 32.881889763779526 L.
843.0236220472441 1014.2362204724409 103.18110236220473 32.881889763779526 aut.
907.3700787401575 1014.2362204724409 116.22047244094489 32.881889763779526 sig.,
972.0 1014.2362204724409 38.83464566929134 32.881889763779526 à

222.23622047244095 1040.3149606299212 83.05511811023622 31.748031496062993 M.
263.90551181102364 1040.3149606299212 166.11023622047244 31.748031496062993 Barbier.
388.34645669291336 1040.3149606299212 138.33070866141733 31.748031496062993 Paris,
485.29133858267716 1040.3149606299212 83.05511811023622 31.748031496062993 23
526.9606299212599 1040.3149606299212 166.11023622047244 31.748031496062993 novembre
651.4015748031496 1040.3149606299212 124.7244094488189 31.748031496062993 1813.
734.4566929133858 1040.3149606299212 69.16535433070867 31.748031496062993 2
762.2362204724409 1040.3149606299212 83.05511811023622 31.748031496062993 p.
803.6220472440945 1040.3149606299212 96.94488188976378 31.748031496062993 pl.
859.1811023622047 1040.3149606299212 124.7244094488189 31.748031496062993 in-4.
942.2362204724409 1040.3149606299212 69.16535433070867 31.748031496062993 3
956.1259842519685 1040.3149606299212 55.275590551181104 31.748031496062993 50

200.40944881889763 1067.5275590551182 98.07874015748031 32.31496062992126 192.
261.6377952755906 1067.5275590551182 294.5196850393701 32.31496062992126 Cadet-de-Vaux
519.3070866141733 1067.5275590551182 257.6692913385827 32.31496062992126 (Antoine-Alexis),
740.1259842519685 1067.5275590551182 159.59055118110237 32.31496062992126 agronome,
850.3937007874016 1067.5275590551182 159.59055118110237 32.31496062992126 économiste,

224.2204724409449 1094.1732283464567 124.15748031496064 32.881889763779526 membre
311.244094488189 1094.1732283464567 74.55118110236221 32.881889763779526 de
348.37795275590554 1094.1732283464567 74.55118110236221 32.881889763779526 la
385.79527559055117 1094.1732283464567 136.62992125984252 32.881889763779526 Société
485.00787401574803 1094.1732283464567 223.6535433070866 32.881889763779526 d’agriculture,
671.2440944881889 1094.1732283464567 74.55118110236221 32.881889763779526 de
708.6614173228346 1094.1732283464567 173.76377952755905 32.881889763779526 l’Académie
845.2913385826772 1094.1732283464567 74.55118110236221 32.881889763779526 de
869.9527559055118 1094.1732283464567 136.62992125984252 32.881889763779526 médecine.

226.48818897637796 1120.8188976377953 72.0 33.44881889763779 L.
262.48818897637796 1120.8188976377953 96.09448818897638 33.44881889763779 aut.
322.5826771653543 1120.8188976377953 108.28346456692914 33.44881889763779 sig.,
394.5826771653543 1120.8188976377953 120.18897637795276 33.44881889763779 Paris,
478.7716535433071 1120.8188976377953 72.0 33.44881889763779 16
514.7716535433071 1120.8188976377953 144.28346456692913 33.44881889763779 brumaire
623.0551181102362 1120.8188976377953 72.0 33.44881889763779 an
659.0551181102362 1120.8188976377953 96.09448818897638 33.44881889763779 VII.
719.1496062992126 1120.8188976377953 60.09448818897638 33.44881889763779 1
742.9606299212599 1120.8188976377953 72.0 33.44881889763779 p.
779.2440944881889 1120.8188976377953 84.18897637795276 33.44881889763779 pl.
827.1496062992126 1120.8188976377953 72.0 33.44881889763779 et
863.1496062992126 1120.8188976377953 108.28346456692914 33.44881889763779 demie
923.2440944881889 1120.8188976377953 84.18897637795276 33.44881889763779 in

193.88976377952756 1147.748031496063 731.9055118110236 27.496062992125985 Intéressante.
796.8188976377953 1147.748031496063 215.1496062992126 27.496062992125985 3
839.6220472440945 1147.748031496063 172.3464566929134 27.496062992125985 50

198.99212598425197 1173.8267716535433 97.22834645669292 33.16535433070866 193.
259.93700787401576 1173.8267716535433 291.68503937007875 33.16535433070866 Cadet-de-Vaux
515.0551181102362 1173.8267716535433 85.03937007874016 33.16535433070866 (le
563.5275590551181 1173.8267716535433 121.60629921259843 33.16535433070866 même).
648.8503937007874 1173.8267716535433 72.85039370078741 33.16535433070866 L.
685.1338582677165 1173.8267716535433 109.41732283464567 33.16535433070866 sig.,
758.2677165354331 1173.8267716535433 60.661417322834644 33.16535433070866 à
782.3622047244095 1173.8267716535433 72.85039370078741 33.16535433070866 M.
818.9291338582677 1173.8267716535433 72.85039370078741 33.16535433070866 le
855.496062992126 1173.8267716535433 85.03937007874016 33.16535433070866 duc
891.7795275590552 1173.8267716535433 121.60629921259843 33.16535433070866 d’Angou

221.38582677165354 1199.6220472440946 158.17322834645668 33.44881889763779 lême.
326.8346456692913 1199.6220472440946 175.748031496063 33.44881889763779 Paris,
449.8582677165354 1199.6220472440946 87.8740157480315 33.44881889763779 9
485.00787401574803 1199.6220472440946 210.89763779527559 33.44881889763779 décembre
642.8976377952756 1199.6220472440946 158.17322834645668 33.44881889763779 1822.
748.3464566929134 1199.6220472440946 87.8740157480315 33.44881889763779 2
783.496062992126 1199.6220472440946 105.44881889763779 33.44881889763779 p.
836.2204724409448 1199.6220472440946 158.17322834645668 33.44881889763779 in-4.
941.6692913385826 1199.6220472440946 87.8740157480315 33.44881889763779 5
959.2440944881889 1199.6220472440946 52.724409448818896 33.44881889763779 »

253.98425196850394 1227.4015748031495 75.68503937007874 27.496062992125985 Son
297.07086614173227 1227.4015748031495 75.68503937007874 27.496062992125985 âme
340.4409448818898 1227.4015748031495 86.45669291338582 27.496062992125985 aura
394.2992125984252 1227.4015748031495 75.68503937007874 27.496062992125985 été
437.38582677165357 1227.4015748031495 129.54330708661416 27.496062992125985 déchirée
534.6141732283464 1227.4015748031495 64.91338582677166 27.496062992125985 en
566.9291338582677 1227.4015748031495 108.0 27.496062992125985 lisant
642.6141732283464 1227.4015748031495 86.45669291338582 27.496062992125985 dans
696.4724409448819 1227.4015748031495 64.91338582677166 27.496062992125985 le
729.0708661417323 1227.4015748031495 280.62992125984255 27.496062992125985 Constitutionnel
966.6141732283464 1227.4015748031495 43.08661417322835 27.496062992125985 du

226.48818897637796 1254.3307086614172 61.511811023622045 33.732283464566926 5
250.86614173228347 1254.3307086614172 73.7007874015748 33.732283464566926 la
288.0 1254.3307086614172 123.02362204724409 33.732283464566926 lettre
374.1732283464567 1254.3307086614172 73.7007874015748 33.732283464566926 de
411.0236220472441 1254.3307086614172 73.7007874015748 33.732283464566926 M.
447.87401574803147 1254.3307086614172 135.49606299212599 33.732283464566926 Cochin,
546.2362204724409 1254.3307086614172 110.83464566929133 33.732283464566926 maire
620.2204724409448 1254.3307086614172 73.7007874015748 33.732283464566926 du
657.0708661417323 1254.3307086614172 86.1732283464567 33.732283464566926 12e
706.3937007874016 1254.3307086614172 233.85826771653544 33.732283464566926 arrondissement,
890.9291338582677 1254.3307086614172 123.02362204724409 33.732283464566926 faubourg

226.77165354330708 1281.5433070866143 253.70078740157481 33.732283464566926 Saint-Marceau....
444.4724409448819 1281.5433070866143 108.85039370078741 33.732283464566926 «7000
517.0393700787401 1281.5433070866143 145.13385826771653 33.732283464566926 ménages,
625.8897637795276 1281.5433070866143 72.56692913385827 33.732283464566926 ce
661.8897637795276 1281.5433070866143 84.4724409448819 33.732283464566926 qui
710.3622047244095 1281.5433070866143 157.03937007874015 33.732283464566926 constitue
831.1181102362204 1281.5433070866143 84.4724409448819 33.732283464566926 une
867.4015748031496 1281.5433070866143 145.13385826771653 33.732283464566926 population

228.75590551181102 1308.1889763779527 82.20472440944881 30.89763779527559 «de
275.5275590551181 1308.1889763779527 70.2992125984252 30.89763779527559 28
310.6771653543307 1308.1889763779527 58.67716535433071 30.89763779527559 à
334.20472440944883 1308.1889763779527 70.2992125984252 30.89763779527559 30
369.3543307086614 1308.1889763779527 82.20472440944881 30.89763779527559 000
416.12598425196853 1308.1889763779527 164.1259842519685 30.89763779527559 individus,
545.1023622047244 1308.1889763779527 140.5984251968504 30.89763779527559 MANQUANT
650.8346456692914 1308.1889763779527 70.2992125984252 30.89763779527559 DE
685.9842519685039 1308.1889763779527 105.44881889763779 30.89763779527559 TOUT;
756.2834645669292 1308.1889763779527 105.44881889763779 30.89763779527559 arrêt
826.5826771653543 1308.1889763779527 128.9763779527559 30.89763779527559 inscrit
920.4094488188977 1308.1889763779527 93.8267716535433 30.89763779527559 dans
967.4645669291339 1308.1889763779527 46.77165354330709 30.89763779527559 la

229.60629921259843 1334.8346456692914 130.6771653543307 32.59842519685039 «lettre.
327.40157480314963 1334.8346456692914 76.25196850393701 32.59842519685039 Eh!
371.0551181102362 1334.8346456692914 65.48031496062993 32.59842519685039 il
403.93700787401576 1334.8346456692914 54.425196850393704 32.59842519685039 y
425.4803149606299 1334.8346456692914 54.425196850393704 32.59842519685039 a
447.3070866141732 1334.8346456692914 87.02362204724409 32.59842519685039 onze
501.73228346456693 1334.8346456692914 108.85039370078741 32.59842519685039 autres
578.2677165354331 1334.8346456692914 196.15748031496062 32.59842519685039 municipalités.
741.5433070866142 1334.8346456692914 98.07874015748031 32.59842519685039 C’est
807.0236220472441 1334.8346456692914 65.48031496062993 32.59842519685039 le
839.6220472440945 1334.8346456692914 98.07874015748031 32.59842519685039 quart
905.1023622047244 1334.8346456692914 65.48031496062993 32.59842519685039 de
937.7007874015748 1334.8346456692914 65.48031496062993 32.59842519685039 la
959.5275590551181 1334.8346456692914 54.425196850393704 32.59842519685039 po-

230.45669291338584 1358.0787401574803 147.96850393700788 37.41732283464567 «pulation
344.12598425196853 1358.0787401574803 68.31496062992126 37.41732283464567 de
378.4251968503937 1358.0787401574803 68.31496062992126 37.41732283464567 la
412.4409448818898 1358.0787401574803 136.62992125984252 37.41732283464567 capitale
515.0551181102362 1358.0787401574803 90.99212598425197 37.41732283464567 sans
572.0314960629921 1358.0787401574803 147.96850393700788 37.41732283464567 existence
685.7007874015748 1358.0787401574803 147.96850393700788 37.41732283464567 physique,
799.6535433070866 1358.0787401574803 113.95275590551181 37.41732283464567 nudité
879.3070866141733 1358.0787401574803 136.62992125984252 37.41732283464567 absolue,
970.2992125984252 1358.0787401574803 45.63779527559055 37.41732283464567 et

229.60629921259843 1389.259842519685 118.48818897637796 33.16535433070866 «contre
315.7795275590551 1389.259842519685 75.4015748031496 33.16535433070866 les
358.86614173228344 1389.259842519685 129.25984251968504 33.16535433070866 rigueurs
455.5275590551181 1389.259842519685 64.62992125984252 33.16535433070866 de
487.84251968503935 1389.259842519685 64.62992125984252 33.16535433070866 la
520.1574803149606 1389.259842519685 118.48818897637796 33.16535433070866 saison,
606.3307086614174 1389.259842519685 64.62992125984252 33.16535433070866 la
638.6456692913385 1389.259842519685 86.1732283464567 33.16535433070866 plus
692.503937007874 1389.259842519685 96.94488188976378 33.16535433070866 mince
757.1338582677165 1389.259842519685 118.48818897637796 33.16535433070866 litière
843.0236220472441 1389.259842519685 64.62992125984252 33.16535433070866 de
875.3385826771654 1389.259842519685 118.48818897637796 33.16535433070866 paille.
950.7401574803149 1389.259842519685 64.62992125984252 33.16535433070866 Pour

230.17322834645668 1415.9055118110236 178.29921259842519 32.881889763779526 «combattre,
372.755905511811 1415.9055118110236 71.43307086614173 32.881889763779526 ou
408.4724409448819 1415.9055118110236 118.77165354330708 32.881889763779526 plutôt
491.5275590551181 1415.9055118110236 94.96062992125984 32.881889763779526 pour
551.0551181102362 1415.9055118110236 142.58267716535434 32.881889763779526 aiguiser
657.9212598425197 1415.9055118110236 71.43307086614173 32.881889763779526 la
693.6377952755905 1415.9055118110236 106.86614173228347 32.881889763779526 faim,
765.0708661417323 1415.9055118110236 83.05511811023622 32.881889763779526 UNE
812.4094488188977 1415.9055118110236 94.96062992125984 32.881889763779526 ONCE
871.9370078740158 1415.9055118110236 71.43307086614173 32.881889763779526 DE
895.7480314960629 1415.9055118110236 118.77165354330708 32.881889763779526 PAIN...»

204.9448818897638 1443.1181102362204 95.24409448818898 33.16535433070866 194.
264.4724409448819 1443.1181102362204 226.20472440944883 33.16535433070866 Cadoudal
454.96062992125985 1443.1181102362204 166.6771653543307 33.16535433070866 (Sépulture
585.9212598425197 1443.1181102362204 71.43307086614173 33.16535433070866 de
621.6377952755905 1443.1181102362204 154.77165354330708 33.16535433070866 Georges).
740.6929133858267 1443.1181102362204 71.43307086614173 33.16535433070866 L.
776.4094488188977 1443.1181102362204 95.24409448818898 33.16535433070866 aut.
835.9370078740158 1443.1181102362204 107.14960629921259 33.16535433070866 sig.,
907.3700787401575 1443.1181102362204 71.43307086614173 33.16535433070866 du
931.1811023622047 1443.1181102362204 83.33858267716535 33.16535433070866 sieur

230.74015748031496 1469.763779527559 132.66141732283464 32.31496062992126 Allard,
327.40157480314963 1469.763779527559 156.75590551181102 32.31496062992126 concierge
447.87401574803147 1469.763779527559 72.28346456692914 32.31496062992126 du
484.15748031496065 1469.763779527559 156.75590551181102 32.31496062992126 cimetière
604.6299212598425 1469.763779527559 253.13385826771653 32.31496062992126 Sainte-Catherine,
821.7637795275591 1469.763779527559 84.4724409448819 32.31496062992126 qui
869.9527559055118 1469.763779527559 132.66141732283464 32.31496062992126 atteste
954.4251968503937 1469.763779527559 60.37795275590551 32.31496062992126 que

230.74015748031496 1496.4094488188975 87.02362204724409 32.881889763779526 les
280.62992125984255 1496.4094488188975 124.44094488188976 32.881889763779526 restes
367.65354330708664 1496.4094488188975 74.83464566929133 32.881889763779526 de
405.07086614173227 1496.4094488188975 136.91338582677164 32.881889763779526 Georges
504.56692913385825 1496.4094488188975 149.38582677165354 32.881889763779526 Cadoudal
616.8188976377953 1496.4094488188975 87.02362204724409 32.881889763779526 ont
666.4251968503937 1496.4094488188975 87.02362204724409 32.881889763779526 été
716.3149606299213 1496.4094488188975 149.38582677165354 32.881889763779526 inhumés,
828.2834645669292 1496.4094488188975 74.83464566929133 32.881889763779526 et
865.7007874015748 1496.4094488188975 99.49606299212599 32.881889763779526 sont
915.5905511811023 1496.4094488188975 99.49606299212599 32.881889763779526 encore

231.59055118110237 1523.0551181102362 94.67716535433071 32.881889763779526 dans
290.8346456692913 1523.0551181102362 71.14960629921259 32.881889763779526 le
326.26771653543307 1523.0551181102362 153.92125984251967 32.881889763779526 cimetière
444.755905511811 1523.0551181102362 94.67716535433071 32.881889763779526 dont
504.0 1523.0551181102362 71.14960629921259 32.881889763779526 il
539.7165354330708 1523.0551181102362 82.77165354330708 32.881889763779526 est
587.0551181102362 1523.0551181102362 142.01574803149606 32.881889763779526 gardien.
693.6377952755905 1523.0551181102362 118.48818897637796 32.881889763779526 Paris,
776.4094488188977 1523.0551181102362 71.14960629921259 32.881889763779526 29
812.1259842519685 1523.0551181102362 94.67716535433071 32.881889763779526 juin
871.3700787401575 1523.0551181102362 106.58267716535433 32.881889763779526 1814.
942.2362204724409 1523.0551181102362 71.14960629921259 32.881889763779526 1.
966.0472440944882 1523.0551181102362 47.338582677165356 32.881889763779526 p.

214.86614173228347 1550.267716535433 257.1023622047244 26.64566929133858 in-4.
386.3622047244094 1550.267716535433 314.3622047244094 26.64566929133858 Curieux
614.8346456692914 1550.267716535433 371.33858267716533 26.64566929133858 document.
900.5669291338583 1550.267716535433 142.86614173228347 26.64566929133858 6
929.1968503937007 1550.267716535433 85.60629921259843 26.64566929133858 »

205.51181102362204 1574.6456692913387 93.8267716535433 34.2992125984252 195.
264.18897637795277 1574.6456692913387 223.08661417322836 34.2992125984252 Caillaud
452.12598425196853 1574.6456692913387 176.03149606299212 34.2992125984252 (Frédéric),
593.007874015748 1574.6456692913387 140.88188976377953 34.2992125984252 voyageur
698.4566929133858 1574.6456692913387 93.8267716535433 34.2992125984252 dans
757.4173228346457 1574.6456692913387 70.58267716535433 34.2992125984252 la
792.5669291338583 1574.6456692913387 199.55905511811022 34.2992125984252 Haute-Egypte.
956.9763779527559 1574.6456692913387 70.58267716535433 34.2992125984252 Né
980.503937007874 1574.6456692913387 35.1496062992126 34.2992125984252 à

232.7244094488189 1602.4251968503936 193.3228346456693 33.44881889763779 Nantes.
393.73228346456693 1602.4251968503936 64.34645669291339 33.44881889763779 L.
426.0472440944882 1602.4251968503936 85.88976377952756 33.44881889763779 aut.
479.62204724409446 1602.4251968503936 96.66141732283465 33.44881889763779 sig.,
543.9685039370079 1602.4251968503936 53.574803149606296 33.44881889763779 à
565.511811023622 1602.4251968503936 64.34645669291339 33.44881889763779 M.
597.5433070866142 1602.4251968503936 236.1259842519685 33.44881889763779 Hardouin-Michelin.
801.6377952755905 1602.4251968503936 117.92125984251969 33.44881889763779 Nantes,
887.5275590551181 1602.4251968503936 64.34645669291339 33.44881889763779 14
908.7874015748032 1602.4251968503936 107.43307086614173 33.44881889763779 décembre

211.46456692913387 1630.2047244094488 289.4173228346457 31.748031496062993 1828.
404.2204724409449 1630.2047244094488 160.7244094488189 31.748031496062993 1
468.56692913385825 1630.2047244094488 193.03937007874015 31.748031496062993 p.
565.2283464566929 1630.2047244094488 225.0708661417323 31.748031496062993 pl.
693.6377952755905 1630.2047244094488 289.4173228346457 31.748031496062993 in-4.
886.6771653543307 1630.2047244094488 160.7244094488189 31.748031496062993 3
918.992125984252 1630.2047244094488 96.37795275590551 31.748031496062993 »

205.22834645669292 1656.8503937007874 95.24409448818898 32.59842519685039 196.
264.755905511811 1656.8503937007874 202.6771653543307 32.59842519685039 Calmet
431.7165354330709 1656.8503937007874 95.24409448818898 32.59842519685039 (Dom
491.244094488189 1656.8503937007874 166.96062992125985 32.59842519685039 Augustin),
622.488188976378 1656.8503937007874 95.24409448818898 32.59842519685039 abbé
682.0157480314961 1656.8503937007874 71.43307086614173 32.59842519685039 de
718.0157480314961 1656.8503937007874 143.1496062992126 32.59842519685039 Sénones.
825.1653543307086 1656.8503937007874 71.43307086614173 32.59842519685039 L.
860.8818897637796 1656.8503937007874 95.24409448818898 32.59842519685039 aut.
920.6929133858267 1656.8503937007874 107.43307086614173 32.59842519685039 sig.,
980.2204724409448 1656.8503937007874 35.71653543307087 32.59842519685039 à

230.45669291338584 1683.4960629921259 115.93700787401575 31.748031496062993 Titon
307.5590551181102 1683.4960629921259 77.38582677165354 31.748031496062993 Du
346.3937007874016 1683.4960629921259 141.73228346456693 31.748031496062993 Tillet.
449.29133858267716 1683.4960629921259 64.34645669291339 31.748031496062993 8
475.0866141732283 1683.4960629921259 103.18110236220473 31.748031496062993 août
539.4330708661417 1683.4960629921259 115.93700787401575 31.748031496062993 1742.
616.8188976377953 1683.4960629921259 64.34645669291339 31.748031496062993 3
642.6141732283464 1683.4960629921259 77.38582677165354 31.748031496062993 p.
681.1653543307086 1683.4960629921259 115.93700787401575 31.748031496062993 in-4.
758.5511811023622 1683.4960629921259 219.11811023622047 31.748031496062993 Intéressante.
938.8346456692914 1683.4960629921259 77.38582677165354 31.748031496062993 16
964.6299212598425 1683.4960629921259 51.59055118110236 31.748031496062993 50
