1209.5433070866143 2052.850393700787
528.6614173228346 190.77165354330708 103.46456692913385 25.79527559055118 —
570.0472440944882 190.77165354330708 124.15748031496064 25.79527559055118 22
611.4330708661417 190.77165354330708 62.07874015748032 25.79527559055118 —

224.78740157480314 240.3779527559055 94.39370078740157 30.614173228346456 avec
283.748031496063 240.3779527559055 70.86614173228347 30.614173228346456 le
319.18110236220474 240.3779527559055 82.48818897637796 30.614173228346456 mot
366.5196850393701 240.3779527559055 164.9763779527559 30.614173228346456 bon
496.06299212598424 240.3779527559055 70.86614173228347 30.614173228346456 de
531.496062992126 240.3779527559055 70.86614173228347 30.614173228346456 la
566.9291338582677 240.3779527559055 94.39370078740157 30.614173228346456 main
625.8897637795276 240.3779527559055 70.86614173228347 30.614173228346456 du
661.3228346456693 240.3779527559055 82.48818897637796 30.614173228346456 roi
708.3779527559055 240.3779527559055 70.86614173228347 30.614173228346456 en
743.8110236220473 240.3779527559055 117.92125984251969 30.614173228346456 marge.
826.2992125984252 240.3779527559055 58.960629921259844 30.614173228346456 1
850.1102362204724 240.3779527559055 70.86614173228347 30.614173228346456 p.
885.2598425196851 240.3779527559055 106.01574803149606 30.614173228346456 in-4;
956.1259842519685 240.3779527559055 58.960629921259844 30.614173228346456 —
968.0314960629921 240.3779527559055 47.05511811023622 30.614173228346456 3°

220.8188976377953 267.0236220472441 161.5748031496063 31.181102362204726 mémoire
338.45669291338584 267.0236220472441 88.15748031496064 31.181102362204726 en
382.3937007874016 267.0236220472441 146.83464566929135 31.181102362204726 faveur
485.00787401574803 267.0236220472441 88.15748031496064 31.181102362204726 de
529.2283464566929 267.0236220472441 102.89763779527559 31.181102362204726 son
587.9055118110236 267.0236220472441 220.251968503937 31.181102362204726 petit-fils.
764.2204724409448 267.0236220472441 73.41732283464567 31.181102362204726 3
793.4173228346457 267.0236220472441 88.15748031496064 31.181102362204726 p.
837.3543307086615 267.0236220472441 161.5748031496063 31.181102362204726 in-fol.
954.992125984252 267.0236220472441 73.41732283464567 31.181102362204726 5
969.7322834645669 267.0236220472441 43.93700787401575 31.181102362204726 »

195.8740157480315 293.1023622047244 97.79527559055119 33.16535433070866 215.
256.81889763779526 293.1023622047244 183.11811023622047 33.16535433070866 Choiseul
403.37007874015745 293.1023622047244 183.11811023622047 33.16535433070866 Beaupré
550.2047244094488 293.1023622047244 268.7244094488189 33.16535433070866 (Antoine-Clériadec
782.0787401574803 293.1023622047244 97.79527559055119 33.16535433070866 de),
843.3070866141733 293.1023622047244 170.9291338582677 33.16535433070866 archevêque
965.4803149606299 293.1023622047244 48.75590551181102 33.16535433070866 de

225.35433070866142 321.4488188976378 150.51968503937007 32.31496062992126 Besançon.
341.29133858267716 321.4488188976378 69.44881889763779 32.31496062992126 L.
375.87401574803147 321.4488188976378 92.69291338582677 32.31496062992126 aut.
433.7007874015748 321.4488188976378 104.31496062992126 32.31496062992126 sig.,
503.43307086614175 321.4488188976378 69.44881889763779 32.31496062992126 au
538.0157480314961 321.4488188976378 81.07086614173228 32.31496062992126 duc
584.503937007874 321.4488188976378 69.44881889763779 32.31496062992126 de
619.0866141732283 321.4488188976378 150.51968503937007 32.31496062992126 Bouillon.
735.0236220472441 321.4488188976378 150.51968503937007 32.31496062992126 Besançon.
850.6771653543307 321.4488188976378 69.44881889763779 32.31496062992126 29
885.5433070866142 321.4488188976378 92.69291338582677 32.31496062992126 déc.
931.7480314960629 321.4488188976378 81.07086614173228 32.31496062992126 1759.

180.0 348.66141732283467 278.0787401574803 32.31496062992126 2
291.11811023622045 348.66141732283467 333.6377952755906 32.31496062992126 p.
458.0787401574803 348.66141732283467 500.31496062992125 32.31496062992126 in-4.
791.4330708661417 348.66141732283467 278.0787401574803 32.31496062992126 3
847.2755905511812 348.66141732283467 166.6771653543307 32.31496062992126 »

198.4251968503937 375.3070866141732 88.15748031496064 32.031496062992126 216.
253.70078740157481 375.3070866141732 198.70866141732284 32.031496062992126 Chompré
418.96062992125985 375.3070866141732 242.64566929133858 32.031496062992126 (Nicolas-Maurice),
628.7244094488188 375.3070866141732 88.15748031496064 32.031496062992126 fils
683.7165354330708 375.3070866141732 66.33070866141732 32.031496062992126 de
716.8818897637796 375.3070866141732 132.3779527559055 32.031496062992126 l'auteur
816.0944881889764 375.3070866141732 77.10236220472441 32.031496062992126 des
849.2598425196851 375.3070866141732 165.54330708661416 32.031496062992126 dictionnaires

224.50393700787401 402.5196850393701 75.11811023622047 30.614173228346456 de
261.9212598425197 402.5196850393701 75.11811023622047 30.614173228346456 la
299.62204724409446 402.5196850393701 112.81889763779527 30.614173228346456 Fable
374.74015748031496 402.5196850393701 75.11811023622047 30.614173228346456 et
412.4409448818898 402.5196850393701 75.11811023622047 30.614173228346456 de
450.1417322834646 402.5196850393701 75.11811023622047 30.614173228346456 la
487.84251968503935 402.5196850393701 125.29133858267717 30.614173228346456 Bible,
575.4330708661417 402.5196850393701 75.11811023622047 30.614173228346456 un
613.1338582677165 402.5196850393701 87.8740157480315 30.614173228346456 des
663.3070866141733 402.5196850393701 175.46456692913387 30.614173228346456 principaux
801.0708661417323 402.5196850393701 175.46456692913387 30.614173228346456 rédacteurs
939.1181102362204 402.5196850393701 75.11811023622047 30.614173228346456 de
964.0629921259842 402.5196850393701 50.173228346456696 30.614173228346456 la

224.2204724409449 428.0314960629921 169.51181102362204 30.04724409448819 collection
357.4488188976378 428.0314960629921 84.75590551181102 30.04724409448819 des
405.9212598425197 428.0314960629921 145.13385826771653 30.04724409448819 mémoires
514.7716535433071 428.0314960629921 84.75590551181102 30.04724409448819 sur
563.2440944881889 428.0314960629921 84.75590551181102 30.04724409448819 les
611.7165354330708 428.0314960629921 145.13385826771653 30.04724409448819 Chinois,
720.5669291338583 428.0314960629921 72.56692913385827 30.04724409448819 en
756.8503937007874 428.0314960629921 72.56692913385827 30.04724409448819 14
793.1338582677165 428.0314960629921 96.94488188976378 30.04724409448819 vol.
853.7952755905512 428.0314960629921 108.85039370078741 30.04724409448819 in-4,
914.1732283464567 428.0314960629921 96.94488188976378 30.04724409448819 mathé-

225.35433070866142 455.81102362204723 155.33858267716536 32.31496062992126 maticien.
344.6929133858268 455.81102362204723 71.71653543307086 32.31496062992126 L.
380.40944881889766 455.81102362204723 95.5275590551181 32.31496062992126 aut.
440.2204724409449 455.81102362204723 107.43307086614173 32.31496062992126 sig.,
511.93700787401576 455.81102362204723 59.811023622047244 32.31496062992126 à
535.7480314960629 455.81102362204723 71.71653543307086 32.31496062992126 M.
571.4645669291339 455.81102362204723 71.71653543307086 32.31496062992126 de
607.4645669291339 455.81102362204723 191.0551181102362 32.31496062992126 Frémonville.
762.5196850393701 455.81102362204723 119.33858267716535 32.31496062992126 Paris,
846.1417322834645 455.81102362204723 71.71653543307086 32.31496062992126 14
882.1417322834645 455.81102362204723 95.5275590551181 32.31496062992126 août
929.7637795275591 455.81102362204723 83.62204724409449 32.31496062992126 1809.

193.60629921259843 484.15748031496065 216.0 31.748031496062993 3
279.7795275590551 484.15748031496065 259.0866141732283 31.748031496062993 p.
409.6062992125984 484.15748031496065 302.45669291338584 31.748031496062993 pl.
582.2362204724409 484.15748031496065 388.9133858267717 31.748031496062993 in-4.
841.3228346456693 484.15748031496065 216.0 31.748031496062993 3
884.6929133858267 484.15748031496065 129.54330708661416 31.748031496062993 »

198.70866141732284 509.6692913385827 88.15748031496064 31.46456692913386 217.
253.70078740157481 509.6692913385827 187.08661417322836 31.46456692913386 Choron
407.90551181102364 509.6692913385827 176.31496062992127 31.46456692913386 (Alex.-Et.),
551.0551181102362 509.6692913385827 165.25984251968504 31.46456692913386 compositeur
683.4330708661417 509.6692913385827 66.04724409448819 31.46456692913386 de
716.3149606299213 509.6692913385827 132.09448818897638 31.46456692913386 musique.
815.5275590551181 509.6692913385827 66.04724409448819 31.46456692913386 Né
848.4094488188977 509.6692913385827 54.99212598425197 31.46456692913386 à
859.4645669291339 509.6692913385827 154.20472440944883 31.46456692913386 Caen.

225.0708661417323 536.3149606299213 70.86614173228347 34.01574803149607 L.
260.503937007874 536.3149606299213 94.39370078740157 34.01574803149607 aut.
319.46456692913387 536.3149606299213 106.01574803149606 34.01574803149607 sig.,
390.3307086614173 536.3149606299213 58.960629921259844 34.01574803149607 à
413.8582677165354 536.3149606299213 82.48818897637796 34.01574803149607 MM.
460.9133858267717 536.3149606299213 82.48818897637796 34.01574803149607 les
508.251968503937 536.3149606299213 223.93700787401573 34.01574803149607 administrateurs
696.7559055118111 536.3149606299213 70.86614173228347 34.01574803149607 de
732.1889763779527 536.3149606299213 153.35433070866142 34.01574803149607 l'Athénée
850.1102362204724 536.3149606299213 117.92125984251969 34.01574803149607 royal.
920.6929133858267 536.3149606299213 94.39370078740157 34.01574803149607 Paris,

220.53543307086613 562.3937007874016 97.22834645669292 34.58267716535433 26
269.00787401574803 562.3937007874016 129.54330708661416 34.58267716535433 août
350.0787401574803 562.3937007874016 145.70078740157481 34.58267716535433 1815.
447.3070866141732 562.3937007874016 81.07086614173228 34.58267716535433 2
479.62204724409446 562.3937007874016 113.38582677165354 34.58267716535433 gr.
544.2519685039371 562.3937007874016 97.22834645669292 34.58267716535433 p.
593.007874015748 562.3937007874016 178.01574803149606 34.58267716535433 in-fol.
722.5511811023622 562.3937007874016 145.70078740157481 34.58267716535433 belle
819.7795275590552 562.3937007874016 178.01574803149606 34.58267716535433 lettre.
949.3228346456693 562.3937007874016 81.07086614173228 34.58267716535433 6
965.4803149606299 562.3937007874016 48.47244094488189 34.58267716535433 »

253.41732283464566 590.7401574803149 116.22047244094489 29.480314960629922 Lettre
334.7716535433071 590.7401574803149 185.66929133858267 29.480314960629922 intéressante
485.5748031496063 590.7401574803149 69.73228346456693 29.480314960629922 au
520.4409448818898 590.7401574803149 104.5984251968504 29.480314960629922 sujet
590.1732283464567 590.7401574803149 69.73228346456693 29.480314960629922 du
625.0393700787401 590.7401574803149 81.35433070866142 29.480314960629922 son
671.2440944881889 590.7401574803149 104.5984251968504 29.480314960629922 cours
740.9763779527559 590.7401574803149 69.73228346456693 29.480314960629922 de
775.8425196850394 590.7401574803149 127.55905511811024 29.480314960629922 théorie
857.1968503937007 590.7401574803149 127.55905511811024 29.480314960629922 musicale.

198.70866141732284 617.9527559055118 82.77165354330708 29.19685039370079 218.
250.58267716535434 617.9527559055118 186.23622047244095 29.19685039370079 Clarke,
405.9212598425197 617.9527559055118 72.56692913385827 29.19685039370079 duc
447.3070866141732 617.9527559055118 62.07874015748032 29.19685039370079 de
478.20472440944883 617.9527559055118 186.23622047244095 29.19685039370079 Feltre,
633.5433070866142 617.9527559055118 124.15748031496064 29.19685039370079 maréchal
726.8031496062993 617.9527559055118 62.07874015748032 29.19685039370079 de
757.7007874015748 617.9527559055118 113.95275590551181 29.19685039370079 France.
840.4724409448819 617.9527559055118 62.07874015748032 29.19685039370079 Né
871.6535433070866 617.9527559055118 51.874015748031496 29.19685039370079 à
881.8582677165355 617.9527559055118 134.64566929133858 29.19685039370079 Lan

227.6220472440945 644.5984251968504 188.78740157480314 31.748031496062993 drecies
384.9448818897638 644.5984251968504 115.37007874015748 31.748031496062993 (Nord).
468.8503937007874 644.5984251968504 62.92913385826772 31.748031496062993 L.
500.31496062992125 644.5984251968504 83.90551181102362 31.748031496062993 aut.
552.7559055118111 644.5984251968504 94.39370078740157 31.748031496062993 sig.,
615.6850393700787 644.5984251968504 62.92913385826772 31.748031496062993 au
646.8661417322835 644.5984251968504 115.37007874015748 31.748031496062993 premier
730.7716535433071 644.5984251968504 115.37007874015748 31.748031496062993 consul.
814.6771653543307 644.5984251968504 146.83464566929135 31.748031496062993 Bruxelles,
930.0472440944882 644.5984251968504 62.92913385826772 31.748031496062993 20
951.0236220472441 644.5984251968504 62.92913385826772 31.748031496062993 fri-

208.91338582677164 672.9448818897638 259.37007874015745 30.614173228346456 maire
381.8267716535433 672.9448818897638 172.91338582677164 30.614173228346456 an
468.2834645669291 672.9448818897638 172.91338582677164 30.614173228346456 v.
554.7401574803149 672.9448818897638 144.0 30.614173228346456 1
612.2834645669292 672.9448818897638 172.91338582677164 30.614173228346456 p.
698.7401574803149 672.9448818897638 259.37007874015745 30.614173228346456 in-4.
871.6535433070866 672.9448818897638 144.0 30.614173228346456 2
900.2834645669292 672.9448818897638 115.37007874015748 30.614173228346456 50

198.14173228346456 699.5905511811023 94.67716535433071 31.46456692913386 219.
257.38582677165357 699.5905511811023 165.54330708661416 31.46456692913386 Clausel
387.496062992126 699.5905511811023 70.86614173228347 31.46456692913386 de
422.92913385826773 699.5905511811023 189.35433070866142 31.46456692913386 Montals,
576.5669291338583 699.5905511811023 118.20472440944881 31.46456692913386 évêque
659.3385826771654 699.5905511811023 70.86614173228347 31.46456692913386 de
695.0551181102362 699.5905511811023 153.63779527559055 31.46456692913386 Chartres.
813.2598425196851 699.5905511811023 70.86614173228347 31.46456692913386 L.
848.6929133858267 699.5905511811023 94.67716535433071 31.46456692913386 aut.
907.9370078740158 699.5905511811023 106.2992125984252 31.46456692913386 sig.,
966.8976377952756 699.5905511811023 47.338582677165356 31.46456692913386 au

222.23622047244095 727.3700787401575 174.33070866141733 32.31496062992126 vicomte
348.9448818897638 727.3700787401575 94.96062992125984 32.31496062992126 de
396.56692913385825 727.3700787401575 253.41732283464566 32.31496062992126 Montmorency.
602.3622047244095 727.3700787401575 158.45669291338584 32.31496062992126 Samedi
713.1968503937007 727.3700787401575 110.83464566929133 32.31496062992126 21.
776.6929133858267 727.3700787401575 79.08661417322834 32.31496062992126 1
808.4409448818898 727.3700787401575 94.96062992125984 32.31496062992126 p.
855.7795275590552 727.3700787401575 142.58267716535434 32.31496062992126 in-4.
950.7401574803149 727.3700787401575 79.08661417322834 32.31496062992126 3
966.6141732283464 727.3700787401575 47.62204724409449 32.31496062992126 »

198.70866141732284 753.4488188976378 91.84251968503936 32.031496062992126 220.
256.251968503937 753.4488188976378 218.5511811023622 32.031496062992126 Clauzel,
440.2204724409449 753.4488188976378 138.04724409448818 32.031496062992126 maréchal
543.6850393700787 753.4488188976378 68.88188976377953 32.031496062992126 de
578.2677165354331 753.4488188976378 126.4251968503937 32.031496062992126 France.
670.1102362204724 753.4488188976378 68.88188976377953 32.031496062992126 L.
704.6929133858267 753.4488188976378 91.84251968503936 32.031496062992126 aut.
762.2362204724409 753.4488188976378 91.84251968503936 32.031496062992126 sig.
819.7795275590552 753.4488188976378 149.38582677165354 32.031496062992126 Auterive,
934.5826771653543 753.4488188976378 68.88188976377953 32.031496062992126 18
957.5433070866142 753.4488188976378 57.54330708661417 32.031496062992126 mai

209.76377952755905 781.2283464566929 278.92913385826773 30.614173228346456 1841.
395.7165354330709 781.2283464566929 155.0551181102362 30.614173228346456 1
457.79527559055117 781.2283464566929 185.95275590551182 30.614173228346456 p.
550.7716535433071 781.2283464566929 217.13385826771653 30.614173228346456 pl.
674.6456692913385 781.2283464566929 278.92913385826773 30.614173228346456 in-4.
860.5984251968504 781.2283464566929 155.0551181102362 30.614173228346456 2
891.7795275590552 781.2283464566929 123.8740157480315 30.614173228346456 50

197.85826771653544 807.3070866141733 97.51181102362204 31.46456692913386 221.
258.8031496062992 807.3070866141733 341.29133858267716 31.46456692913386 Clermont-Tonnerre
563.5275590551181 807.3070866141733 85.32283464566929 31.46456692913386 (le
612.5669291338583 807.3070866141733 158.45669291338584 31.46456692913386 cardinal,
734.4566929133858 807.3070866141733 85.32283464566929 31.46456692913386 duc
783.2125984251968 807.3070866141733 97.51181102362204 31.46456692913386 de),
844.1574803149606 807.3070866141733 170.64566929133858 31.46456692913386 archevêque
966.0472440944882 807.3070866141733 48.75590551181102 31.46456692913386 de

226.48818897637796 834.5196850393701 150.8031496062992 32.31496062992126 Toulouse.
342.4251968503937 834.5196850393701 69.44881889763779 32.31496062992126 L.
377.29133858267716 834.5196850393701 92.69291338582677 32.31496062992126 aut.
435.11811023622045 834.5196850393701 104.31496062992126 32.31496062992126 sig.,
504.8503937007874 834.5196850393701 57.826771653543304 32.31496062992126 à
527.8110236220473 834.5196850393701 69.44881889763779 32.31496062992126 M.
562.6771653543307 834.5196850393701 139.1811023622047 32.31496062992126 Moulins.
666.992125984252 834.5196850393701 69.44881889763779 32.31496062992126 23
701.8582677165355 834.5196850393701 104.31496062992126 32.31496062992126 sept.
771.3070866141733 834.5196850393701 104.31496062992126 32.31496062992126 1806.
841.0393700787401 834.5196850393701 57.826771653543304 32.31496062992126 2
864.0 834.5196850393701 69.44881889763779 32.31496062992126 p.
898.8661417322835 834.5196850393701 104.31496062992126 32.31496062992126 in-4.
968.3149606299213 834.5196850393701 57.826771653543304 32.31496062992126 3
979.9370078740158 834.5196850393701 34.86614173228347 32.31496062992126 »

197.29133858267716 861.7322834645669 109.13385826771653 32.59842519685039 222.
265.6062992125984 861.7322834645669 177.4488188976378 32.59842519685039 Comité
401.9527559055118 861.7322834645669 81.92125984251969 32.59842519685039 de
443.0551181102362 861.7322834645669 122.74015748031496 32.59842519685039 salut
524.9763779527559 861.7322834645669 136.62992125984252 32.59842519685039 public
620.503937007874 861.7322834645669 81.92125984251969 32.59842519685039 de
661.3228346456693 861.7322834645669 81.92125984251969 32.59842519685039 la
702.1417322834645 861.7322834645669 245.76377952755905 32.59842519685039 Convention
893.4803149606299 861.7322834645669 122.74015748031496 32.59842519685039 (Arrêté

225.92125984251967 884.9763779527559 100.06299212598425 35.71653543307087 du),
288.56692913385825 884.9763779527559 112.53543307086615 35.71653543307087 signé
363.68503937007875 884.9763779527559 187.6535433070866 35.71653543307087 Cambacérès,
513.9212598425197 884.9763779527559 150.23622047244095 35.71653543307087 Doulcet,
626.4566929133858 884.9763779527559 150.23622047244095 35.71653543307087 Tallien,
738.992125984252 884.9763779527559 150.23622047244095 35.71653543307087 Defermon
851.8110236220473 884.9763779527559 75.11811023622047 35.71653543307087 et
889.2283464566929 884.9763779527559 125.29133858267717 35.71653543307087 Maree,
964.3464566929134 884.9763779527559 50.173228346456696 35.71653543307087 au

225.92125984251967 915.5905511811023 106.2992125984252 33.16535433070866 sujet
296.78740157480314 915.5905511811023 70.86614173228347 33.16535433070866 du
332.2204724409449 915.5905511811023 129.82677165354332 33.16535433070866 citoyen
426.61417322834643 915.5905511811023 177.16535433070865 33.16535433070866 Becquemont,
568.3464566929134 915.5905511811023 236.1259842519685 33.16535433070866 procureur-syndic
769.0393700787401 915.5905511811023 70.86614173228347 33.16535433070866 du
804.4724409448819 915.5905511811023 141.73228346456693 33.16535433070866 district
910.7716535433071 915.5905511811023 70.86614173228347 33.16535433070866 de
934.2992125984252 915.5905511811023 82.77165354330708 33.16535433070866 Pont-

226.20472440944883 942.8031496062993 170.9291338582677 31.181102362204726 l'Evêque.
357.4488188976378 942.8031496062993 131.5275590551181 31.181102362204726 Paris,
449.5748031496063 942.8031496062993 78.80314960629921 31.181102362204726 14
488.9763779527559 942.8031496062993 170.9291338582677 31.181102362204726 thermidor
620.503937007874 942.8031496062993 78.80314960629921 31.181102362204726 an
659.9055118110236 942.8031496062993 105.16535433070867 31.181102362204726 III.
725.6692913385826 942.8031496062993 170.9291338582677 31.181102362204726 Demi-page
857.1968503937007 942.8031496062993 144.56692913385828 31.181102362204726 in-fol.
962.3622047244095 942.8031496062993 65.76377952755905 31.181102362204726 4
975.4015748031496 942.8031496062993 39.40157480314961 31.181102362204726 »

195.59055118110237 970.0157480314961 119.05511811023622 32.031496062992126 223.
269.8582677165354 970.0157480314961 193.60629921259843 32.031496062992126 Comité
418.6771653543307 970.0157480314961 89.29133858267717 32.031496062992126 de
463.46456692913387 970.0157480314961 148.8188976377953 32.031496062992126 sûreté
567.496062992126 970.0157480314961 178.58267716535434 32.031496062992126 générale
701.5748031496063 970.0157480314961 89.29133858267717 32.031496062992126 de
746.0787401574803 970.0157480314961 89.29133858267717 32.031496062992126 la
775.8425196850394 970.0157480314961 238.11023622047244 32.031496062992126 Convention

226.20472440944883 996.6614173228346 128.9763779527559 32.881889763779526 (Arrêté
320.0314960629921 996.6614173228346 93.8267716535433 32.881889763779526 du).
378.70866141732284 996.6614173228346 105.44881889763779 32.881889763779526 Signé
449.00787401574803 996.6614173228346 128.9763779527559 32.881889763779526 Ingrand
542.8346456692914 996.6614173228346 70.2992125984252 32.881889763779526 et
577.9842519685039 996.6614173228346 140.88188976377953 32.881889763779526 Alquier,
683.4330708661417 996.6614173228346 93.8267716535433 32.881889763779526 avec
742.1102362204724 996.6614173228346 105.44881889763779 32.881889763779526 trois
812.6929133858267 996.6614173228346 117.35433070866142 32.881889763779526 lignes
894.6141732283464 996.6614173228346 93.8267716535433 32.881889763779526 aut.
941.6692913385826 996.6614173228346 70.2992125984252 32.881889763779526 sig.

226.48818897637796 1018.2047244094488 75.11811023622047 36.28346456692913 de
263.90551181102364 1018.2047244094488 212.88188976377953 36.28346456692913 Lavicomterie.
439.37007874015745 1018.2047244094488 125.29133858267717 36.28346456692913 Paris,
526.9606299212599 1018.2047244094488 75.11811023622047 36.28346456692913 27
564.6614173228346 1018.2047244094488 100.06299212598425 36.28346456692913 août
627.3070866141733 1018.2047244094488 112.81889763779527 36.28346456692913 1793.
702.4251968503937 1018.2047244094488 62.645669291338585 36.28346456692913 1
727.3700787401575 1018.2047244094488 75.11811023622047 36.28346456692913 p.
764.7874015748032 1018.2047244094488 137.76377952755905 36.28346456692913 in-fol.
865.1338582677165 1018.2047244094488 137.76377952755905 36.28346456692913 Cachet.
965.1968503937007 1018.2047244094488 62.645669291338585 36.28346456692913 5
977.6692913385826 1018.2047244094488 37.7007874015748 36.28346456692913 »

253.98425196850394 1050.5196850393702 106.01574803149606 31.748031496062993 Ordre
324.8503937007874 1050.5196850393702 70.58267716535433 31.748031496062993 de
360.0 1050.5196850393702 176.5984251968504 31.748031496062993 translation
501.1653543307087 1050.5196850393702 94.11023622047244 31.748031496062993 d'un
560.1259842519685 1050.5196850393702 164.69291338582678 31.748031496062993 prisonnier
689.3858267716536 1050.5196850393702 117.63779527559055 31.748031496062993 détenu
771.8740157480315 1050.5196850393702 58.960629921259844 31.748031496062993 à
795.4015748031496 1050.5196850393702 70.58267716535433 31.748031496062993 la
818.9291338582677 1050.5196850393702 94.11023622047244 31.748031496062993 force.

199.84251968503938 1075.4645669291338 89.29133858267717 33.732283464566926 224.
255.68503937007873 1075.4645669291338 178.58267716535434 33.732283464566926 Condé
400.53543307086613 1075.4645669291338 178.58267716535434 33.732283464566926 (Louis-Henri
545.6692913385826 1075.4645669291338 66.89763779527559 33.732283464566926 de
579.1181102362204 1075.4645669291338 134.07874015748033 33.732283464566926 Bourbon,
679.7480314960629 1075.4645669291338 111.68503937007874 33.732283464566926 prince
757.7007874015748 1075.4645669291338 89.29133858267717 33.732283464566926 de).
813.5433070866142 1075.4645669291338 66.89763779527559 33.732283464566926 N.
846.992125984252 1075.4645669291338 100.34645669291339 33.732283464566926 1692.
914.1732283464567 1075.4645669291338 66.89763779527559 33.732283464566926 M.
936.2834645669292 1075.4645669291338 78.23622047244095 33.732283464566926 1740.

223.93700787401573 1104.3779527559054 89.5748031496063 32.31496062992126 L.
268.7244094488189 1104.3779527559054 119.33858267716535 32.31496062992126 aut.
343.5590551181102 1104.3779527559054 119.33858267716535 32.31496062992126 sig.
418.1102362204724 1104.3779527559054 119.33858267716535 32.31496062992126 sans
492.66141732283467 1104.3779527559054 134.36220472440945 32.31496062992126 date.
582.2362204724409 1104.3779527559054 74.55118110236221 32.31496062992126 1
612.2834645669292 1104.3779527559054 89.5748031496063 32.31496062992126 p.
657.0708661417323 1104.3779527559054 104.5984251968504 32.31496062992126 pl.
716.8818897637796 1104.3779527559054 89.5748031496063 32.31496062992126 et
761.6692913385826 1104.3779527559054 134.36220472440945 32.31496062992126 demie
851.2440944881889 1104.3779527559054 134.36220472440945 32.31496062992126 in-4.
940.8188976377953 1104.3779527559054 74.55118110236221 32.31496062992126 7
955.5590551181102 1104.3779527559054 59.811023622047244 32.31496062992126 50

255.4015748031496 1131.023622047244 67.18110236220473 32.31496062992126 Il
288.8503937007874 1131.023622047244 111.96850393700787 32.31496062992126 désire
367.0866141732283 1131.023622047244 111.96850393700787 32.31496062992126 savoir
445.3228346456693 1131.023622047244 78.23622047244095 32.31496062992126 des
490.1102362204724 1131.023622047244 145.41732283464566 32.31496062992126 nouvelles
602.0787401574803 1131.023622047244 67.18110236220473 32.31496062992126 de
635.5275590551181 1131.023622047244 67.18110236220473 32.31496062992126 la
669.2598425196851 1131.023622047244 167.81102362204723 32.31496062992126 négociation
803.3385826771654 1131.023622047244 89.5748031496063 32.31496062992126 S...
859.4645669291339 1131.023622047244 78.23622047244095 32.31496062992126 «Je
892.9133858267717 1131.023622047244 123.02362204724409 32.31496062992126 travaille

226.20472440944883 1158.236220472441 83.62204724409449 32.031496062992126 «de
274.1102362204724 1158.236220472441 83.62204724409449 32.031496062992126 mon
321.73228346456693 1158.236220472441 95.81102362204724 32.031496062992126 côté
381.54330708661416 1158.236220472441 95.81102362204724 32.031496062992126 pour
441.3543307086614 1158.236220472441 143.43307086614172 32.031496062992126 parvenir
549.0708661417323 1158.236220472441 71.71653543307086 32.031496062992126 au
585.0708661417323 1158.236220472441 83.62204724409449 32.031496062992126 but
632.9763779527559 1158.236220472441 83.62204724409449 32.031496062992126 que
680.5984251968504 1158.236220472441 95.81102362204724 32.031496062992126 vous
740.4094488188977 1158.236220472441 131.5275590551181 32.031496062992126 sçavez,
836.2204724409448 1158.236220472441 71.71653543307086 32.031496062992126 et
872.2204724409448 1158.236220472441 95.81102362204724 32.031496062992126 sans
919.8425196850394 1158.236220472441 95.81102362204724 32.031496062992126 lequel

227.90551181102362 1184.3149606299212 77.66929133858268 32.881889763779526 «je
272.12598425196853 1184.3149606299212 88.7244094488189 32.881889763779526 croi
327.68503937007875 1184.3149606299212 110.83464566929133 32.881889763779526 l'état
405.3543307086614 1184.3149606299212 110.83464566929133 32.881889763779526 perdu,
483.0236220472441 1184.3149606299212 66.61417322834646 32.881889763779526 ne
516.1889763779527 1184.3149606299212 121.88976377952756 32.881889763779526 pouvant
604.9133858267717 1184.3149606299212 88.7244094488189 32.881889763779526 être
660.1889763779527 1184.3149606299212 121.88976377952756 32.881889763779526 rétabli
748.9133858267717 1184.3149606299212 77.66929133858268 32.881889763779526 que
793.4173228346457 1184.3149606299212 77.66929133858268 32.881889763779526 par
837.6377952755905 1184.3149606299212 144.0 32.881889763779526 d'habiles
937.4173228346457 1184.3149606299212 77.66929133858268 32.881889763779526 gens,

225.92125984251967 1215.4960629921259 84.18897637795276 28.062992125984252 «et
273.8267716535433 1215.4960629921259 84.18897637795276 28.062992125984252 non
322.01574803149606 1215.4960629921259 84.18897637795276 28.062992125984252 par
369.9212598425197 1215.4960629921259 84.18897637795276 28.062992125984252 des
405.9212598425197 1215.4960629921259 180.28346456692913 28.062992125984252 imbéciles...»

198.70866141732284 1238.740157480315 92.1259842519685 32.59842519685039 225.
256.53543307086613 1238.740157480315 218.83464566929135 32.59842519685039 Consalvi
440.78740157480314 1238.740157480315 161.29133858267716 32.59842519685039 (Hercule),
567.2125984251968 1238.740157480315 149.66929133858267 32.59842519685039 cardinal,
682.5826771653543 1238.740157480315 149.66929133858267 32.59842519685039 ministre.
797.6692913385826 1238.740157480315 69.16535433070867 32.59842519685039 L.
832.2519685039371 1238.740157480315 92.1259842519685 32.59842519685039 aut,
889.7952755905512 1238.740157480315 103.74803149606299 32.59842519685039 sig.,
958.9606299212599 1238.740157480315 57.54330708661417 32.59842519685039 à
970.2992125984252 1238.740157480315 46.20472440944882 32.59842519685039 la

222.23622047244095 1265.9527559055118 250.01574803149606 32.031496062992126 princesse....
428.0314960629921 1265.9527559055118 132.3779527559055 32.031496062992126 Rome,
516.1889763779527 1265.9527559055118 88.15748031496064 32.031496062992126 13
560.4094488188977 1265.9527559055118 117.63779527559055 32.031496062992126 déc.
633.8267716535433 1265.9527559055118 132.3779527559055 32.031496062992126 1820.
722.2677165354331 1265.9527559055118 73.41732283464567 32.031496062992126 1
751.4645669291339 1265.9527559055118 88.15748031496064 32.031496062992126 p.
795.6850393700787 1265.9527559055118 102.89763779527559 32.031496062992126 pl.
854.3622047244095 1265.9527559055118 132.3779527559055 32.031496062992126 in-4.
942.8031496062993 1265.9527559055118 73.41732283464567 32.031496062992126 2
957.5433070866142 1265.9527559055118 58.67716535433071 32.031496062992126 75

197.29133858267716 1292.5984251968505 105.44881889763779 31.46456692913386 220.
263.33858267716533 1292.5984251968505 197.85826771653544 31.46456692913386 Constant
421.79527559055117 1292.5984251968505 79.08661417322834 31.46456692913386 de
461.4803149606299 1292.5984251968505 211.1811023622047 31.46456692913386 Rebecque
632.9763779527559 1292.5984251968505 197.85826771653544 31.46456692913386 (Benjamin),
791.4330708661417 1292.5984251968505 145.13385826771653 31.46456692913386 député,
883.5590551181102 1292.5984251968505 132.09448818897638 31.46456692913386 orateur,

226.77165354330708 1319.8110236220473 174.33070866141733 33.16535433070866 publiciste.
366.23622047244095 1319.8110236220473 69.73228346456693 33.16535433070866 L.
401.1023622047244 1319.8110236220473 81.35433070866142 33.16535433070866 aut
447.3070866141732 1319.8110236220473 104.5984251968504 33.16535433070866 sig.,
517.0393700787401 1319.8110236220473 58.110236220472444 33.16535433070866 à
540.2834645669292 1319.8110236220473 69.73228346456693 33.16535433070866 M.
575.1496062992126 1319.8110236220473 127.84251968503936 33.16535433070866 Alisse.
668.1259842519685 1319.8110236220473 69.73228346456693 33.16535433070866 27
702.992125984252 1319.8110236220473 92.97637795275591 33.16535433070866 mars
761.1023622047244 1319.8110236220473 104.5984251968504 33.16535433070866 1823,
830.5511811023622 1319.8110236220473 58.110236220472444 33.16535433070866 1
853.7952755905512 1319.8110236220473 69.73228346456693 33.16535433070866 p.
888.6614173228346 1319.8110236220473 104.5984251968504 33.16535433070866 in-4.
958.3937007874016 1319.8110236220473 58.110236220472444 33.16535433070866 2
970.0157480314961 1319.8110236220473 46.488188976377955 33.16535433070866 50

198.70866141732284 1340.7874015748032 97.51181102362204 37.7007874015748 227.
259.65354330708664 1340.7874015748032 207.49606299212599 37.7007874015748 Convention
430.5826771653543 1340.7874015748032 207.49606299212599 37.7007874015748 nationale
601.2283464566929 1340.7874015748032 170.64566929133858 37.7007874015748 (Passeport
735.3070866141733 1340.7874015748032 134.07874015748033 37.7007874015748 délivré
833.1023622047244 1340.7874015748032 85.32283464566929 37.7007874015748 par
881.8582677165355 1340.7874015748032 85.32283464566929 37.7007874015748 les
918.4251968503937 1340.7874015748032 97.51181102362204 37.7007874015748 prési-

225.63779527559055 1374.236220472441 106.2992125984252 32.031496062992126 dents
296.503937007874 1374.236220472441 70.86614173228347 32.031496062992126 et
331.93700787401576 1374.236220472441 176.88188976377953 32.031496062992126 secrétaires
473.38582677165357 1374.236220472441 70.86614173228347 32.031496062992126 de
508.81889763779526 1374.236220472441 94.39370078740157 32.031496062992126 la);
567.7795275590552 1374.236220472441 94.39370078740157 32.031496062992126 sig.
627.0236220472441 1374.236220472441 129.82677165354332 32.031496062992126 Barère,
721.1338582677165 1374.236220472441 129.82677165354332 32.031496062992126 Jeanbon
815.5275590551181 1374.236220472441 153.35433070866142 32.031496062992126 St-André,
921.8267716535433 1374.236220472441 94.39370078740157 32.031496062992126 Treil-

225.92125984251967 1400.3149606299212 95.81102362204724 33.16535433070866 hard
285.73228346456693 1400.3149606299212 71.71653543307086 33.16535433070866 et
321.73228346456693 1400.3149606299212 143.71653543307087 33.16535433070866 St-Just,
429.4488188976378 1400.3149606299212 71.71653543307086 33.16535433070866 au
465.4488188976378 1400.3149606299212 131.81102362204723 33.16535433070866 citoyen
561.2598425196851 1400.3149606299212 71.71653543307086 33.16535433070866 du
596.9763779527559 1400.3149606299212 131.81102362204723 33.16535433070866 Poncel,
692.7874015748032 1400.3149606299212 71.71653543307086 33.16535433070866 en
728.7874015748032 1400.3149606299212 131.81102362204723 33.16535433070866 qualité
824.5984251968504 1400.3149606299212 71.71653543307086 33.16535433070866 de
860.5984251968504 1400.3149606299212 143.71653543307087 33.16535433070866 courrier
956.4094488188977 1400.3149606299212 59.811023622047244 33.16535433070866 des

224.78740157480314 1427.5275590551182 197.5748031496063 32.59842519685039 commissaires
385.2283464566929 1427.5275590551182 135.7795275590551 32.59842519685039 envoyés
484.15748031496065 1427.5275590551182 86.45669291338582 32.59842519685039 par
533.4803149606299 1427.5275590551182 73.98425196850394 32.59842519685039 la
570.6141732283464 1427.5275590551182 185.10236220472441 32.59842519685039 Convention.
718.5826771653543 1427.5275590551182 123.30708661417323 32.59842519685039 Paris,
805.0393700787401 1427.5275590551182 61.79527559055118 32.59842519685039 4
829.7007874015748 1427.5275590551182 147.96850393700788 32.59842519685039 décembre
928.3464566929134 1427.5275590551182 86.45669291338582 32.59842519685039 1792.

212.03149606299212 1455.3070866141732 138.61417322834646 31.46456692913386 1
267.59055118110234 1455.3070866141732 166.11023622047244 31.46456692913386 p.
350.6456692913386 1455.3070866141732 193.88976377952756 31.46456692913386 pl.
461.4803149606299 1455.3070866141732 304.7244094488189 31.46456692913386 in-fol.
682.8661417322835 1455.3070866141732 276.9448818897638 31.46456692913386 Sceau.
876.7559055118111 1455.3070866141732 138.61417322834646 31.46456692913386 7
904.5354330708661 1455.3070866141732 110.83464566929133 31.46456692913386 50

198.99212598425197 1481.9527559055118 90.70866141732283 32.59842519685039 228.
255.68503937007873 1481.9527559055118 215.1496062992126 32.59842519685039 Coquerel
436.81889763779526 1481.9527559055118 169.79527559055117 32.59842519685039 (Athanase),
572.8818897637796 1481.9527559055118 124.7244094488189 32.59842519685039 pasteur
663.3070866141733 1481.9527559055118 68.03149606299213 32.59842519685039 de
697.3228346456693 1481.9527559055118 135.7795275590551 32.59842519685039 l'Eglise
799.3700787401575 1481.9527559055118 135.7795275590551 32.59842519685039 réformée
901.1338582677165 1481.9527559055118 68.03149606299213 32.59842519685039 de
923.8110236220473 1481.9527559055118 90.70866141732283 32.59842519685039 Paris,

225.92125984251967 1509.1653543307086 188.2204724409449 32.031496062992126 représentant
378.99212598425197 1509.1653543307086 70.58267716535433 32.031496062992126 du
414.4251968503937 1509.1653543307086 117.63779527559055 32.031496062992126 peuple
496.62992125984255 1509.1653543307086 58.960629921259844 32.031496062992126 à
520.1574803149606 1509.1653543307086 176.5984251968504 32.031496062992126 l’Assemblée
661.6062992125984 1509.1653543307086 188.2204724409449 32.031496062992126 constituante
814.3937007874016 1509.1653543307086 70.58267716535433 32.031496062992126 de
849.8267716535433 1509.1653543307086 106.01574803149606 32.031496062992126 1848.
920.4094488188977 1509.1653543307086 70.58267716535433 32.031496062992126 L.
943.9370078740158 1509.1653543307086 70.58267716535433 32.031496062992126 aut.

218.26771653543307 1536.3779527559054 159.59055118110237 32.031496062992126 sig.,
324.8503937007874 1536.3779527559054 88.7244094488189 32.031496062992126 à
360.2834645669291 1536.3779527559054 106.2992125984252 32.031496062992126 M.
413.29133858267716 1536.3779527559054 141.73228346456693 32.031496062992126 Paul
502.01574803149606 1536.3779527559054 212.5984251968504 32.031496062992126 Lacroix.
661.6062992125984 1536.3779527559054 88.7244094488189 32.031496062992126 2
697.0393700787401 1536.3779527559054 106.2992125984252 32.031496062992126 p.
750.0472440944882 1536.3779527559054 124.15748031496064 32.031496062992126 pl.
820.9133858267717 1536.3779527559054 159.59055118110237 32.031496062992126 in-8.
927.2125984251968 1536.3779527559054 88.7244094488189 32.031496062992126 2
945.0708661417323 1536.3779527559054 70.86614173228347 32.031496062992126 50

199.2755905511811 1562.4566929133857 85.03937007874016 31.46456692913386 220.
252.28346456692913 1562.4566929133857 222.8031496062992 31.46456692913386 Corvisart.
443.33858267716533 1562.4566929133857 116.78740157480316 31.46456692913386 Premier
528.0944881889764 1562.4566929133857 116.78740157480316 31.46456692913386 médecin
613.1338582677165 1562.4566929133857 63.77952755905512 31.46456692913386 de
644.8818897637796 1562.4566929133857 127.2755905511811 31.46456692913386 Napoléon
740.4094488188977 1562.4566929133857 85.03937007874016 31.46456692913386 1er.
793.7007874015748 1562.4566929133857 63.77952755905512 31.46456692913386 Né
825.4488188976378 1562.4566929133857 53.00787401574803 31.46456692913386 à
835.9370078740158 1562.4566929133857 180.56692913385828 31.46456692913386 Dricourt

223.08661417322836 1589.6692913385828 201.25984251968504 33.16535433070866 (Ardennes).
384.09448818897636 1589.6692913385828 80.50393700787401 33.16535433070866 L.
424.34645669291336 1589.6692913385828 107.43307086614173 33.16535433070866 aut.
491.5275590551181 1589.6692913385828 107.43307086614173 33.16535433070866 sig.
558.7086614173228 1589.6692913385828 67.18110236220473 33.16535433070866 6
585.3543307086615 1589.6692913385828 161.00787401574803 33.16535433070866 juillet.
706.3937007874016 1589.6692913385828 67.18110236220473 33.16535433070866 2
733.0393700787401 1589.6692913385828 94.11023622047244 33.16535433070866 gr.
786.8976377952756 1589.6692913385828 80.50393700787401 33.16535433070866 p.
827.1496062992126 1589.6692913385828 94.11023622047244 33.16535433070866 pl.
880.7244094488188 1589.6692913385828 120.75590551181102 33.16535433070866 in-4.
961.511811023622 1589.6692913385828 67.18110236220473 33.16535433070866 6
974.8346456692914 1589.6692913385828 40.25196850393701 33.16535433070866 »

251.71653543307087 1616.3149606299212 70.58267716535433 32.31496062992126 M.
286.86614173228344 1616.3149606299212 141.16535433070865 32.31496062992126 Philippe
392.88188976377955 1616.3149606299212 70.58267716535433 32.31496062992126 et
428.0314960629921 1616.3149606299212 82.48818897637796 32.31496062992126 lui
475.0866141732283 1616.3149606299212 82.48818897637796 32.31496062992126 ont
522.1417322834645 1616.3149606299212 129.54330708661416 32.31496062992126 indiqué
616.2519685039371 1616.3149606299212 70.58267716535433 32.31496062992126 au
651.6850393700787 1616.3149606299212 117.63779527559055 32.31496062992126 malade
733.8897637795276 1616.3149606299212 117.63779527559055 32.31496062992126 qu'ils
816.3779527559055 1616.3149606299212 141.16535433070865 32.31496062992126 traitent
910.488188976378 1616.3149606299212 106.01574803149606 32.31496062992126 l'élec-

225.92125984251967 1644.0944881889764 137.48031496062993 30.89763779527559 tricité,
328.81889763779526 1644.0944881889764 103.18110236220473 30.89763779527559 comme
397.7007874015748 1644.0944881889764 80.22047244094489 30.89763779527559 ils
443.33858267716533 1644.0944881889764 171.7795275590551 30.89763779527559 prescrivent
580.8188976377953 1644.0944881889764 103.18110236220473 30.89763779527559 touts
649.4173228346457 1644.0944881889764 80.22047244094489 30.89763779527559 les
695.3385826771654 1644.0944881889764 103.18110236220473 30.89763779527559 jours
763.9370078740158 1644.0944881889764 80.22047244094489 30.89763779527559 des
809.8582677165355 1644.0944881889764 125.85826771653544 30.89763779527559 remèdes
901.4173228346457 1644.0944881889764 57.25984251968504 30.89763779527559 à
912.7559055118111 1644.0944881889764 103.18110236220473 30.89763779527559 l'effi-

225.63779527559055 1671.3070866141732 117.92125984251969 31.46456692913386 cacité
308.12598425196853 1671.3070866141732 141.4488188976378 31.46456692913386 desquels
414.4251968503937 1671.3070866141732 82.48818897637796 31.46456692913386 ils
461.4803149606299 1671.3070866141732 70.58267716535433 31.46456692913386 ne
496.9133858267717 1671.3070866141732 129.54330708661416 31.46456692913386 croyent
591.0236220472441 1671.3070866141732 94.39370078740157 31.46456692913386 pas;
649.9842519685039 1671.3070866141732 106.01574803149606 31.46456692913386 mais,
720.8503937007874 1671.3070866141732 94.39370078740157 31.46456692913386 dans
779.5275590551181 1671.3070866141732 82.48818897637796 31.46456692913386 les
826.8661417322835 1671.3070866141732 82.48818897637796 31.46456692913386 cas
862.2992125984252 1671.3070866141732 153.0708661417323 31.46456692913386 désespérés,

223.93700787401573 1697.9527559055118 83.90551181102362 32.031496062992126 ils
271.84251968503935 1697.9527559055118 132.09448818897638 32.031496062992126 doivent
367.93700787401576 1697.9527559055118 119.90551181102362 32.031496062992126 encore
451.84251968503935 1697.9527559055118 119.90551181102362 32.031496062992126 abuser
535.7480314960629 1697.9527559055118 83.90551181102362 32.031496062992126 les
583.6535433070866 1697.9527559055118 144.0 32.031496062992126 malades:
691.6535433070866 1697.9527559055118 119.90551181102362 32.031496062992126 «Cette
775.8425196850394 1697.9527559055118 155.90551181102362 32.031496062992126 ressource
895.7480314960629 1697.9527559055118 83.90551181102362 32.031496062992126 est
931.7480314960629 1697.9527559055118 83.90551181102362 32.031496062992126 prise
