<?xml-stylesheet type="text/xsl" href="remove_tags.xsl"?>
<alto xmlns:xsi="http://www.w3.org/2001/XMLSchema-instance" xmlns="http://www.loc.gov/standards/alto/ns-v2#" xmlns:page="http://schema.primaresearch.org/PAGE/gts/pagecontent/2013-07-15" xsi:schemaLocation="http://www.loc.gov/standards/alto/ns-v2# http://www.loc.gov/standards/alto/alto.xsd">
  <Description>
    <MeasurementUnit>pixel</MeasurementUnit>
    <sourceImageInformation>
         <fileName>1856_10_LAV_N03-2.xml</fileName>
      </sourceImageInformation>
    <OCRProcessing ID="IdOcr">
      <ocrProcessingStep>
        <processingDateTime>2020-05-13T10:40:50.99+02:00</processingDateTime>
        <processingSoftware>
               <softwareCreator>CONTRIBUTORS</softwareCreator>
               <softwareName>pdfalto</softwareName>
               <softwareVersion>0.1</softwareVersion>
            </processingSoftware>
      </ocrProcessingStep>
    </OCRProcessing>
  </Description>
  <Styles>
     <TextStyle ID="FONT0" FONTFAMILY="unknown" FONTSIZE="unknown" FONTTYPE="unknown" FONTWIDTH="unknown" FONTCOLOR="unknown" FONTSTYLE=""/>
     <TextStyle ID="FONT1" FONTFAMILY="unknown" FONTSIZE="unknown" FONTTYPE="unknown" FONTWIDTH="unknown" FONTCOLOR="unknown" FONTSTYLE="bold"/>
     <TextStyle ID="FONT2" FONTFAMILY="unknown" FONTSIZE="unknown" FONTTYPE="unknown" FONTWIDTH="unknown" FONTCOLOR="unknown" FONTSTYLE="italics"/>
</Styles>
  <Tags/>
  <Layout>
    <Page ID="Page1" PHYSICAL_IMG_NR="1" HEIGHT="2059.6535433070867" WIDTH="1209.5433070866143">
      <PrintSpace HEIGHT="2025.6377952755906" WIDTH="995.5275590551181" VPOS="210.33070866141733" HPOS="87.8740157480315">
        <TextBlock ID="r_1_1" HEIGHT="22.96062992125984" WIDTH="119.05511811023622" VPOS="188.2204724409449" HPOS="570.6141732283464">
          <TextLine ID="tl_1" BASELINE="744" HEIGHT="22.393700787401574" WIDTH="118.48818897637796" VPOS="188.50393700787401" HPOS="570.8976377952756">
            <String HEIGHT="22.393700787401574" WIDTH="98.64566929133858" VPOS="188.50393700787401" HPOS="551.0551181102362" CONTENT="—" ID="tl_1_1" STYLEREFS="FONT0"/>
            <SP HEIGHT="22.393700787401574" WIDTH="19.84251968503937" VPOS="188.50393700787401" HPOS="649.9842519685039"/>
            <String HEIGHT="22.393700787401574" WIDTH="118.48818897637796" VPOS="188.50393700787401" HPOS="590.7401574803149" CONTENT="18" ID="tl_1_2" STYLEREFS="FONT0"/>
            <SP HEIGHT="22.393700787401574" WIDTH="19.84251968503937" VPOS="188.50393700787401" HPOS="709.2283464566929"/>
            <String HEIGHT="22.393700787401574" WIDTH="59.24409448818898" VPOS="188.50393700787401" HPOS="630.1417322834645" CONTENT="—" ID="tl_1_3" STYLEREFS="FONT0"/>
          </TextLine>
        </TextBlock>
        <TextBlock ID="r_2_1" HEIGHT="58.110236220472444" WIDTH="805.0393700787401" VPOS="236.1259842519685" HPOS="224.78740157480314">
          <TextLine ID="tl_2" BASELINE="943" HEIGHT="30.89763779527559" WIDTH="803.9055118110236" VPOS="236.40944881889763" HPOS="225.0708661417323">
            <String HEIGHT="30.89763779527559" WIDTH="91.84251968503936" VPOS="236.40944881889763" HPOS="213.4488188976378" CONTENT="154." ID="tl_2_1" STYLEREFS="FONT0"/>
            <SP HEIGHT="30.89763779527559" WIDTH="11.622047244094489" VPOS="236.40944881889763" HPOS="305.5748031496063"/>
            <String HEIGHT="30.89763779527559" WIDTH="195.30708661417322" VPOS="236.40944881889763" HPOS="270.99212598425197" CONTENT="Bailly" ID="tl_2_2" STYLEREFS="FONT1"/>
            <SP HEIGHT="30.89763779527559" WIDTH="11.622047244094489" VPOS="236.40944881889763" HPOS="466.2992125984252"/>
            <String HEIGHT="30.89763779527559" WIDTH="218.26771653543307" VPOS="236.40944881889763" HPOS="431.7165354330709" CONTENT="(Jean-Sylvain)," ID="tl_2_3" STYLEREFS="FONT0"/>
            <SP HEIGHT="30.89763779527559" WIDTH="11.622047244094489" VPOS="236.40944881889763" HPOS="649.9842519685039"/>
            <String HEIGHT="30.89763779527559" WIDTH="160.7244094488189" VPOS="236.40944881889763" HPOS="615.4015748031496" CONTENT="astronome," ID="tl_2_4" STYLEREFS="FONT0"/>
            <SP HEIGHT="30.89763779527559" WIDTH="11.622047244094489" VPOS="236.40944881889763" HPOS="776.4094488188977"/>
            <String HEIGHT="30.89763779527559" WIDTH="103.46456692913385" VPOS="236.40944881889763" HPOS="741.8267716535433" CONTENT="maire" ID="tl_2_5" STYLEREFS="FONT0"/>
            <SP HEIGHT="30.89763779527559" WIDTH="11.622047244094489" VPOS="236.40944881889763" HPOS="845.2913385826772"/>
            <String HEIGHT="30.89763779527559" WIDTH="68.88188976377953" VPOS="236.40944881889763" HPOS="810.7086614173228" CONTENT="de" ID="tl_2_6" STYLEREFS="FONT0"/>
            <SP HEIGHT="30.89763779527559" WIDTH="11.622047244094489" VPOS="236.40944881889763" HPOS="879.5905511811023"/>
            <String HEIGHT="30.89763779527559" WIDTH="114.80314960629921" VPOS="236.40944881889763" HPOS="845.2913385826772" CONTENT="Paris." ID="tl_2_7" STYLEREFS="FONT0"/>
            <SP HEIGHT="30.89763779527559" WIDTH="11.622047244094489" VPOS="236.40944881889763" HPOS="960.0944881889764"/>
            <String HEIGHT="30.89763779527559" WIDTH="68.88188976377953" VPOS="236.40944881889763" HPOS="925.511811023622" CONTENT="L." ID="tl_2_8" STYLEREFS="FONT0"/>
            <SP HEIGHT="30.89763779527559" WIDTH="11.622047244094489" VPOS="236.40944881889763" HPOS="994.3937007874016"/>
            <String HEIGHT="30.89763779527559" WIDTH="80.50393700787401" VPOS="236.40944881889763" HPOS="948.4724409448819" CONTENT="sig.," ID="tl_2_9" STYLEREFS="FONT0"/>
          </TextLine>
          <TextLine ID="tl_3" BASELINE="1037" HEIGHT="29.763779527559056" WIDTH="778.9606299212599" VPOS="264.18897637795277" HPOS="250.58267716535434">
            <String HEIGHT="29.763779527559056" WIDTH="118.77165354330708" VPOS="264.18897637795277" HPOS="237.25984251968504" CONTENT="comme" ID="tl_3_1" STYLEREFS="FONT0"/>
            <SP HEIGHT="29.763779527559056" WIDTH="13.32283464566929" VPOS="264.18897637795277" HPOS="356.31496062992125"/>
            <String HEIGHT="29.763779527559056" WIDTH="118.77165354330708" VPOS="264.18897637795277" HPOS="316.62992125984255" CONTENT="maire" ID="tl_3_2" STYLEREFS="FONT0"/>
            <SP HEIGHT="29.763779527559056" WIDTH="13.32283464566929" VPOS="264.18897637795277" HPOS="435.40157480314963"/>
            <String HEIGHT="29.763779527559056" WIDTH="79.08661417322834" VPOS="264.18897637795277" HPOS="395.7165354330709" CONTENT="de" ID="tl_3_3" STYLEREFS="FONT0"/>
            <SP HEIGHT="29.763779527559056" WIDTH="13.32283464566929" VPOS="264.18897637795277" HPOS="475.0866141732283"/>
            <String HEIGHT="29.763779527559056" WIDTH="132.09448818897638" VPOS="264.18897637795277" HPOS="435.40157480314963" CONTENT="Paris." ID="tl_3_4" STYLEREFS="FONT0"/>
            <SP HEIGHT="29.763779527559056" WIDTH="13.32283464566929" VPOS="264.18897637795277" HPOS="567.496062992126"/>
            <String HEIGHT="29.763779527559056" WIDTH="132.09448818897638" VPOS="264.18897637795277" HPOS="527.8110236220473" CONTENT="Paris," ID="tl_3_5" STYLEREFS="FONT0"/>
            <SP HEIGHT="29.763779527559056" WIDTH="13.32283464566929" VPOS="264.18897637795277" HPOS="659.9055118110236"/>
            <String HEIGHT="29.763779527559056" WIDTH="66.04724409448819" VPOS="264.18897637795277" HPOS="620.2204724409448" CONTENT="5" ID="tl_3_6" STYLEREFS="FONT0"/>
            <SP HEIGHT="29.763779527559056" WIDTH="13.32283464566929" VPOS="264.18897637795277" HPOS="686.2677165354331"/>
            <String HEIGHT="29.763779527559056" WIDTH="105.73228346456693" VPOS="264.18897637795277" HPOS="646.5826771653543" CONTENT="août" ID="tl_3_7" STYLEREFS="FONT0"/>
            <SP HEIGHT="29.763779527559056" WIDTH="13.32283464566929" VPOS="264.18897637795277" HPOS="752.3149606299213"/>
            <String HEIGHT="29.763779527559056" WIDTH="118.77165354330708" VPOS="264.18897637795277" HPOS="712.6299212598425" CONTENT="1791." ID="tl_3_8" STYLEREFS="FONT0"/>
            <SP HEIGHT="29.763779527559056" WIDTH="13.32283464566929" VPOS="264.18897637795277" HPOS="831.4015748031496"/>
            <String HEIGHT="29.763779527559056" WIDTH="66.04724409448819" VPOS="264.18897637795277" HPOS="792.0" CONTENT="1" ID="tl_3_9" STYLEREFS="FONT0"/>
            <SP HEIGHT="29.763779527559056" WIDTH="13.32283464566929" VPOS="264.18897637795277" HPOS="858.0472440944882"/>
            <String HEIGHT="29.763779527559056" WIDTH="79.08661417322834" VPOS="264.18897637795277" HPOS="818.3622047244095" CONTENT="p." ID="tl_3_10" STYLEREFS="FONT0"/>
            <SP HEIGHT="29.763779527559056" WIDTH="13.32283464566929" VPOS="264.18897637795277" HPOS="897.4488188976378"/>
            <String HEIGHT="29.763779527559056" WIDTH="145.13385826771653" VPOS="264.18897637795277" HPOS="858.0472440944882" CONTENT="in-fol." ID="tl_3_11" STYLEREFS="FONT0"/>
            <SP HEIGHT="29.763779527559056" WIDTH="13.32283464566929" VPOS="264.18897637795277" HPOS="1003.1811023622047"/>
            <String HEIGHT="29.763779527559056" WIDTH="66.04724409448819" VPOS="264.18897637795277" HPOS="963.496062992126" CONTENT="2" ID="tl_3_12" STYLEREFS="FONT0"/>
            <SP HEIGHT="29.763779527559056" WIDTH="13.32283464566929" VPOS="264.18897637795277" HPOS="1029.5433070866143"/>
            <String HEIGHT="29.763779527559056" WIDTH="52.724409448818896" VPOS="264.18897637795277" HPOS="976.8188976377953" CONTENT="50" ID="tl_3_13" STYLEREFS="FONT0"/>
          </TextLine>
        </TextBlock>
        <TextBlock ID="r_2_2" HEIGHT="84.75590551181102" WIDTH="806.4566929133858" VPOS="291.11811023622045" HPOS="224.2204724409449">
          <TextLine ID="tl_4" BASELINE="1133" HEIGHT="29.763779527559056" WIDTH="805.8897637795276" VPOS="291.40157480314963" HPOS="224.50393700787401">
            <String HEIGHT="29.763779527559056" WIDTH="82.77165354330708" VPOS="291.40157480314963" HPOS="214.29921259842519" CONTENT="155." ID="tl_4_1" STYLEREFS="FONT0"/>
            <SP HEIGHT="29.763779527559056" WIDTH="10.204724409448819" VPOS="291.40157480314963" HPOS="296.78740157480314"/>
            <String HEIGHT="29.763779527559056" WIDTH="185.95275590551182" VPOS="291.40157480314963" HPOS="265.8897637795276" CONTENT="Barbier" ID="tl_4_2" STYLEREFS="FONT1"/>
            <SP HEIGHT="29.763779527559056" WIDTH="10.204724409448819" VPOS="291.40157480314963" HPOS="451.84251968503935"/>
            <String HEIGHT="29.763779527559056" WIDTH="113.66929133858268" VPOS="291.40157480314963" HPOS="420.9448818897638" CONTENT="(l’abbé" ID="tl_4_3" STYLEREFS="FONT0"/>
            <SP HEIGHT="29.763779527559056" WIDTH="10.204724409448819" VPOS="291.40157480314963" HPOS="534.3307086614174"/>
            <String HEIGHT="29.763779527559056" WIDTH="82.77165354330708" VPOS="291.40157480314963" HPOS="503.43307086614175" CONTENT="H.)," ID="tl_4_4" STYLEREFS="FONT0"/>
            <SP HEIGHT="29.763779527559056" WIDTH="10.204724409448819" VPOS="291.40157480314963" HPOS="586.2047244094488"/>
            <String HEIGHT="29.763779527559056" WIDTH="103.18110236220473" VPOS="291.40157480314963" HPOS="555.0236220472441" CONTENT="auteur" ID="tl_4_5" STYLEREFS="FONT0"/>
            <SP HEIGHT="29.763779527559056" WIDTH="10.204724409448819" VPOS="291.40157480314963" HPOS="658.488188976378"/>
            <String HEIGHT="29.763779527559056" WIDTH="62.07874015748032" VPOS="291.40157480314963" HPOS="627.5905511811023" CONTENT="de" ID="tl_4_6" STYLEREFS="FONT0"/>
            <SP HEIGHT="29.763779527559056" WIDTH="10.204724409448819" VPOS="291.40157480314963" HPOS="689.3858267716536"/>
            <String HEIGHT="29.763779527559056" WIDTH="62.07874015748032" VPOS="291.40157480314963" HPOS="658.488188976378" CONTENT="la" ID="tl_4_7" STYLEREFS="FONT0"/>
            <SP HEIGHT="29.763779527559056" WIDTH="10.204724409448819" VPOS="291.40157480314963" HPOS="720.5669291338583"/>
            <String HEIGHT="29.763779527559056" WIDTH="175.748031496063" VPOS="291.40157480314963" HPOS="689.3858267716536" CONTENT="Biographie" ID="tl_4_8" STYLEREFS="FONT2"/>
            <SP HEIGHT="29.763779527559056" WIDTH="10.204724409448819" VPOS="291.40157480314963" HPOS="865.1338582677165"/>
            <String HEIGHT="29.763779527559056" WIDTH="62.07874015748032" VPOS="291.40157480314963" HPOS="833.9527559055118" CONTENT="du" ID="tl_4_9" STYLEREFS="FONT2"/>
            <SP HEIGHT="29.763779527559056" WIDTH="10.204724409448819" VPOS="291.40157480314963" HPOS="896.0314960629921"/>
            <String HEIGHT="29.763779527559056" WIDTH="103.18110236220473" VPOS="291.40157480314963" HPOS="865.1338582677165" CONTENT="clergé" ID="tl_4_10" STYLEREFS="FONT2"/>
            <SP HEIGHT="29.763779527559056" WIDTH="10.204724409448819" VPOS="291.40157480314963" HPOS="968.3149606299213"/>
            <String HEIGHT="29.763779527559056" WIDTH="103.18110236220473" VPOS="291.40157480314963" HPOS="927.2125984251968" CONTENT="con" ID="tl_4_11" STYLEREFS="FONT2"/>
          </TextLine>
          <TextLine ID="tl_5" BASELINE="1231" HEIGHT="30.330708661417322" WIDTH="777.2598425196851" VPOS="318.61417322834643" HPOS="250.86614173228347">
            <String HEIGHT="30.330708661417322" WIDTH="212.88188976377953" VPOS="318.61417322834643" HPOS="240.09448818897638" CONTENT="temporain" ID="tl_5_1" STYLEREFS="FONT2"/>
            <SP HEIGHT="30.330708661417322" WIDTH="10.771653543307087" VPOS="318.61417322834643" HPOS="453.25984251968504"/>
            <String HEIGHT="30.330708661417322" WIDTH="85.03937007874016" VPOS="318.61417322834643" HPOS="421.2283464566929" CONTENT="(par" ID="tl_5_2" STYLEREFS="FONT0"/>
            <SP HEIGHT="30.330708661417322" WIDTH="10.771653543307087" VPOS="318.61417322834643" HPOS="506.26771653543307"/>
            <String HEIGHT="30.330708661417322" WIDTH="63.77952755905512" VPOS="318.61417322834643" HPOS="474.5196850393701" CONTENT="un" ID="tl_5_3" STYLEREFS="FONT0"/>
            <SP HEIGHT="30.330708661417322" WIDTH="10.771653543307087" VPOS="318.61417322834643" HPOS="538.2992125984252"/>
            <String HEIGHT="30.330708661417322" WIDTH="159.59055118110237" VPOS="318.61417322834643" HPOS="506.26771653543307" CONTENT="solitaire)." ID="tl_5_4" STYLEREFS="FONT0"/>
            <SP HEIGHT="30.330708661417322" WIDTH="10.771653543307087" VPOS="318.61417322834643" HPOS="666.1417322834645"/>
            <String HEIGHT="30.330708661417322" WIDTH="63.77952755905512" VPOS="318.61417322834643" HPOS="634.1102362204724" CONTENT="L." ID="tl_5_5" STYLEREFS="FONT0"/>
            <SP HEIGHT="30.330708661417322" WIDTH="10.771653543307087" VPOS="318.61417322834643" HPOS="698.1732283464567"/>
            <String HEIGHT="30.330708661417322" WIDTH="85.03937007874016" VPOS="318.61417322834643" HPOS="666.1417322834645" CONTENT="aut." ID="tl_5_6" STYLEREFS="FONT0"/>
            <SP HEIGHT="30.330708661417322" WIDTH="10.771653543307087" VPOS="318.61417322834643" HPOS="751.1811023622047"/>
            <String HEIGHT="30.330708661417322" WIDTH="85.03937007874016" VPOS="318.61417322834643" HPOS="719.4330708661417" CONTENT="sig." ID="tl_5_7" STYLEREFS="FONT0"/>
            <SP HEIGHT="30.330708661417322" WIDTH="10.771653543307087" VPOS="318.61417322834643" HPOS="804.4724409448819"/>
            <String HEIGHT="30.330708661417322" WIDTH="106.58267716535433" VPOS="318.61417322834643" HPOS="772.7244094488188" CONTENT="Paris," ID="tl_5_8" STYLEREFS="FONT0"/>
            <SP HEIGHT="30.330708661417322" WIDTH="10.771653543307087" VPOS="318.61417322834643" HPOS="879.0236220472441"/>
            <String HEIGHT="30.330708661417322" WIDTH="63.77952755905512" VPOS="318.61417322834643" HPOS="846.992125984252" CONTENT="27" ID="tl_5_9" STYLEREFS="FONT0"/>
            <SP HEIGHT="30.330708661417322" WIDTH="10.771653543307087" VPOS="318.61417322834643" HPOS="911.0551181102362"/>
            <String HEIGHT="30.330708661417322" WIDTH="117.07086614173228" VPOS="318.61417322834643" HPOS="879.0236220472441" CONTENT="janvier" ID="tl_5_10" STYLEREFS="FONT0"/>
            <SP HEIGHT="30.330708661417322" WIDTH="10.771653543307087" VPOS="318.61417322834643" HPOS="996.0944881889764"/>
            <String HEIGHT="30.330708661417322" WIDTH="74.55118110236221" VPOS="318.61417322834643" HPOS="953.5748031496063" CONTENT="1842." ID="tl_5_11" STYLEREFS="FONT0"/>
          </TextLine>
          <TextLine ID="tl_6" BASELINE="1325" HEIGHT="30.330708661417322" WIDTH="777.2598425196851" VPOS="345.25984251968504" HPOS="251.43307086614172">
            <String HEIGHT="30.330708661417322" WIDTH="277.51181102362204" VPOS="345.25984251968504" HPOS="195.8740157480315" CONTENT="1" ID="tl_6_1" STYLEREFS="FONT0"/>
            <SP HEIGHT="30.330708661417322" WIDTH="55.55905511811024" VPOS="345.25984251968504" HPOS="473.38582677165357"/>
            <String HEIGHT="30.330708661417322" WIDTH="333.07086614173227" VPOS="345.25984251968504" HPOS="306.99212598425197" CONTENT="p." ID="tl_6_2" STYLEREFS="FONT0"/>
            <SP HEIGHT="30.330708661417322" WIDTH="55.55905511811024" VPOS="345.25984251968504" HPOS="640.0629921259842"/>
            <String HEIGHT="30.330708661417322" WIDTH="499.748031496063" VPOS="345.25984251968504" HPOS="473.38582677165357" CONTENT="in-4." ID="tl_6_3" STYLEREFS="FONT0"/>
            <SP HEIGHT="30.330708661417322" WIDTH="55.55905511811024" VPOS="345.25984251968504" HPOS="973.1338582677165"/>
            <String HEIGHT="30.330708661417322" WIDTH="277.51181102362204" VPOS="345.25984251968504" HPOS="806.7401574803149" CONTENT="2" ID="tl_6_4" STYLEREFS="FONT0"/>
            <SP HEIGHT="30.330708661417322" WIDTH="55.55905511811024" VPOS="345.25984251968504" HPOS="1084.251968503937"/>
            <String HEIGHT="30.330708661417322" WIDTH="166.6771653543307" VPOS="345.25984251968504" HPOS="862.0157480314961" CONTENT="»" ID="tl_6_5" STYLEREFS="FONT0"/>
          </TextLine>
        </TextBlock>
        <TextBlock ID="r_2_3" HEIGHT="58.110236220472444" WIDTH="807.3070866141733" VPOS="372.18897637795277" HPOS="223.37007874015748">
          <TextLine ID="tl_7" BASELINE="1413" HEIGHT="28.062992125984252" WIDTH="806.7401574803149" VPOS="372.4724409448819" HPOS="223.6535433070866">
            <String HEIGHT="28.062992125984252" WIDTH="89.5748031496063" VPOS="372.4724409448819" HPOS="212.31496062992127" CONTENT="156." ID="tl_7_1" STYLEREFS="FONT0"/>
            <SP HEIGHT="28.062992125984252" WIDTH="11.338582677165354" VPOS="372.4724409448819" HPOS="302.1732283464567"/>
            <String HEIGHT="28.062992125984252" WIDTH="201.82677165354332" VPOS="372.4724409448819" HPOS="268.4409448818898" CONTENT="Barras," ID="tl_7_2" STYLEREFS="FONT1"/>
            <SP HEIGHT="28.062992125984252" WIDTH="11.338582677165354" VPOS="372.4724409448819" HPOS="470.26771653543307"/>
            <String HEIGHT="28.062992125984252" WIDTH="201.82677165354332" VPOS="372.4724409448819" HPOS="436.53543307086613" CONTENT="conventionnel," ID="tl_7_3" STYLEREFS="FONT0"/>
            <SP HEIGHT="28.062992125984252" WIDTH="11.338582677165354" VPOS="372.4724409448819" HPOS="638.3622047244095"/>
            <String HEIGHT="28.062992125984252" WIDTH="111.96850393700787" VPOS="372.4724409448819" HPOS="604.6299212598425" CONTENT="membre" ID="tl_7_4" STYLEREFS="FONT0"/>
            <SP HEIGHT="28.062992125984252" WIDTH="11.338582677165354" VPOS="372.4724409448819" HPOS="716.5984251968504"/>
            <String HEIGHT="28.062992125984252" WIDTH="67.18110236220473" VPOS="372.4724409448819" HPOS="683.1496062992126" CONTENT="du" ID="tl_7_5" STYLEREFS="FONT0"/>
            <SP HEIGHT="28.062992125984252" WIDTH="11.338582677165354" VPOS="372.4724409448819" HPOS="750.3307086614174"/>
            <String HEIGHT="28.062992125984252" WIDTH="168.09448818897638" VPOS="372.4724409448819" HPOS="716.5984251968504" CONTENT="Directoire." ID="tl_7_6" STYLEREFS="FONT0"/>
            <SP HEIGHT="28.062992125984252" WIDTH="11.338582677165354" VPOS="372.4724409448819" HPOS="884.6929133858267"/>
            <String HEIGHT="28.062992125984252" WIDTH="67.18110236220473" VPOS="372.4724409448819" HPOS="851.2440944881889" CONTENT="Né" ID="tl_7_7" STYLEREFS="FONT0"/>
            <SP HEIGHT="28.062992125984252" WIDTH="11.338582677165354" VPOS="372.4724409448819" HPOS="918.4251968503937"/>
            <String HEIGHT="28.062992125984252" WIDTH="56.125984251968504" VPOS="372.4724409448819" HPOS="884.6929133858267" CONTENT="à" ID="tl_7_8" STYLEREFS="FONT0"/>
            <SP HEIGHT="28.062992125984252" WIDTH="11.338582677165354" VPOS="372.4724409448819" HPOS="940.8188976377953"/>
            <String HEIGHT="28.062992125984252" WIDTH="134.36220472440945" VPOS="372.4724409448819" HPOS="896.0314960629921" CONTENT="Fox" ID="tl_7_9" STYLEREFS="FONT2"/>
          </TextLine>
          <TextLine ID="tl_8" BASELINE="1517" HEIGHT="30.89763779527559" WIDTH="780.3779527559055" VPOS="399.11811023622045" HPOS="249.73228346456693">
            <String HEIGHT="30.89763779527559" WIDTH="109.98425196850394" VPOS="399.11811023622045" HPOS="238.6771653543307" CONTENT="(Var)." ID="tl_8_1" STYLEREFS="FONT0"/>
            <SP HEIGHT="30.89763779527559" WIDTH="11.05511811023622" VPOS="399.11811023622045" HPOS="348.66141732283467"/>
            <String HEIGHT="30.89763779527559" WIDTH="142.86614173228347" VPOS="399.11811023622045" HPOS="315.7795275590551" CONTENT="Apostille" ID="tl_8_2" STYLEREFS="FONT0"/>
            <SP HEIGHT="30.89763779527559" WIDTH="11.05511811023622" VPOS="399.11811023622045" HPOS="458.6456692913386"/>
            <String HEIGHT="30.89763779527559" WIDTH="66.04724409448819" VPOS="399.11811023622045" HPOS="425.4803149606299" CONTENT="de" ID="tl_8_3" STYLEREFS="FONT0"/>
            <SP HEIGHT="30.89763779527559" WIDTH="11.05511811023622" VPOS="399.11811023622045" HPOS="491.5275590551181"/>
            <String HEIGHT="30.89763779527559" WIDTH="54.99212598425197" VPOS="399.11811023622045" HPOS="458.6456692913386" CONTENT="4" ID="tl_8_4" STYLEREFS="FONT0"/>
            <SP HEIGHT="30.89763779527559" WIDTH="11.05511811023622" VPOS="399.11811023622045" HPOS="513.6377952755905"/>
            <String HEIGHT="30.89763779527559" WIDTH="109.98425196850394" VPOS="399.11811023622045" HPOS="480.4724409448819" CONTENT="lignes" ID="tl_8_5" STYLEREFS="FONT0"/>
            <SP HEIGHT="30.89763779527559" WIDTH="11.05511811023622" VPOS="399.11811023622045" HPOS="590.4566929133858"/>
            <String HEIGHT="30.89763779527559" WIDTH="87.8740157480315" VPOS="399.11811023622045" HPOS="557.5748031496063" CONTENT="a.s." ID="tl_8_6" STYLEREFS="FONT0"/>
            <SP HEIGHT="30.89763779527559" WIDTH="11.05511811023622" VPOS="399.11811023622045" HPOS="645.4488188976378"/>
            <String HEIGHT="30.89763779527559" WIDTH="66.04724409448819" VPOS="399.11811023622045" HPOS="612.5669291338583" CONTENT="11" ID="tl_8_7" STYLEREFS="FONT0"/>
            <SP HEIGHT="30.89763779527559" WIDTH="11.05511811023622" VPOS="399.11811023622045" HPOS="678.3307086614174"/>
            <String HEIGHT="30.89763779527559" WIDTH="131.81102362204723" VPOS="399.11811023622045" HPOS="645.4488188976378" CONTENT="messidor" ID="tl_8_8" STYLEREFS="FONT0"/>
            <SP HEIGHT="30.89763779527559" WIDTH="11.05511811023622" VPOS="399.11811023622045" HPOS="777.2598425196851"/>
            <String HEIGHT="30.89763779527559" WIDTH="66.04724409448819" VPOS="399.11811023622045" HPOS="744.3779527559055" CONTENT="an" ID="tl_8_9" STYLEREFS="FONT0"/>
            <SP HEIGHT="30.89763779527559" WIDTH="11.05511811023622" VPOS="399.11811023622045" HPOS="810.4251968503937"/>
            <String HEIGHT="30.89763779527559" WIDTH="87.8740157480315" VPOS="399.11811023622045" HPOS="777.2598425196851" CONTENT="VII." ID="tl_8_10" STYLEREFS="FONT0"/>
            <SP HEIGHT="30.89763779527559" WIDTH="11.05511811023622" VPOS="399.11811023622045" HPOS="865.1338582677165"/>
            <String HEIGHT="30.89763779527559" WIDTH="54.99212598425197" VPOS="399.11811023622045" HPOS="832.2519685039371" CONTENT="1" ID="tl_8_11" STYLEREFS="FONT0"/>
            <SP HEIGHT="30.89763779527559" WIDTH="11.05511811023622" VPOS="399.11811023622045" HPOS="887.2440944881889"/>
            <String HEIGHT="30.89763779527559" WIDTH="66.04724409448819" VPOS="399.11811023622045" HPOS="854.3622047244095" CONTENT="p." ID="tl_8_12" STYLEREFS="FONT0"/>
            <SP HEIGHT="30.89763779527559" WIDTH="11.05511811023622" VPOS="399.11811023622045" HPOS="920.1259842519685"/>
            <String HEIGHT="30.89763779527559" WIDTH="121.03937007874016" VPOS="399.11811023622045" HPOS="887.2440944881889" CONTENT="in-fol." ID="tl_8_13" STYLEREFS="FONT0"/>
            <SP HEIGHT="30.89763779527559" WIDTH="11.05511811023622" VPOS="399.11811023622045" HPOS="1008.0"/>
            <String HEIGHT="30.89763779527559" WIDTH="54.99212598425197" VPOS="399.11811023622045" HPOS="975.1181102362204" CONTENT="2" ID="tl_8_14" STYLEREFS="FONT0"/>
            <SP HEIGHT="30.89763779527559" WIDTH="11.05511811023622" VPOS="399.11811023622045" HPOS="1030.1102362204724"/>
            <String HEIGHT="30.89763779527559" WIDTH="43.93700787401575" VPOS="399.11811023622045" HPOS="986.1732283464567" CONTENT="50" ID="tl_8_15" STYLEREFS="FONT0"/>
          </TextLine>
        </TextBlock>
        <TextBlock ID="r_2_4" HEIGHT="30.89763779527559" WIDTH="802.7716535433071" VPOS="426.61417322834643" HPOS="227.0551181102362">
          <TextLine ID="tl_9" BASELINE="1613" HEIGHT="30.330708661417322" WIDTH="802.2047244094488" VPOS="426.8976377952756" HPOS="227.33858267716536">
            <String HEIGHT="30.330708661417322" WIDTH="92.97637795275591" VPOS="426.8976377952756" HPOS="215.71653543307087" CONTENT="157." ID="tl_9_1" STYLEREFS="FONT0"/>
            <SP HEIGHT="30.330708661417322" WIDTH="11.622047244094489" VPOS="426.8976377952756" HPOS="308.6929133858268"/>
            <String HEIGHT="30.330708661417322" WIDTH="197.5748031496063" VPOS="426.8976377952756" HPOS="273.8267716535433" CONTENT="Baudon" ID="tl_9_2" STYLEREFS="FONT1"/>
            <SP HEIGHT="30.330708661417322" WIDTH="11.622047244094489" VPOS="426.8976377952756" HPOS="471.40157480314963"/>
            <String HEIGHT="30.330708661417322" WIDTH="127.84251968503936" VPOS="426.8976377952756" HPOS="436.53543307086613" CONTENT="l'aîné," ID="tl_9_3" STYLEREFS="FONT0"/>
            <SP HEIGHT="30.330708661417322" WIDTH="11.622047244094489" VPOS="426.8976377952756" HPOS="564.3779527559055"/>
            <String HEIGHT="30.330708661417322" WIDTH="174.33070866141733" VPOS="426.8976377952756" HPOS="529.511811023622" CONTENT="antiquaire." ID="tl_9_4" STYLEREFS="FONT0"/>
            <SP HEIGHT="30.330708661417322" WIDTH="11.622047244094489" VPOS="426.8976377952756" HPOS="704.1259842519685"/>
            <String HEIGHT="30.330708661417322" WIDTH="69.73228346456693" VPOS="426.8976377952756" HPOS="669.2598425196851" CONTENT="L." ID="tl_9_5" STYLEREFS="FONT0"/>
            <SP HEIGHT="30.330708661417322" WIDTH="11.622047244094489" VPOS="426.8976377952756" HPOS="738.992125984252"/>
            <String HEIGHT="30.330708661417322" WIDTH="92.97637795275591" VPOS="426.8976377952756" HPOS="704.1259842519685" CONTENT="aut." ID="tl_9_6" STYLEREFS="FONT0"/>
            <SP HEIGHT="30.330708661417322" WIDTH="11.622047244094489" VPOS="426.8976377952756" HPOS="797.1023622047244"/>
            <String HEIGHT="30.330708661417322" WIDTH="92.97637795275591" VPOS="426.8976377952756" HPOS="762.2362204724409" CONTENT="sig." ID="tl_9_7" STYLEREFS="FONT0"/>
            <SP HEIGHT="30.330708661417322" WIDTH="11.622047244094489" VPOS="426.8976377952756" HPOS="855.2125984251968"/>
            <String HEIGHT="30.330708661417322" WIDTH="116.22047244094489" VPOS="426.8976377952756" HPOS="820.3464566929134" CONTENT="Nîmes," ID="tl_9_8" STYLEREFS="FONT0"/>
            <SP HEIGHT="30.330708661417322" WIDTH="11.622047244094489" VPOS="426.8976377952756" HPOS="936.5669291338583"/>
            <String HEIGHT="30.330708661417322" WIDTH="69.73228346456693" VPOS="426.8976377952756" HPOS="901.7007874015748" CONTENT="21" ID="tl_9_9" STYLEREFS="FONT0"/>
            <SP HEIGHT="30.330708661417322" WIDTH="11.622047244094489" VPOS="426.8976377952756" HPOS="971.4330708661417"/>
            <String HEIGHT="30.330708661417322" WIDTH="104.5984251968504" VPOS="426.8976377952756" HPOS="924.9448818897638" CONTENT="octobre" ID="tl_9_10" STYLEREFS="FONT0"/>
          </TextLine>
        </TextBlock>
        <TextBlock ID="r_2_5" HEIGHT="34.2992125984252" WIDTH="779.5275590551181" VPOS="449.29133858267716" HPOS="250.86614173228347">
          <TextLine ID="tl_10" BASELINE="1705" HEIGHT="33.732283464566926" WIDTH="778.9606299212599" VPOS="449.5748031496063" HPOS="251.1496062992126">
            <String HEIGHT="33.732283464566926" WIDTH="206.07874015748033" VPOS="449.5748031496063" HPOS="228.18897637795277" CONTENT="1749." ID="tl_10_1" STYLEREFS="FONT0"/>
            <SP HEIGHT="33.732283464566926" WIDTH="22.96062992125984" VPOS="449.5748031496063" HPOS="434.5511811023622"/>
            <String HEIGHT="33.732283464566926" WIDTH="114.51968503937007" VPOS="449.5748031496063" HPOS="365.6692913385827" CONTENT="3" ID="tl_10_2" STYLEREFS="FONT0"/>
            <SP HEIGHT="33.732283464566926" WIDTH="22.96062992125984" VPOS="449.5748031496063" HPOS="480.18897637795277"/>
            <String HEIGHT="33.732283464566926" WIDTH="137.48031496062993" VPOS="449.5748031496063" HPOS="411.59055118110234" CONTENT="p." ID="tl_10_3" STYLEREFS="FONT0"/>
            <SP HEIGHT="33.732283464566926" WIDTH="22.96062992125984" VPOS="449.5748031496063" HPOS="549.0708661417323"/>
            <String HEIGHT="33.732283464566926" WIDTH="160.44094488188978" VPOS="449.5748031496063" HPOS="480.18897637795277" CONTENT="pl." ID="tl_10_4" STYLEREFS="FONT0"/>
            <SP HEIGHT="33.732283464566926" WIDTH="22.96062992125984" VPOS="449.5748031496063" HPOS="640.6299212598425"/>
            <String HEIGHT="33.732283464566926" WIDTH="183.4015748031496" VPOS="449.5748031496063" HPOS="572.0314960629921" CONTENT="in-4" ID="tl_10_5" STYLEREFS="FONT0"/>
            <SP HEIGHT="33.732283464566926" WIDTH="22.96062992125984" VPOS="449.5748031496063" HPOS="755.1496062992126"/>
            <String HEIGHT="33.732283464566926" WIDTH="297.9212598425197" VPOS="449.5748031496063" HPOS="686.5511811023622" CONTENT="Curieuse." ID="tl_10_6" STYLEREFS="FONT0"/>
            <SP HEIGHT="33.732283464566926" WIDTH="22.96062992125984" VPOS="449.5748031496063" HPOS="984.1889763779527"/>
            <String HEIGHT="33.732283464566926" WIDTH="114.51968503937007" VPOS="449.5748031496063" HPOS="915.5905511811023" CONTENT="2" ID="tl_10_7" STYLEREFS="FONT0"/>
            <SP HEIGHT="33.732283464566926" WIDTH="22.96062992125984" VPOS="449.5748031496063" HPOS="1030.1102362204724"/>
            <String HEIGHT="33.732283464566926" WIDTH="91.55905511811024" VPOS="449.5748031496063" HPOS="938.5511811023622" CONTENT="50" ID="tl_10_8" STYLEREFS="FONT0"/>
          </TextLine>
        </TextBlock>
        <TextBlock ID="r_2_6" HEIGHT="29.763779527559056" WIDTH="802.7716535433071" VPOS="480.4724409448819" HPOS="227.0551181102362">
          <TextLine ID="tl_11" BASELINE="1799" HEIGHT="29.19685039370079" WIDTH="802.2047244094488" VPOS="480.755905511811" HPOS="227.33858267716536">
            <String HEIGHT="29.19685039370079" WIDTH="106.86614173228347" VPOS="480.755905511811" HPOS="214.01574803149606" CONTENT="158." ID="tl_11_1" STYLEREFS="FONT0"/>
            <SP HEIGHT="29.19685039370079" WIDTH="13.32283464566929" VPOS="480.755905511811" HPOS="320.88188976377955"/>
            <String HEIGHT="29.19685039370079" WIDTH="187.08661417322836" VPOS="480.755905511811" HPOS="280.9133858267717" CONTENT="Baudoin" ID="tl_11_2" STYLEREFS="FONT1"/>
            <SP HEIGHT="29.19685039370079" WIDTH="13.32283464566929" VPOS="480.755905511811" HPOS="468.0"/>
            <String HEIGHT="29.19685039370079" WIDTH="80.22047244094489" VPOS="480.755905511811" HPOS="428.0314960629921" CONTENT="de" ID="tl_11_3" STYLEREFS="FONT1"/>
            <SP HEIGHT="29.19685039370079" WIDTH="13.32283464566929" VPOS="480.755905511811" HPOS="508.251968503937"/>
            <String HEIGHT="29.19685039370079" WIDTH="307.5590551181102" VPOS="480.755905511811" HPOS="468.0" CONTENT="Maison-Blanche," ID="tl_11_4" STYLEREFS="FONT1"/>
            <SP HEIGHT="29.19685039370079" WIDTH="13.32283464566929" VPOS="480.755905511811" HPOS="775.5590551181102"/>
            <String HEIGHT="29.19685039370079" WIDTH="200.69291338582678" VPOS="480.755905511811" HPOS="735.3070866141733" CONTENT="antiquaire," ID="tl_11_5" STYLEREFS="FONT0"/>
            <SP HEIGHT="29.19685039370079" WIDTH="13.32283464566929" VPOS="480.755905511811" HPOS="936.0"/>
            <String HEIGHT="29.19685039370079" WIDTH="133.79527559055117" VPOS="480.755905511811" HPOS="895.7480314960629" CONTENT="membre" ID="tl_11_6" STYLEREFS="FONT0"/>
            <SP HEIGHT="29.19685039370079" WIDTH="13.32283464566929" VPOS="480.755905511811" HPOS="1029.5433070866143"/>
            <String HEIGHT="29.19685039370079" WIDTH="53.574803149606296" VPOS="480.755905511811" HPOS="975.9685039370079" CONTENT="de" ID="tl_11_7" STYLEREFS="FONT0"/>
          </TextLine>
        </TextBlock>
        <TextBlock ID="r_2_7" HEIGHT="58.67716535433071" WIDTH="780.6614173228346" VPOS="507.11811023622045" HPOS="249.73228346456693">
          <TextLine ID="tl_12" BASELINE="1897" HEIGHT="30.330708661417322" WIDTH="780.0944881889764" VPOS="507.40157480314963" HPOS="250.01574803149606">
            <String HEIGHT="30.330708661417322" WIDTH="165.54330708661416" VPOS="507.40157480314963" HPOS="238.11023622047244" CONTENT="l’Académie" ID="tl_12_1" STYLEREFS="FONT0"/>
            <SP HEIGHT="30.330708661417322" WIDTH="11.905511811023622" VPOS="507.40157480314963" HPOS="403.65354330708664"/>
            <String HEIGHT="30.330708661417322" WIDTH="82.77165354330708" VPOS="507.40157480314963" HPOS="368.2204724409449" CONTENT="des" ID="tl_12_2" STYLEREFS="FONT0"/>
            <SP HEIGHT="30.330708661417322" WIDTH="11.905511811023622" VPOS="507.40157480314963" HPOS="450.99212598425197"/>
            <String HEIGHT="30.330708661417322" WIDTH="153.63779527559055" VPOS="507.40157480314963" HPOS="415.5590551181102" CONTENT="sciences." ID="tl_12_3" STYLEREFS="FONT0"/>
            <SP HEIGHT="30.330708661417322" WIDTH="11.905511811023622" VPOS="507.40157480314963" HPOS="569.1968503937007"/>
            <String HEIGHT="30.330708661417322" WIDTH="82.77165354330708" VPOS="507.40157480314963" HPOS="533.7637795275591" CONTENT="Fin" ID="tl_12_4" STYLEREFS="FONT0"/>
            <SP HEIGHT="30.330708661417322" WIDTH="11.905511811023622" VPOS="507.40157480314963" HPOS="616.5354330708661"/>
            <String HEIGHT="30.330708661417322" WIDTH="106.2992125984252" VPOS="507.40157480314963" HPOS="581.1023622047244" CONTENT="d'une" ID="tl_12_5" STYLEREFS="FONT0"/>
            <SP HEIGHT="30.330708661417322" WIDTH="11.905511811023622" VPOS="507.40157480314963" HPOS="687.4015748031496"/>
            <String HEIGHT="30.330708661417322" WIDTH="118.20472440944881" VPOS="507.40157480314963" HPOS="651.9685039370079" CONTENT="lettre" ID="tl_12_6" STYLEREFS="FONT0"/>
            <SP HEIGHT="30.330708661417322" WIDTH="11.905511811023622" VPOS="507.40157480314963" HPOS="770.1732283464567"/>
            <String HEIGHT="30.330708661417322" WIDTH="94.67716535433071" VPOS="507.40157480314963" HPOS="734.7401574803149" CONTENT="aut." ID="tl_12_7" STYLEREFS="FONT0"/>
            <SP HEIGHT="30.330708661417322" WIDTH="11.905511811023622" VPOS="507.40157480314963" HPOS="829.1338582677165"/>
            <String HEIGHT="30.330708661417322" WIDTH="106.2992125984252" VPOS="507.40157480314963" HPOS="793.7007874015748" CONTENT="sig.," ID="tl_12_8" STYLEREFS="FONT0"/>
            <SP HEIGHT="30.330708661417322" WIDTH="11.905511811023622" VPOS="507.40157480314963" HPOS="900.0"/>
            <String HEIGHT="30.330708661417322" WIDTH="141.73228346456693" VPOS="507.40157480314963" HPOS="864.5669291338583" CONTENT="relative" ID="tl_12_9" STYLEREFS="FONT0"/>
            <SP HEIGHT="30.330708661417322" WIDTH="11.905511811023622" VPOS="507.40157480314963" HPOS="1006.5826771653543"/>
            <String HEIGHT="30.330708661417322" WIDTH="58.960629921259844" VPOS="507.40157480314963" HPOS="971.1496062992126" CONTENT="à" ID="tl_12_10" STYLEREFS="FONT0"/>
            <SP HEIGHT="30.330708661417322" WIDTH="11.905511811023622" VPOS="507.40157480314963" HPOS="1030.1102362204724"/>
            <String HEIGHT="30.330708661417322" WIDTH="47.338582677165356" VPOS="507.40157480314963" HPOS="982.7716535433071" CONTENT="la" ID="tl_12_11" STYLEREFS="FONT0"/>
          </TextLine>
          <TextLine ID="tl_13" BASELINE="1995" HEIGHT="30.89763779527559" WIDTH="779.2440944881889" VPOS="534.6141732283464" HPOS="250.01574803149606">
            <String HEIGHT="30.89763779527559" WIDTH="189.63779527559055" VPOS="534.6141732283464" HPOS="229.03937007874015" CONTENT="danse" ID="tl_13_1" STYLEREFS="FONT0"/>
            <SP HEIGHT="30.89763779527559" WIDTH="20.976377952755904" VPOS="534.6141732283464" HPOS="418.3937007874016"/>
            <String HEIGHT="30.89763779527559" WIDTH="147.4015748031496" VPOS="534.6141732283464" HPOS="355.18110236220474" CONTENT="des" ID="tl_13_2" STYLEREFS="FONT0"/>
            <SP HEIGHT="30.89763779527559" WIDTH="20.976377952755904" VPOS="534.6141732283464" HPOS="502.86614173228344"/>
            <String HEIGHT="30.89763779527559" WIDTH="252.8503937007874" VPOS="534.6141732283464" HPOS="439.65354330708664" CONTENT="anciens." ID="tl_13_3" STYLEREFS="FONT0"/>
            <SP HEIGHT="30.89763779527559" WIDTH="20.976377952755904" VPOS="534.6141732283464" HPOS="692.2204724409448"/>
            <String HEIGHT="30.89763779527559" WIDTH="105.16535433070867" VPOS="534.6141732283464" HPOS="629.007874015748" CONTENT="2" ID="tl_13_4" STYLEREFS="FONT0"/>
            <SP HEIGHT="30.89763779527559" WIDTH="20.976377952755904" VPOS="534.6141732283464" HPOS="734.4566929133858"/>
            <String HEIGHT="30.89763779527559" WIDTH="126.4251968503937" VPOS="534.6141732283464" HPOS="671.2440944881889" CONTENT="p." ID="tl_13_5" STYLEREFS="FONT0"/>
            <SP HEIGHT="30.89763779527559" WIDTH="20.976377952755904" VPOS="534.6141732283464" HPOS="797.6692913385826"/>
            <String HEIGHT="30.89763779527559" WIDTH="147.4015748031496" VPOS="534.6141732283464" HPOS="734.4566929133858" CONTENT="pl." ID="tl_13_6" STYLEREFS="FONT0"/>
            <SP HEIGHT="30.89763779527559" WIDTH="20.976377952755904" VPOS="534.6141732283464" HPOS="881.8582677165355"/>
            <String HEIGHT="30.89763779527559" WIDTH="189.63779527559055" VPOS="534.6141732283464" HPOS="818.6456692913385" CONTENT="in-4." ID="tl_13_7" STYLEREFS="FONT0"/>
            <SP HEIGHT="30.89763779527559" WIDTH="20.976377952755904" VPOS="534.6141732283464" HPOS="1008.2834645669292"/>
            <String HEIGHT="30.89763779527559" WIDTH="105.16535433070867" VPOS="534.6141732283464" HPOS="945.0708661417323" CONTENT="3" ID="tl_13_8" STYLEREFS="FONT0"/>
            <SP HEIGHT="30.89763779527559" WIDTH="20.976377952755904" VPOS="534.6141732283464" HPOS="1050.236220472441"/>
            <String HEIGHT="30.89763779527559" WIDTH="63.21259842519685" VPOS="534.6141732283464" HPOS="966.0472440944882" CONTENT="»" ID="tl_13_9" STYLEREFS="FONT0"/>
          </TextLine>
        </TextBlock>
        <TextBlock ID="r_2_8" HEIGHT="30.89763779527559" WIDTH="805.6062992125984" VPOS="560.9763779527559" HPOS="223.37007874015748">
          <TextLine ID="tl_14" BASELINE="2087" HEIGHT="30.330708661417322" WIDTH="805.0393700787401" VPOS="561.2598425196851" HPOS="223.6535433070866">
            <String HEIGHT="30.330708661417322" WIDTH="81.63779527559055" VPOS="561.2598425196851" HPOS="213.4488188976378" CONTENT="159." ID="tl_14_1" STYLEREFS="FONT0"/>
            <SP HEIGHT="30.330708661417322" WIDTH="10.204724409448819" VPOS="561.2598425196851" HPOS="295.0866141732283"/>
            <String HEIGHT="30.330708661417322" WIDTH="183.4015748031496" VPOS="561.2598425196851" HPOS="264.4724409448819" CONTENT="Baurein" ID="tl_14_2" STYLEREFS="FONT1"/>
            <SP HEIGHT="30.330708661417322" WIDTH="10.204724409448819" VPOS="561.2598425196851" HPOS="447.87401574803147"/>
            <String HEIGHT="30.330708661417322" WIDTH="132.3779527559055" VPOS="561.2598425196851" HPOS="417.25984251968504" CONTENT="(l'abbé)," ID="tl_14_3" STYLEREFS="FONT0"/>
            <SP HEIGHT="30.330708661417322" WIDTH="10.204724409448819" VPOS="561.2598425196851" HPOS="549.6377952755905"/>
            <String HEIGHT="30.330708661417322" WIDTH="101.76377952755905" VPOS="561.2598425196851" HPOS="519.3070866141733" CONTENT="auteur" ID="tl_14_4" STYLEREFS="FONT0"/>
            <SP HEIGHT="30.330708661417322" WIDTH="10.204724409448819" VPOS="561.2598425196851" HPOS="621.0708661417323"/>
            <String HEIGHT="30.330708661417322" WIDTH="71.43307086614173" VPOS="561.2598425196851" HPOS="590.4566929133858" CONTENT="des" ID="tl_14_5" STYLEREFS="FONT0"/>
            <SP HEIGHT="30.330708661417322" WIDTH="10.204724409448819" VPOS="561.2598425196851" HPOS="661.8897637795276"/>
            <String HEIGHT="30.330708661417322" WIDTH="142.58267716535434" VPOS="561.2598425196851" HPOS="631.2755905511812" CONTENT="Annales" ID="tl_14_6" STYLEREFS="FONT2"/>
            <SP HEIGHT="30.330708661417322" WIDTH="10.204724409448819" VPOS="561.2598425196851" HPOS="773.8582677165355"/>
            <String HEIGHT="30.330708661417322" WIDTH="61.22834645669291" VPOS="561.2598425196851" HPOS="743.2440944881889" CONTENT="de" ID="tl_14_7" STYLEREFS="FONT2"/>
            <SP HEIGHT="30.330708661417322" WIDTH="10.204724409448819" VPOS="561.2598425196851" HPOS="804.4724409448819"/>
            <String HEIGHT="30.330708661417322" WIDTH="173.1968503937008" VPOS="561.2598425196851" HPOS="773.8582677165355" CONTENT="Bordeaux." ID="tl_14_8" STYLEREFS="FONT2"/>
            <SP HEIGHT="30.330708661417322" WIDTH="10.204724409448819" VPOS="561.2598425196851" HPOS="947.0551181102362"/>
            <String HEIGHT="30.330708661417322" WIDTH="91.84251968503936" VPOS="561.2598425196851" HPOS="916.7244094488188" CONTENT="Pièce" ID="tl_14_9" STYLEREFS="FONT0"/>
            <SP HEIGHT="30.330708661417322" WIDTH="10.204724409448819" VPOS="561.2598425196851" HPOS="1008.2834645669292"/>
            <String HEIGHT="30.330708661417322" WIDTH="61.22834645669291" VPOS="561.2598425196851" HPOS="967.4645669291339" CONTENT="aut." ID="tl_14_10" STYLEREFS="FONT0"/>
          </TextLine>
        </TextBlock>
        <TextBlock ID="r_2_9" HEIGHT="30.89763779527559" WIDTH="780.6614173228346" VPOS="589.3228346456693" HPOS="248.88188976377953">
          <TextLine ID="tl_15" BASELINE="2187" HEIGHT="30.330708661417322" WIDTH="780.0944881889764" VPOS="589.6062992125984" HPOS="249.16535433070865">
            <String HEIGHT="30.330708661417322" WIDTH="271.2755905511811" VPOS="589.6062992125984" HPOS="215.1496062992126" CONTENT="sig." ID="tl_15_1" STYLEREFS="FONT0"/>
            <SP HEIGHT="30.330708661417322" WIDTH="34.01574803149607" VPOS="589.6062992125984" HPOS="486.70866141732284"/>
            <String HEIGHT="30.330708661417322" WIDTH="169.51181102362204" VPOS="589.6062992125984" HPOS="384.9448818897638" CONTENT="1" ID="tl_15_2" STYLEREFS="FONT0"/>
            <SP HEIGHT="30.330708661417322" WIDTH="34.01574803149607" VPOS="589.6062992125984" HPOS="554.4566929133858"/>
            <String HEIGHT="30.330708661417322" WIDTH="203.5275590551181" VPOS="589.6062992125984" HPOS="452.6929133858268" CONTENT="p." ID="tl_15_3" STYLEREFS="FONT0"/>
            <SP HEIGHT="30.330708661417322" WIDTH="34.01574803149607" VPOS="589.6062992125984" HPOS="656.2204724409448"/>
            <String HEIGHT="30.330708661417322" WIDTH="237.54330708661416" VPOS="589.6062992125984" HPOS="554.4566929133858" CONTENT="pl." ID="tl_15_4" STYLEREFS="FONT0"/>
            <SP HEIGHT="30.330708661417322" WIDTH="34.01574803149607" VPOS="589.6062992125984" HPOS="791.7165354330708"/>
            <String HEIGHT="30.330708661417322" WIDTH="305.29133858267716" VPOS="589.6062992125984" HPOS="689.9527559055118" CONTENT="in-4." ID="tl_15_5" STYLEREFS="FONT0"/>
            <SP HEIGHT="30.330708661417322" WIDTH="34.01574803149607" VPOS="589.6062992125984" HPOS="995.2440944881889"/>
            <String HEIGHT="30.330708661417322" WIDTH="169.51181102362204" VPOS="589.6062992125984" HPOS="893.4803149606299" CONTENT="4" ID="tl_15_6" STYLEREFS="FONT0"/>
            <SP HEIGHT="30.330708661417322" WIDTH="34.01574803149607" VPOS="589.6062992125984" HPOS="1063.275590551181"/>
            <String HEIGHT="30.330708661417322" WIDTH="101.76377952755905" VPOS="589.6062992125984" HPOS="927.496062992126" CONTENT="»" ID="tl_15_7" STYLEREFS="FONT0"/>
          </TextLine>
        </TextBlock>
        <TextBlock ID="r_2_10" HEIGHT="30.89763779527559" WIDTH="806.7401574803149" VPOS="614.8346456692914" HPOS="222.8031496062992">
          <TextLine ID="tl_16" BASELINE="2277" HEIGHT="30.330708661417322" WIDTH="806.1732283464567" VPOS="615.1181102362204" HPOS="223.08661417322836">
            <String HEIGHT="30.330708661417322" WIDTH="93.54330708661418" VPOS="615.1181102362204" HPOS="211.46456692913387" CONTENT="160." ID="tl_16_1" STYLEREFS="FONT0"/>
            <SP HEIGHT="30.330708661417322" WIDTH="11.622047244094489" VPOS="615.1181102362204" HPOS="305.00787401574803"/>
            <String HEIGHT="30.330708661417322" WIDTH="210.33070866141733" VPOS="615.1181102362204" HPOS="269.8582677165354" CONTENT="Bausset" ID="tl_16_2" STYLEREFS="FONT1"/>
            <SP HEIGHT="30.330708661417322" WIDTH="11.622047244094489" VPOS="615.1181102362204" HPOS="480.18897637795277"/>
            <String HEIGHT="30.330708661417322" WIDTH="81.92125984251969" VPOS="615.1181102362204" HPOS="445.03937007874015" CONTENT="(le" ID="tl_16_3" STYLEREFS="FONT0"/>
            <SP HEIGHT="30.330708661417322" WIDTH="11.622047244094489" VPOS="615.1181102362204" HPOS="526.9606299212599"/>
            <String HEIGHT="30.330708661417322" WIDTH="140.31496062992127" VPOS="615.1181102362204" HPOS="491.81102362204723" CONTENT="cardinal" ID="tl_16_4" STYLEREFS="FONT0"/>
            <SP HEIGHT="30.330708661417322" WIDTH="11.622047244094489" VPOS="615.1181102362204" HPOS="632.1259842519685"/>
            <String HEIGHT="30.330708661417322" WIDTH="93.54330708661418" VPOS="615.1181102362204" HPOS="596.9763779527559" CONTENT="de)," ID="tl_16_5" STYLEREFS="FONT0"/>
            <SP HEIGHT="30.330708661417322" WIDTH="11.622047244094489" VPOS="615.1181102362204" HPOS="690.5196850393701"/>
            <String HEIGHT="30.330708661417322" WIDTH="116.78740157480316" VPOS="615.1181102362204" HPOS="655.3700787401575" CONTENT="membre" ID="tl_16_6" STYLEREFS="FONT0"/>
            <SP HEIGHT="30.330708661417322" WIDTH="11.622047244094489" VPOS="615.1181102362204" HPOS="772.1574803149606"/>
            <String HEIGHT="30.330708661417322" WIDTH="70.01574803149606" VPOS="615.1181102362204" HPOS="737.2913385826772" CONTENT="de" ID="tl_16_7" STYLEREFS="FONT0"/>
            <SP HEIGHT="30.330708661417322" WIDTH="11.622047244094489" VPOS="615.1181102362204" HPOS="807.3070866141733"/>
            <String HEIGHT="30.330708661417322" WIDTH="163.55905511811022" VPOS="615.1181102362204" HPOS="772.1574803149606" CONTENT="l’Académie" ID="tl_16_8" STYLEREFS="FONT0"/>
            <SP HEIGHT="30.330708661417322" WIDTH="11.622047244094489" VPOS="615.1181102362204" HPOS="935.7165354330708"/>
            <String HEIGHT="30.330708661417322" WIDTH="140.31496062992127" VPOS="615.1181102362204" HPOS="888.9448818897638" CONTENT="française." ID="tl_16_9" STYLEREFS="FONT0"/>
          </TextLine>
        </TextBlock>
        <TextBlock ID="r_2_11" HEIGHT="50.74015748031496" WIDTH="780.3779527559055" VPOS="643.1811023622047" HPOS="250.58267716535434">
          <TextLine ID="tl_17" BASELINE="2375" HEIGHT="29.763779527559056" WIDTH="777.5433070866142" VPOS="643.4645669291339" HPOS="250.86614173228347">
            <String HEIGHT="29.763779527559056" WIDTH="73.98425196850394" VPOS="643.4645669291339" HPOS="238.39370078740157" CONTENT="L." ID="tl_17_1" STYLEREFS="FONT0"/>
            <SP HEIGHT="29.763779527559056" WIDTH="12.472440944881889" VPOS="643.4645669291339" HPOS="312.66141732283467"/>
            <String HEIGHT="29.763779527559056" WIDTH="98.64566929133858" VPOS="643.4645669291339" HPOS="275.5275590551181" CONTENT="aut." ID="tl_17_2" STYLEREFS="FONT0"/>
            <SP HEIGHT="29.763779527559056" WIDTH="12.472440944881889" VPOS="643.4645669291339" HPOS="374.1732283464567"/>
            <String HEIGHT="29.763779527559056" WIDTH="111.11811023622047" VPOS="643.4645669291339" HPOS="337.3228346456693" CONTENT="sig.," ID="tl_17_3" STYLEREFS="FONT0"/>
            <SP HEIGHT="29.763779527559056" WIDTH="12.472440944881889" VPOS="643.4645669291339" HPOS="448.4409448818898"/>
            <String HEIGHT="29.763779527559056" WIDTH="73.98425196850394" VPOS="643.4645669291339" HPOS="411.3070866141732" CONTENT="au" ID="tl_17_4" STYLEREFS="FONT0"/>
            <SP HEIGHT="29.763779527559056" WIDTH="12.472440944881889" VPOS="643.4645669291339" HPOS="485.29133858267716"/>
            <String HEIGHT="29.763779527559056" WIDTH="259.0866141732283" VPOS="643.4645669291339" HPOS="448.4409448818898" CONTENT="garde-des-sceaux." ID="tl_17_5" STYLEREFS="FONT0"/>
            <SP HEIGHT="29.763779527559056" WIDTH="12.472440944881889" VPOS="643.4645669291339" HPOS="707.5275590551181"/>
            <String HEIGHT="29.763779527559056" WIDTH="147.96850393700788" VPOS="643.4645669291339" HPOS="670.3937007874016" CONTENT="Lormois," ID="tl_17_6" STYLEREFS="FONT0"/>
            <SP HEIGHT="29.763779527559056" WIDTH="12.472440944881889" VPOS="643.4645669291339" HPOS="818.6456692913385"/>
            <String HEIGHT="29.763779527559056" WIDTH="73.98425196850394" VPOS="643.4645669291339" HPOS="781.511811023622" CONTENT="24" ID="tl_17_7" STYLEREFS="FONT0"/>
            <SP HEIGHT="29.763779527559056" WIDTH="12.472440944881889" VPOS="643.4645669291339" HPOS="855.496062992126"/>
            <String HEIGHT="29.763779527559056" WIDTH="111.11811023622047" VPOS="643.4645669291339" HPOS="818.6456692913385" CONTENT="sept." ID="tl_17_8" STYLEREFS="FONT0"/>
            <SP HEIGHT="29.763779527559056" WIDTH="12.472440944881889" VPOS="643.4645669291339" HPOS="929.7637795275591"/>
            <String HEIGHT="29.763779527559056" WIDTH="111.11811023622047" VPOS="643.4645669291339" HPOS="892.6299212598425" CONTENT="1812." ID="tl_17_9" STYLEREFS="FONT0"/>
            <SP HEIGHT="29.763779527559056" WIDTH="12.472440944881889" VPOS="643.4645669291339" HPOS="1003.7480314960629"/>
            <String HEIGHT="29.763779527559056" WIDTH="61.79527559055118" VPOS="643.4645669291339" HPOS="966.6141732283464" CONTENT="1" ID="tl_17_10" STYLEREFS="FONT0"/>
            <SP HEIGHT="29.763779527559056" WIDTH="12.472440944881889" VPOS="643.4645669291339" HPOS="1028.4094488188975"/>
            <String HEIGHT="29.763779527559056" WIDTH="49.32283464566929" VPOS="643.4645669291339" HPOS="979.0866141732283" CONTENT="p." ID="tl_17_11" STYLEREFS="FONT0"/>
          </TextLine>
          <TextLine ID="tl_18" BASELINE="2447" HEIGHT="23.52755905511811" WIDTH="779.5275590551181" VPOS="670.1102362204724" HPOS="251.1496062992126">
            <String HEIGHT="23.52755905511811" WIDTH="701.5748031496063" VPOS="670.1102362204724" HPOS="173.1968503937008" CONTENT="in-4." ID="tl_18_1" STYLEREFS="FONT0"/>
            <SP HEIGHT="23.52755905511811" WIDTH="77.95275590551181" VPOS="670.1102362204724" HPOS="874.7716535433071"/>
            <String HEIGHT="23.52755905511811" WIDTH="389.76377952755905" VPOS="670.1102362204724" HPOS="640.9133858267717" CONTENT="2" ID="tl_18_2" STYLEREFS="FONT0"/>
            <SP HEIGHT="23.52755905511811" WIDTH="77.95275590551181" VPOS="670.1102362204724" HPOS="1030.6771653543308"/>
            <String HEIGHT="23.52755905511811" WIDTH="311.81102362204723" VPOS="670.1102362204724" HPOS="718.8661417322835" CONTENT="50" ID="tl_18_3" STYLEREFS="FONT0"/>
          </TextLine>
        </TextBlock>
        <TextBlock ID="r_2_12" HEIGHT="25.79527559055118" WIDTH="807.8740157480315" VPOS="699.8740157480315" HPOS="223.08661417322836">
          <TextLine ID="tl_19" BASELINE="2559" HEIGHT="25.228346456692915" WIDTH="807.3070866141733" VPOS="700.1574803149606" HPOS="223.37007874015748">
            <String HEIGHT="25.228346456692915" WIDTH="92.1259842519685" VPOS="700.1574803149606" HPOS="211.748031496063" CONTENT="161." ID="tl_19_1" STYLEREFS="FONT0"/>
            <SP HEIGHT="25.228346456692915" WIDTH="11.622047244094489" VPOS="700.1574803149606" HPOS="304.15748031496065"/>
            <String HEIGHT="25.228346456692915" WIDTH="230.74015748031496" VPOS="700.1574803149606" HPOS="269.5748031496063" CONTENT="Beauvais." ID="tl_19_2" STYLEREFS="FONT1"/>
            <SP HEIGHT="25.228346456692915" WIDTH="11.622047244094489" VPOS="700.1574803149606" HPOS="500.0314960629921"/>
            <String HEIGHT="25.228346456692915" WIDTH="103.74803149606299" VPOS="700.1574803149606" HPOS="465.4488188976378" CONTENT="Devis" ID="tl_19_3" STYLEREFS="FONT0"/>
            <SP HEIGHT="25.228346456692915" WIDTH="11.622047244094489" VPOS="700.1574803149606" HPOS="569.4803149606299"/>
            <String HEIGHT="25.228346456692915" WIDTH="149.95275590551182" VPOS="700.1574803149606" HPOS="534.8976377952756" CONTENT="estimatif" ID="tl_19_4" STYLEREFS="FONT0"/>
            <SP HEIGHT="25.228346456692915" WIDTH="11.622047244094489" VPOS="700.1574803149606" HPOS="684.5669291338583"/>
            <String HEIGHT="25.228346456692915" WIDTH="161.5748031496063" VPOS="700.1574803149606" HPOS="649.9842519685039" CONTENT="concernant" ID="tl_19_5" STYLEREFS="FONT0"/>
            <SP HEIGHT="25.228346456692915" WIDTH="11.622047244094489" VPOS="700.1574803149606" HPOS="811.5590551181102"/>
            <String HEIGHT="25.228346456692915" WIDTH="69.16535433070867" VPOS="700.1574803149606" HPOS="776.9763779527559" CONTENT="la" ID="tl_19_6" STYLEREFS="FONT0"/>
            <SP HEIGHT="25.228346456692915" WIDTH="11.622047244094489" VPOS="700.1574803149606" HPOS="846.1417322834645"/>
            <String HEIGHT="25.228346456692915" WIDTH="207.49606299212599" VPOS="700.1574803149606" HPOS="811.5590551181102" CONTENT="reconstruction" ID="tl_19_7" STYLEREFS="FONT0"/>
            <SP HEIGHT="25.228346456692915" WIDTH="11.622047244094489" VPOS="700.1574803149606" HPOS="1019.0551181102362"/>
            <String HEIGHT="25.228346456692915" WIDTH="57.54330708661417" VPOS="700.1574803149606" HPOS="973.1338582677165" CONTENT="en" ID="tl_19_8" STYLEREFS="FONT0"/>
          </TextLine>
        </TextBlock>
        <TextBlock ID="r_2_13" HEIGHT="166.96062992125985" WIDTH="781.7952755905512" VPOS="725.9527559055118" HPOS="249.4488188976378">
          <TextLine ID="tl_20" BASELINE="2673" HEIGHT="31.46456692913386" WIDTH="777.8267716535433" VPOS="726.2362204724409" HPOS="251.71653543307087">
            <String HEIGHT="31.46456692913386" WIDTH="106.01574803149606" VPOS="726.2362204724409" HPOS="239.81102362204723" CONTENT="tière" ID="tl_20_1" STYLEREFS="FONT0"/>
            <SP HEIGHT="31.46456692913386" WIDTH="11.905511811023622" VPOS="726.2362204724409" HPOS="346.1102362204724"/>
            <String HEIGHT="31.46456692913386" WIDTH="106.01574803149606" VPOS="726.2362204724409" HPOS="310.6771653543307" CONTENT="d'une" ID="tl_20_2" STYLEREFS="FONT0"/>
            <SP HEIGHT="31.46456692913386" WIDTH="11.905511811023622" VPOS="726.2362204724409" HPOS="416.6929133858268"/>
            <String HEIGHT="31.46456692913386" WIDTH="117.92125984251969" VPOS="726.2362204724409" HPOS="381.25984251968504" CONTENT="écurie" ID="tl_20_3" STYLEREFS="FONT0"/>
            <SP HEIGHT="31.46456692913386" WIDTH="11.905511811023622" VPOS="726.2362204724409" HPOS="499.18110236220474"/>
            <String HEIGHT="31.46456692913386" WIDTH="117.92125984251969" VPOS="726.2362204724409" HPOS="463.748031496063" CONTENT="propre" ID="tl_20_4" STYLEREFS="FONT0"/>
            <SP HEIGHT="31.46456692913386" WIDTH="11.905511811023622" VPOS="726.2362204724409" HPOS="581.6692913385826"/>
            <String HEIGHT="31.46456692913386" WIDTH="58.960629921259844" VPOS="726.2362204724409" HPOS="546.2362204724409" CONTENT="à" ID="tl_20_5" STYLEREFS="FONT0"/>
            <SP HEIGHT="31.46456692913386" WIDTH="11.905511811023622" VPOS="726.2362204724409" HPOS="605.1968503937007"/>
            <String HEIGHT="31.46456692913386" WIDTH="141.4488188976378" VPOS="726.2362204724409" HPOS="570.0472440944882" CONTENT="contenir" ID="tl_20_6" STYLEREFS="FONT0"/>
            <SP HEIGHT="31.46456692913386" WIDTH="11.905511811023622" VPOS="726.2362204724409" HPOS="711.2125984251968"/>
            <String HEIGHT="31.46456692913386" WIDTH="82.48818897637796" VPOS="726.2362204724409" HPOS="676.0629921259842" CONTENT="110" ID="tl_20_7" STYLEREFS="FONT0"/>
            <SP HEIGHT="31.46456692913386" WIDTH="11.905511811023622" VPOS="726.2362204724409" HPOS="758.5511811023622"/>
            <String HEIGHT="31.46456692913386" WIDTH="129.54330708661416" VPOS="726.2362204724409" HPOS="723.1181102362204" CONTENT="chevaux" ID="tl_20_8" STYLEREFS="FONT0"/>
            <SP HEIGHT="31.46456692913386" WIDTH="11.905511811023622" VPOS="726.2362204724409" HPOS="852.6614173228346"/>
            <String HEIGHT="31.46456692913386" WIDTH="129.54330708661416" VPOS="726.2362204724409" HPOS="817.511811023622" CONTENT="formant" ID="tl_20_9" STYLEREFS="FONT0"/>
            <SP HEIGHT="31.46456692913386" WIDTH="11.905511811023622" VPOS="726.2362204724409" HPOS="947.0551181102362"/>
            <String HEIGHT="31.46456692913386" WIDTH="117.92125984251969" VPOS="726.2362204724409" HPOS="911.6220472440945" CONTENT="partie" ID="tl_20_10" STYLEREFS="FONT0"/>
            <SP HEIGHT="31.46456692913386" WIDTH="11.905511811023622" VPOS="726.2362204724409" HPOS="1029.5433070866143"/>
            <String HEIGHT="31.46456692913386" WIDTH="47.05511811023622" VPOS="726.2362204724409" HPOS="982.488188976378" CONTENT="de" ID="tl_20_11" STYLEREFS="FONT0"/>
          </TextLine>
          <TextLine ID="tl_21" BASELINE="2769" HEIGHT="30.89763779527559" WIDTH="779.5275590551181" VPOS="754.0157480314961" HPOS="250.58267716535434">
            <String HEIGHT="30.89763779527559" WIDTH="72.0" VPOS="754.0157480314961" HPOS="238.6771653543307" CONTENT="la" ID="tl_21_1" STYLEREFS="FONT0"/>
            <SP HEIGHT="30.89763779527559" WIDTH="11.905511811023622" VPOS="754.0157480314961" HPOS="310.6771653543307"/>
            <String HEIGHT="30.89763779527559" WIDTH="131.81102362204723" VPOS="754.0157480314961" HPOS="274.6771653543307" CONTENT="caserne" ID="tl_21_2" STYLEREFS="FONT0"/>
            <SP HEIGHT="30.89763779527559" WIDTH="11.905511811023622" VPOS="754.0157480314961" HPOS="406.48818897637796"/>
            <String HEIGHT="30.89763779527559" WIDTH="72.0" VPOS="754.0157480314961" HPOS="370.48818897637796" CONTENT="du" ID="tl_21_3" STYLEREFS="FONT0"/>
            <SP HEIGHT="30.89763779527559" WIDTH="11.905511811023622" VPOS="754.0157480314961" HPOS="442.48818897637796"/>
            <String HEIGHT="30.89763779527559" WIDTH="108.0" VPOS="754.0157480314961" HPOS="406.48818897637796" CONTENT="grand" ID="tl_21_4" STYLEREFS="FONT0"/>
            <SP HEIGHT="30.89763779527559" WIDTH="11.905511811023622" VPOS="754.0157480314961" HPOS="514.488188976378"/>
            <String HEIGHT="30.89763779527559" WIDTH="144.0" VPOS="754.0157480314961" HPOS="478.48818897637796" CONTENT="quartier" ID="tl_21_5" STYLEREFS="FONT0"/>
            <SP HEIGHT="30.89763779527559" WIDTH="11.905511811023622" VPOS="754.0157480314961" HPOS="622.488188976378"/>
            <String HEIGHT="30.89763779527559" WIDTH="72.0" VPOS="754.0157480314961" HPOS="586.488188976378" CONTENT="de" ID="tl_21_6" STYLEREFS="FONT0"/>
            <SP HEIGHT="30.89763779527559" WIDTH="11.905511811023622" VPOS="754.0157480314961" HPOS="658.2047244094488"/>
            <String HEIGHT="30.89763779527559" WIDTH="83.90551181102362" VPOS="754.0157480314961" HPOS="622.488188976378" CONTENT="MM." ID="tl_21_7" STYLEREFS="FONT0"/>
            <SP HEIGHT="30.89763779527559" WIDTH="11.905511811023622" VPOS="754.0157480314961" HPOS="706.3937007874016"/>
            <String HEIGHT="30.89763779527559" WIDTH="83.90551181102362" VPOS="754.0157480314961" HPOS="670.3937007874016" CONTENT="les" ID="tl_21_8" STYLEREFS="FONT0"/>
            <SP HEIGHT="30.89763779527559" WIDTH="11.905511811023622" VPOS="754.0157480314961" HPOS="754.2992125984252"/>
            <String HEIGHT="30.89763779527559" WIDTH="119.90551181102362" VPOS="754.0157480314961" HPOS="718.2992125984252" CONTENT="gardes" ID="tl_21_9" STYLEREFS="FONT0"/>
            <SP HEIGHT="30.89763779527559" WIDTH="11.905511811023622" VPOS="754.0157480314961" HPOS="838.2047244094488"/>
            <String HEIGHT="30.89763779527559" WIDTH="72.0" VPOS="754.0157480314961" HPOS="802.2047244094488" CONTENT="du" ID="tl_21_10" STYLEREFS="FONT0"/>
            <SP HEIGHT="30.89763779527559" WIDTH="11.905511811023622" VPOS="754.0157480314961" HPOS="874.2047244094488"/>
            <String HEIGHT="30.89763779527559" WIDTH="83.90551181102362" VPOS="754.0157480314961" HPOS="838.2047244094488" CONTENT="roi" ID="tl_21_11" STYLEREFS="FONT0"/>
            <SP HEIGHT="30.89763779527559" WIDTH="11.905511811023622" VPOS="754.0157480314961" HPOS="922.1102362204724"/>
            <String HEIGHT="30.89763779527559" WIDTH="72.0" VPOS="754.0157480314961" HPOS="886.1102362204724" CONTENT="en" ID="tl_21_12" STYLEREFS="FONT0"/>
            <SP HEIGHT="30.89763779527559" WIDTH="11.905511811023622" VPOS="754.0157480314961" HPOS="958.1102362204724"/>
            <String HEIGHT="30.89763779527559" WIDTH="72.0" VPOS="754.0157480314961" HPOS="922.1102362204724" CONTENT="la" ID="tl_21_13" STYLEREFS="FONT0"/>
            <SP HEIGHT="30.89763779527559" WIDTH="11.905511811023622" VPOS="754.0157480314961" HPOS="994.1102362204724"/>
            <String HEIGHT="30.89763779527559" WIDTH="83.90551181102362" VPOS="754.0157480314961" HPOS="946.2047244094488" CONTENT="ville" ID="tl_21_14" STYLEREFS="FONT0"/>
          </TextLine>
          <TextLine ID="tl_22" BASELINE="2863" HEIGHT="30.89763779527559" WIDTH="779.8110236220473" VPOS="780.6614173228346" HPOS="250.58267716535434">
            <String HEIGHT="30.89763779527559" WIDTH="70.86614173228347" VPOS="780.6614173228346" HPOS="238.6771653543307" CONTENT="de" ID="tl_22_1" STYLEREFS="FONT0"/>
            <SP HEIGHT="30.89763779527559" WIDTH="11.905511811023622" VPOS="780.6614173228346" HPOS="309.54330708661416"/>
            <String HEIGHT="30.89763779527559" WIDTH="153.63779527559055" VPOS="780.6614173228346" HPOS="274.1102362204724" CONTENT="Beauvais." ID="tl_22_2" STYLEREFS="FONT0"/>
            <SP HEIGHT="30.89763779527559" WIDTH="11.905511811023622" VPOS="780.6614173228346" HPOS="427.748031496063"/>
            <String HEIGHT="30.89763779527559" WIDTH="82.77165354330708" VPOS="780.6614173228346" HPOS="392.31496062992125" CONTENT="Par" ID="tl_22_3" STYLEREFS="FONT0"/>
            <SP HEIGHT="30.89763779527559" WIDTH="11.905511811023622" VPOS="780.6614173228346" HPOS="475.0866141732283"/>
            <String HEIGHT="30.89763779527559" WIDTH="165.54330708661416" VPOS="780.6614173228346" HPOS="439.65354330708664" CONTENT="Cellérier," ID="tl_22_4" STYLEREFS="FONT0"/>
            <SP HEIGHT="30.89763779527559" WIDTH="11.905511811023622" VPOS="780.6614173228346" HPOS="604.9133858267717"/>
            <String HEIGHT="30.89763779527559" WIDTH="130.11023622047244" VPOS="780.6614173228346" HPOS="569.4803149606299" CONTENT="premier" ID="tl_22_5" STYLEREFS="FONT0"/>
            <SP HEIGHT="30.89763779527559" WIDTH="11.905511811023622" VPOS="780.6614173228346" HPOS="699.5905511811023"/>
            <String HEIGHT="30.89763779527559" WIDTH="165.54330708661416" VPOS="780.6614173228346" HPOS="664.1574803149606" CONTENT="architecte" ID="tl_22_6" STYLEREFS="FONT0"/>
            <SP HEIGHT="30.89763779527559" WIDTH="11.905511811023622" VPOS="780.6614173228346" HPOS="829.4173228346457"/>
            <String HEIGHT="30.89763779527559" WIDTH="70.86614173228347" VPOS="780.6614173228346" HPOS="793.9842519685039" CONTENT="de" ID="tl_22_7" STYLEREFS="FONT0"/>
            <SP HEIGHT="30.89763779527559" WIDTH="11.905511811023622" VPOS="780.6614173228346" HPOS="864.8503937007874"/>
            <String HEIGHT="30.89763779527559" WIDTH="70.86614173228347" VPOS="780.6614173228346" HPOS="829.4173228346457" CONTENT="la" ID="tl_22_8" STYLEREFS="FONT0"/>
            <SP HEIGHT="30.89763779527559" WIDTH="11.905511811023622" VPOS="780.6614173228346" HPOS="900.5669291338583"/>
            <String HEIGHT="30.89763779527559" WIDTH="165.54330708661416" VPOS="780.6614173228346" HPOS="864.8503937007874" CONTENT="généralité" ID="tl_22_9" STYLEREFS="FONT0"/>
            <SP HEIGHT="30.89763779527559" WIDTH="11.905511811023622" VPOS="780.6614173228346" HPOS="1030.3937007874015"/>
            <String HEIGHT="30.89763779527559" WIDTH="47.338582677165356" VPOS="780.6614173228346" HPOS="983.0551181102362" CONTENT="de" ID="tl_22_10" STYLEREFS="FONT0"/>
          </TextLine>
          <TextLine ID="tl_23" BASELINE="2959" HEIGHT="30.04724409448819" WIDTH="773.8582677165355" VPOS="808.7244094488188" HPOS="252.0">
            <String HEIGHT="30.04724409448819" WIDTH="115.37007874015748" VPOS="808.7244094488188" HPOS="240.3779527559055" CONTENT="Paris." ID="tl_23_1" STYLEREFS="FONT0"/>
            <SP HEIGHT="30.04724409448819" WIDTH="11.622047244094489" VPOS="808.7244094488188" HPOS="356.0314960629921"/>
            <String HEIGHT="30.04724409448819" WIDTH="138.61417322834646" VPOS="808.7244094488188" HPOS="321.1653543307087" CONTENT="Approuvé" ID="tl_23_2" STYLEREFS="FONT0"/>
            <SP HEIGHT="30.04724409448819" WIDTH="11.622047244094489" VPOS="808.7244094488188" HPOS="459.7795275590551"/>
            <String HEIGHT="30.04724409448819" WIDTH="57.826771653543304" VPOS="808.7244094488188" HPOS="425.1968503937008" CONTENT="à" ID="tl_23_3" STYLEREFS="FONT0"/>
            <SP HEIGHT="30.04724409448819" WIDTH="11.622047244094489" VPOS="808.7244094488188" HPOS="483.0236220472441"/>
            <String HEIGHT="30.04724409448819" WIDTH="104.03149606299213" VPOS="808.7244094488188" HPOS="448.4409448818898" CONTENT="Paris" ID="tl_23_4" STYLEREFS="FONT0"/>
            <SP HEIGHT="30.04724409448819" WIDTH="11.622047244094489" VPOS="808.7244094488188" HPOS="552.1889763779527"/>
            <String HEIGHT="30.04724409448819" WIDTH="80.78740157480316" VPOS="808.7244094488188" HPOS="517.6062992125984" CONTENT="par" ID="tl_23_5" STYLEREFS="FONT0"/>
            <SP HEIGHT="30.04724409448819" WIDTH="11.622047244094489" VPOS="808.7244094488188" HPOS="598.3937007874016"/>
            <String HEIGHT="30.04724409448819" WIDTH="69.16535433070867" VPOS="808.7244094488188" HPOS="563.8110236220473" CONTENT="le" ID="tl_23_6" STYLEREFS="FONT0"/>
            <SP HEIGHT="30.04724409448819" WIDTH="11.622047244094489" VPOS="808.7244094488188" HPOS="633.2598425196851"/>
            <String HEIGHT="30.04724409448819" WIDTH="138.61417322834646" VPOS="808.7244094488188" HPOS="598.3937007874016" CONTENT="ministre" ID="tl_23_7" STYLEREFS="FONT0"/>
            <SP HEIGHT="30.04724409448819" WIDTH="11.622047244094489" VPOS="808.7244094488188" HPOS="737.007874015748"/>
            <String HEIGHT="30.04724409448819" WIDTH="138.61417322834646" VPOS="808.7244094488188" HPOS="702.4251968503937" CONTENT="Berrier," ID="tl_23_8" STYLEREFS="FONT0"/>
            <SP HEIGHT="30.04724409448819" WIDTH="11.622047244094489" VPOS="808.7244094488188" HPOS="841.0393700787401"/>
            <String HEIGHT="30.04724409448819" WIDTH="69.16535433070867" VPOS="808.7244094488188" HPOS="806.4566929133858" CONTENT="le" ID="tl_23_9" STYLEREFS="FONT0"/>
            <SP HEIGHT="30.04724409448819" WIDTH="11.622047244094489" VPOS="808.7244094488188" HPOS="875.6220472440945"/>
            <String HEIGHT="30.04724409448819" WIDTH="57.826771653543304" VPOS="808.7244094488188" HPOS="841.0393700787401" CONTENT="4" ID="tl_23_10" STYLEREFS="FONT0"/>
            <SP HEIGHT="30.04724409448819" WIDTH="11.622047244094489" VPOS="808.7244094488188" HPOS="898.8661417322835"/>
            <String HEIGHT="30.04724409448819" WIDTH="126.99212598425197" VPOS="808.7244094488188" HPOS="864.2834645669292" CONTENT="octobre" ID="tl_23_11" STYLEREFS="FONT0"/>
            <SP HEIGHT="30.04724409448819" WIDTH="11.622047244094489" VPOS="808.7244094488188" HPOS="991.2755905511812"/>
            <String HEIGHT="30.04724409448819" WIDTH="80.78740157480316" VPOS="808.7244094488188" HPOS="945.0708661417323" CONTENT="1783." ID="tl_23_12" STYLEREFS="FONT0"/>
          </TextLine>
          <TextLine ID="tl_24" BASELINE="3055" HEIGHT="30.89763779527559" WIDTH="780.6614173228346" VPOS="835.0866141732283" HPOS="250.29921259842519">
            <String HEIGHT="30.89763779527559" WIDTH="70.86614173228347" VPOS="835.0866141732283" HPOS="238.39370078740157" CONTENT="32" ID="tl_24_1" STYLEREFS="FONT0"/>
            <SP HEIGHT="30.89763779527559" WIDTH="11.905511811023622" VPOS="835.0866141732283" HPOS="309.54330708661416"/>
            <String HEIGHT="30.89763779527559" WIDTH="82.77165354330708" VPOS="835.0866141732283" HPOS="273.8267716535433" CONTENT="gr." ID="tl_24_2" STYLEREFS="FONT0"/>
            <SP HEIGHT="30.89763779527559" WIDTH="11.905511811023622" VPOS="835.0866141732283" HPOS="356.88188976377955"/>
            <String HEIGHT="30.89763779527559" WIDTH="70.86614173228347" VPOS="835.0866141732283" HPOS="321.1653543307087" CONTENT="p." ID="tl_24_3" STYLEREFS="FONT0"/>
            <SP HEIGHT="30.89763779527559" WIDTH="11.905511811023622" VPOS="835.0866141732283" HPOS="392.31496062992125"/>
            <String HEIGHT="30.89763779527559" WIDTH="130.11023622047244" VPOS="835.0866141732283" HPOS="356.88188976377955" CONTENT="in-fol," ID="tl_24_4" STYLEREFS="FONT0"/>
            <SP HEIGHT="30.89763779527559" WIDTH="11.905511811023622" VPOS="835.0866141732283" HPOS="486.99212598425197"/>
            <String HEIGHT="30.89763779527559" WIDTH="94.67716535433071" VPOS="835.0866141732283" HPOS="451.2755905511811" CONTENT="avec" ID="tl_24_5" STYLEREFS="FONT0"/>
            <SP HEIGHT="30.89763779527559" WIDTH="11.905511811023622" VPOS="835.0866141732283" HPOS="545.9527559055118"/>
            <String HEIGHT="30.89763779527559" WIDTH="59.24409448818898" VPOS="835.0866141732283" HPOS="510.5196850393701" CONTENT="3" ID="tl_24_6" STYLEREFS="FONT0"/>
            <SP HEIGHT="30.89763779527559" WIDTH="11.905511811023622" VPOS="835.0866141732283" HPOS="569.7637795275591"/>
            <String HEIGHT="30.89763779527559" WIDTH="130.11023622047244" VPOS="835.0866141732283" HPOS="534.0472440944882" CONTENT="grandes" ID="tl_24_7" STYLEREFS="FONT0"/>
            <SP HEIGHT="30.89763779527559" WIDTH="11.905511811023622" VPOS="835.0866141732283" HPOS="664.1574803149606"/>
            <String HEIGHT="30.89763779527559" WIDTH="142.01574803149606" VPOS="835.0866141732283" HPOS="628.7244094488188" CONTENT="planches" ID="tl_24_8" STYLEREFS="FONT0"/>
            <SP HEIGHT="30.89763779527559" WIDTH="11.905511811023622" VPOS="835.0866141732283" HPOS="770.7401574803149"/>
            <String HEIGHT="30.89763779527559" WIDTH="70.86614173228347" VPOS="835.0866141732283" HPOS="735.3070866141733" CONTENT="de" ID="tl_24_9" STYLEREFS="FONT0"/>
            <SP HEIGHT="30.89763779527559" WIDTH="11.905511811023622" VPOS="835.0866141732283" HPOS="806.1732283464567"/>
            <String HEIGHT="30.89763779527559" WIDTH="94.67716535433071" VPOS="835.0866141732283" HPOS="770.7401574803149" CONTENT="vues" ID="tl_24_10" STYLEREFS="FONT0"/>
            <SP HEIGHT="30.89763779527559" WIDTH="11.905511811023622" VPOS="835.0866141732283" HPOS="865.4173228346457"/>
            <String HEIGHT="30.89763779527559" WIDTH="70.86614173228347" VPOS="835.0866141732283" HPOS="829.9842519685039" CONTENT="et" ID="tl_24_11" STYLEREFS="FONT0"/>
            <SP HEIGHT="30.89763779527559" WIDTH="11.905511811023622" VPOS="835.0866141732283" HPOS="900.8503937007874"/>
            <String HEIGHT="30.89763779527559" WIDTH="130.11023622047244" VPOS="835.0866141732283" HPOS="865.4173228346457" CONTENT="coupes," ID="tl_24_12" STYLEREFS="FONT0"/>
            <SP HEIGHT="30.89763779527559" WIDTH="11.905511811023622" VPOS="835.0866141732283" HPOS="995.5275590551181"/>
            <String HEIGHT="30.89763779527559" WIDTH="82.77165354330708" VPOS="835.0866141732283" HPOS="948.1889763779527" CONTENT="colo" SUBS_TYPE="HypPart1" SUBS_CONTENT="coloriées" ID="tl_24_13" STYLEREFS="FONT0"/>
            <HYP CONTENT="-"/>
          </TextLine>
          <TextLine ID="tl_25" BASELINE="3149" HEIGHT="30.330708661417322" WIDTH="778.9606299212599" VPOS="862.2992125984252" HPOS="249.73228346456693">
            <String HEIGHT="30.330708661417322" WIDTH="212.31496062992127" VPOS="862.2992125984252" HPOS="226.20472440944883" CONTENT="riées" SUBS_TYPE="HypPart2" SUBS_CONTENT="coloriées" ID="tl_25_1" STYLEREFS="FONT0"/>
            <SP HEIGHT="30.330708661417322" WIDTH="23.52755905511811" VPOS="862.2992125984252" HPOS="438.5196850393701"/>
            <String HEIGHT="30.330708661417322" WIDTH="141.73228346456693" VPOS="862.2992125984252" HPOS="367.65354330708664" CONTENT="et" ID="tl_25_2" STYLEREFS="FONT0"/>
            <SP HEIGHT="30.330708661417322" WIDTH="23.52755905511811" VPOS="862.2992125984252" HPOS="509.38582677165357"/>
            <String HEIGHT="30.330708661417322" WIDTH="188.78740157480314" VPOS="862.2992125984252" HPOS="438.5196850393701" CONTENT="sig." ID="tl_25_3" STYLEREFS="FONT0"/>
            <SP HEIGHT="30.330708661417322" WIDTH="23.52755905511811" VPOS="862.2992125984252" HPOS="627.3070866141733"/>
            <String HEIGHT="30.330708661417322" WIDTH="165.25984251968504" VPOS="862.2992125984252" HPOS="556.7244094488188" CONTENT="par" ID="tl_25_4" STYLEREFS="FONT0"/>
            <SP HEIGHT="30.330708661417322" WIDTH="23.52755905511811" VPOS="862.2992125984252" HPOS="721.7007874015748"/>
            <String HEIGHT="30.330708661417322" WIDTH="330.5196850393701" VPOS="862.2992125984252" HPOS="651.1181102362204" CONTENT="Cellérier." ID="tl_25_5" STYLEREFS="FONT0"/>
            <SP HEIGHT="30.330708661417322" WIDTH="23.52755905511811" VPOS="862.2992125984252" HPOS="981.3543307086615"/>
            <String HEIGHT="30.330708661417322" WIDTH="141.73228346456693" VPOS="862.2992125984252" HPOS="910.7716535433071" CONTENT="25" ID="tl_25_6" STYLEREFS="FONT0"/>
            <SP HEIGHT="30.330708661417322" WIDTH="23.52755905511811" VPOS="862.2992125984252" HPOS="1052.2204724409448"/>
            <String HEIGHT="30.330708661417322" WIDTH="70.86614173228347" VPOS="862.2992125984252" HPOS="957.8267716535433" CONTENT="»" ID="tl_25_7" STYLEREFS="FONT0"/>
          </TextLine>
        </TextBlock>
        <TextBlock ID="r_2_14" HEIGHT="30.330708661417322" WIDTH="805.8897637795276" VPOS="892.0629921259842" HPOS="223.93700787401573">
          <TextLine ID="tl_26" BASELINE="3253" HEIGHT="29.763779527559056" WIDTH="805.3228346456693" VPOS="892.3464566929134" HPOS="224.2204724409449">
            <String HEIGHT="29.763779527559056" WIDTH="97.51181102362204" VPOS="892.3464566929134" HPOS="212.03149606299212" CONTENT="162." ID="tl_26_1" STYLEREFS="FONT0"/>
            <SP HEIGHT="29.763779527559056" WIDTH="12.188976377952756" VPOS="892.3464566929134" HPOS="309.54330708661416"/>
            <String HEIGHT="29.763779527559056" WIDTH="244.06299212598427" VPOS="892.3464566929134" HPOS="272.9763779527559" CONTENT="Béguillet" ID="tl_26_2" STYLEREFS="FONT1"/>
            <SP HEIGHT="29.763779527559056" WIDTH="12.188976377952756" VPOS="892.3464566929134" HPOS="517.0393700787401"/>
            <String HEIGHT="29.763779527559056" WIDTH="134.36220472440945" VPOS="892.3464566929134" HPOS="480.4724409448819" CONTENT="(Edme)," ID="tl_26_3" STYLEREFS="FONT0"/>
            <SP HEIGHT="29.763779527559056" WIDTH="12.188976377952756" VPOS="892.3464566929134" HPOS="614.5511811023622"/>
            <String HEIGHT="29.763779527559056" WIDTH="158.74015748031496" VPOS="892.3464566929134" HPOS="577.9842519685039" CONTENT="agronome," ID="tl_26_4" STYLEREFS="FONT0"/>
            <SP HEIGHT="29.763779527559056" WIDTH="12.188976377952756" VPOS="892.3464566929134" HPOS="736.7244094488188"/>
            <String HEIGHT="29.763779527559056" WIDTH="121.88976377952756" VPOS="892.3464566929134" HPOS="700.1574803149606" CONTENT="avocat" ID="tl_26_5" STYLEREFS="FONT0"/>
            <SP HEIGHT="29.763779527559056" WIDTH="12.188976377952756" VPOS="892.3464566929134" HPOS="822.0472440944882"/>
            <String HEIGHT="29.763779527559056" WIDTH="73.13385826771653" VPOS="892.3464566929134" HPOS="785.4803149606299" CONTENT="et" ID="tl_26_6" STYLEREFS="FONT0"/>
            <SP HEIGHT="29.763779527559056" WIDTH="12.188976377952756" VPOS="892.3464566929134" HPOS="858.6141732283464"/>
            <String HEIGHT="29.763779527559056" WIDTH="134.36220472440945" VPOS="892.3464566929134" HPOS="822.0472440944882" CONTENT="notaire" ID="tl_26_7" STYLEREFS="FONT0"/>
            <SP HEIGHT="29.763779527559056" WIDTH="12.188976377952756" VPOS="892.3464566929134" HPOS="956.4094488188977"/>
            <String HEIGHT="29.763779527559056" WIDTH="60.94488188976378" VPOS="892.3464566929134" HPOS="919.8425196850394" CONTENT="à" ID="tl_26_8" STYLEREFS="FONT0"/>
            <SP HEIGHT="29.763779527559056" WIDTH="12.188976377952756" VPOS="892.3464566929134" HPOS="980.7874015748032"/>
            <String HEIGHT="29.763779527559056" WIDTH="97.51181102362204" VPOS="892.3464566929134" HPOS="932.0314960629921" CONTENT="Dijon," ID="tl_26_9" STYLEREFS="FONT0"/>
          </TextLine>
        </TextBlock>
        <TextBlock ID="r_2_15" HEIGHT="138.04724409448818" WIDTH="781.7952755905512" VPOS="919.2755905511812" HPOS="249.16535433070865">
          <TextLine ID="tl_27" BASELINE="3349" HEIGHT="29.763779527559056" WIDTH="777.2598425196851" VPOS="919.5590551181102" HPOS="251.71653543307087">
            <String HEIGHT="29.763779527559056" WIDTH="121.32283464566929" VPOS="919.5590551181102" HPOS="239.5275590551181" CONTENT="membre" ID="tl_27_1" STYLEREFS="FONT0"/>
            <SP HEIGHT="29.763779527559056" WIDTH="12.188976377952756" VPOS="919.5590551181102" HPOS="361.13385826771656"/>
            <String HEIGHT="29.763779527559056" WIDTH="206.36220472440945" VPOS="919.5590551181102" HPOS="324.56692913385825" CONTENT="correspondant" ID="tl_27_2" STYLEREFS="FONT0"/>
            <SP HEIGHT="29.763779527559056" WIDTH="12.188976377952756" VPOS="919.5590551181102" HPOS="530.9291338582677"/>
            <String HEIGHT="29.763779527559056" WIDTH="72.85039370078741" VPOS="919.5590551181102" HPOS="494.6456692913386" CONTENT="de" ID="tl_27_3" STYLEREFS="FONT0"/>
            <SP HEIGHT="29.763779527559056" WIDTH="12.188976377952756" VPOS="919.5590551181102" HPOS="567.496062992126"/>
            <String HEIGHT="29.763779527559056" WIDTH="170.07874015748033" VPOS="919.5590551181102" HPOS="530.9291338582677" CONTENT="l’Académie" ID="tl_27_4" STYLEREFS="FONT0"/>
            <SP HEIGHT="29.763779527559056" WIDTH="12.188976377952756" VPOS="919.5590551181102" HPOS="701.007874015748"/>
            <String HEIGHT="29.763779527559056" WIDTH="85.03937007874016" VPOS="919.5590551181102" HPOS="664.7244094488188" CONTENT="des" ID="tl_27_5" STYLEREFS="FONT0"/>
            <SP HEIGHT="29.763779527559056" WIDTH="12.188976377952756" VPOS="919.5590551181102" HPOS="749.7637795275591"/>
            <String HEIGHT="29.763779527559056" WIDTH="157.88976377952756" VPOS="919.5590551181102" HPOS="713.1968503937007" CONTENT="sciences." ID="tl_27_6" STYLEREFS="FONT0"/>
            <SP HEIGHT="29.763779527559056" WIDTH="12.188976377952756" VPOS="919.5590551181102" HPOS="871.0866141732283"/>
            <String HEIGHT="29.763779527559056" WIDTH="72.85039370078741" VPOS="919.5590551181102" HPOS="834.8031496062993" CONTENT="1°" ID="tl_27_7" STYLEREFS="FONT0"/>
            <SP HEIGHT="29.763779527559056" WIDTH="12.188976377952756" VPOS="919.5590551181102" HPOS="907.6535433070866"/>
            <String HEIGHT="29.763779527559056" WIDTH="72.85039370078741" VPOS="919.5590551181102" HPOS="871.0866141732283" CONTENT="L." ID="tl_27_8" STYLEREFS="FONT0"/>
            <SP HEIGHT="29.763779527559056" WIDTH="12.188976377952756" VPOS="919.5590551181102" HPOS="943.9370078740158"/>
            <String HEIGHT="29.763779527559056" WIDTH="97.22834645669292" VPOS="919.5590551181102" HPOS="907.6535433070866" CONTENT="aut." ID="tl_27_9" STYLEREFS="FONT0"/>
            <SP HEIGHT="29.763779527559056" WIDTH="12.188976377952756" VPOS="919.5590551181102" HPOS="1004.5984251968504"/>
            <String HEIGHT="29.763779527559056" WIDTH="72.85039370078741" VPOS="919.5590551181102" HPOS="956.1259842519685" CONTENT="sig." ID="tl_27_10" STYLEREFS="FONT0"/>
          </TextLine>
          <TextLine ID="tl_28" BASELINE="3445" HEIGHT="30.330708661417322" WIDTH="778.3937007874016" VPOS="946.2047244094488" HPOS="252.28346456692913">
            <String HEIGHT="30.330708661417322" WIDTH="125.5748031496063" VPOS="946.2047244094488" HPOS="239.81102362204723" CONTENT="Dijon," ID="tl_28_1" STYLEREFS="FONT0"/>
            <SP HEIGHT="30.330708661417322" WIDTH="12.472440944881889" VPOS="946.2047244094488" HPOS="365.38582677165357"/>
            <String HEIGHT="30.330708661417322" WIDTH="75.4015748031496" VPOS="946.2047244094488" HPOS="327.68503937007875" CONTENT="26" ID="tl_28_2" STYLEREFS="FONT0"/>
            <SP HEIGHT="30.330708661417322" WIDTH="12.472440944881889" VPOS="946.2047244094488" HPOS="402.8031496062992"/>
            <String HEIGHT="30.330708661417322" WIDTH="100.34645669291339" VPOS="946.2047244094488" HPOS="365.38582677165357" CONTENT="déc." ID="tl_28_3" STYLEREFS="FONT0"/>
            <SP HEIGHT="30.330708661417322" WIDTH="12.472440944881889" VPOS="946.2047244094488" HPOS="465.73228346456693"/>
            <String HEIGHT="30.330708661417322" WIDTH="113.10236220472441" VPOS="946.2047244094488" HPOS="428.0314960629921" CONTENT="1776." ID="tl_28_4" STYLEREFS="FONT0"/>
            <SP HEIGHT="30.330708661417322" WIDTH="12.472440944881889" VPOS="946.2047244094488" HPOS="541.1338582677165"/>
            <String HEIGHT="30.330708661417322" WIDTH="62.645669291338585" VPOS="946.2047244094488" HPOS="503.43307086614175" CONTENT="2" ID="tl_28_5" STYLEREFS="FONT0"/>
            <SP HEIGHT="30.330708661417322" WIDTH="12.472440944881889" VPOS="946.2047244094488" HPOS="566.0787401574803"/>
            <String HEIGHT="30.330708661417322" WIDTH="75.4015748031496" VPOS="946.2047244094488" HPOS="528.3779527559055" CONTENT="p." ID="tl_28_6" STYLEREFS="FONT0"/>
            <SP HEIGHT="30.330708661417322" WIDTH="12.472440944881889" VPOS="946.2047244094488" HPOS="603.7795275590552"/>
            <String HEIGHT="30.330708661417322" WIDTH="113.10236220472441" VPOS="946.2047244094488" HPOS="566.0787401574803" CONTENT="in-4." ID="tl_28_7" STYLEREFS="FONT0"/>
            <SP HEIGHT="30.330708661417322" WIDTH="12.472440944881889" VPOS="946.2047244094488" HPOS="679.1811023622047"/>
            <String HEIGHT="30.330708661417322" WIDTH="62.645669291338585" VPOS="946.2047244094488" HPOS="641.4803149606299" CONTENT="—" ID="tl_28_8" STYLEREFS="FONT0"/>
            <SP HEIGHT="30.330708661417322" WIDTH="12.472440944881889" VPOS="946.2047244094488" HPOS="704.1259842519685"/>
            <String HEIGHT="30.330708661417322" WIDTH="75.4015748031496" VPOS="946.2047244094488" HPOS="666.7086614173228" CONTENT="2°" ID="tl_28_9" STYLEREFS="FONT0"/>
            <SP HEIGHT="30.330708661417322" WIDTH="12.472440944881889" VPOS="946.2047244094488" HPOS="741.8267716535433"/>
            <String HEIGHT="30.330708661417322" WIDTH="163.2755905511811" VPOS="946.2047244094488" HPOS="704.1259842519685" CONTENT="Catalogue" ID="tl_28_10" STYLEREFS="FONT0"/>
            <SP HEIGHT="30.330708661417322" WIDTH="12.472440944881889" VPOS="946.2047244094488" HPOS="867.4015748031496"/>
            <String HEIGHT="30.330708661417322" WIDTH="75.4015748031496" VPOS="946.2047244094488" HPOS="829.7007874015748" CONTENT="de" ID="tl_28_11" STYLEREFS="FONT0"/>
            <SP HEIGHT="30.330708661417322" WIDTH="12.472440944881889" VPOS="946.2047244094488" HPOS="905.1023622047244"/>
            <String HEIGHT="30.330708661417322" WIDTH="87.8740157480315" VPOS="946.2047244094488" HPOS="867.4015748031496" CONTENT="ses" ID="tl_28_12" STYLEREFS="FONT0"/>
            <SP HEIGHT="30.330708661417322" WIDTH="12.472440944881889" VPOS="946.2047244094488" HPOS="955.2755905511812"/>
            <String HEIGHT="30.330708661417322" WIDTH="125.5748031496063" VPOS="946.2047244094488" HPOS="905.1023622047244" CONTENT="ouvrages" ID="tl_28_13" STYLEREFS="FONT0"/>
          </TextLine>
          <TextLine ID="tl_29" BASELINE="3537" HEIGHT="29.763779527559056" WIDTH="778.3937007874016" VPOS="972.8503937007874" HPOS="251.71653543307087">
            <String HEIGHT="29.763779527559056" WIDTH="148.251968503937" VPOS="972.8503937007874" HPOS="239.24409448818898" CONTENT="imprimés" ID="tl_29_1" STYLEREFS="FONT0"/>
            <SP HEIGHT="29.763779527559056" WIDTH="12.472440944881889" VPOS="972.8503937007874" HPOS="387.496062992126"/>
            <String HEIGHT="29.763779527559056" WIDTH="74.26771653543307" VPOS="972.8503937007874" HPOS="350.6456692913386" CONTENT="et" ID="tl_29_2" STYLEREFS="FONT0"/>
            <SP HEIGHT="29.763779527559056" WIDTH="12.472440944881889" VPOS="972.8503937007874" HPOS="424.62992125984255"/>
            <String HEIGHT="29.763779527559056" WIDTH="185.38582677165354" VPOS="972.8503937007874" HPOS="387.496062992126" CONTENT="manuscrits," ID="tl_29_3" STYLEREFS="FONT0"/>
            <SP HEIGHT="29.763779527559056" WIDTH="12.472440944881889" VPOS="972.8503937007874" HPOS="572.8818897637796"/>
            <String HEIGHT="29.763779527559056" WIDTH="61.79527559055118" VPOS="972.8503937007874" HPOS="536.0314960629921" CONTENT="3" ID="tl_29_4" STYLEREFS="FONT0"/>
            <SP HEIGHT="29.763779527559056" WIDTH="12.472440944881889" VPOS="972.8503937007874" HPOS="597.5433070866142"/>
            <String HEIGHT="29.763779527559056" WIDTH="74.26771653543307" VPOS="972.8503937007874" HPOS="560.6929133858267" CONTENT="p." ID="tl_29_5" STYLEREFS="FONT0"/>
            <SP HEIGHT="29.763779527559056" WIDTH="12.472440944881889" VPOS="972.8503937007874" HPOS="634.6771653543307"/>
            <String HEIGHT="29.763779527559056" WIDTH="86.45669291338582" VPOS="972.8503937007874" HPOS="597.5433070866142" CONTENT="pl." ID="tl_29_6" STYLEREFS="FONT0"/>
            <SP HEIGHT="29.763779527559056" WIDTH="12.472440944881889" VPOS="972.8503937007874" HPOS="684.2834645669292"/>
            <String HEIGHT="29.763779527559056" WIDTH="111.11811023622047" VPOS="972.8503937007874" HPOS="647.1496062992126" CONTENT="in-4." ID="tl_29_7" STYLEREFS="FONT0"/>
            <SP HEIGHT="29.763779527559056" WIDTH="12.472440944881889" VPOS="972.8503937007874" HPOS="758.2677165354331"/>
            <String HEIGHT="29.763779527559056" WIDTH="61.79527559055118" VPOS="972.8503937007874" HPOS="721.1338582677165" CONTENT="—" ID="tl_29_8" STYLEREFS="FONT0"/>
            <SP HEIGHT="29.763779527559056" WIDTH="12.472440944881889" VPOS="972.8503937007874" HPOS="782.9291338582677"/>
            <String HEIGHT="29.763779527559056" WIDTH="74.26771653543307" VPOS="972.8503937007874" HPOS="745.7952755905512" CONTENT="3°" ID="tl_29_9" STYLEREFS="FONT0"/>
            <SP HEIGHT="29.763779527559056" WIDTH="12.472440944881889" VPOS="972.8503937007874" HPOS="820.0629921259842"/>
            <String HEIGHT="29.763779527559056" WIDTH="135.7795275590551" VPOS="972.8503937007874" HPOS="782.9291338582677" CONTENT="Mémoire" ID="tl_29_10" STYLEREFS="FONT0"/>
            <SP HEIGHT="29.763779527559056" WIDTH="12.472440944881889" VPOS="972.8503937007874" HPOS="918.992125984252"/>
            <String HEIGHT="29.763779527559056" WIDTH="74.26771653543307" VPOS="972.8503937007874" HPOS="881.8582677165355" CONTENT="au" ID="tl_29_11" STYLEREFS="FONT0"/>
            <SP HEIGHT="29.763779527559056" WIDTH="12.472440944881889" VPOS="972.8503937007874" HPOS="955.8425196850394"/>
            <String HEIGHT="29.763779527559056" WIDTH="111.11811023622047" VPOS="972.8503937007874" HPOS="918.992125984252" CONTENT="sujet" ID="tl_29_12" STYLEREFS="FONT0"/>
            <SP HEIGHT="29.763779527559056" WIDTH="12.472440944881889" VPOS="972.8503937007874" HPOS="1030.1102362204724"/>
            <String HEIGHT="29.763779527559056" WIDTH="49.32283464566929" VPOS="972.8503937007874" HPOS="980.7874015748032" CONTENT="de" ID="tl_29_13" STYLEREFS="FONT0"/>
          </TextLine>
          <TextLine ID="tl_30" BASELINE="3635" HEIGHT="30.04724409448819" WIDTH="774.4251968503937" VPOS="1000.3464566929134" HPOS="251.71653543307087">
            <String HEIGHT="30.04724409448819" WIDTH="187.6535433070866" VPOS="1000.3464566929134" HPOS="240.09448818897638" CONTENT="l'impression" ID="tl_30_1" STYLEREFS="FONT0"/>
            <SP HEIGHT="30.04724409448819" WIDTH="11.622047244094489" VPOS="1000.3464566929134" HPOS="427.748031496063"/>
            <String HEIGHT="30.04724409448819" WIDTH="70.2992125984252" VPOS="1000.3464566929134" HPOS="392.59842519685037" CONTENT="de" ID="tl_30_2" STYLEREFS="FONT0"/>
            <SP HEIGHT="30.04724409448819" WIDTH="11.622047244094489" VPOS="1000.3464566929134" HPOS="462.8976377952756"/>
            <String HEIGHT="30.04724409448819" WIDTH="82.20472440944881" VPOS="1000.3464566929134" HPOS="427.748031496063" CONTENT="ses" ID="tl_30_3" STYLEREFS="FONT0"/>
            <SP HEIGHT="30.04724409448819" WIDTH="11.622047244094489" VPOS="1000.3464566929134" HPOS="509.9527559055118"/>
            <String HEIGHT="30.04724409448819" WIDTH="152.50393700787401" VPOS="1000.3464566929134" HPOS="474.5196850393701" CONTENT="ouvrages." ID="tl_30_4" STYLEREFS="FONT0"/>
            <SP HEIGHT="30.04724409448819" WIDTH="11.622047244094489" VPOS="1000.3464566929134" HPOS="627.3070866141733"/>
            <String HEIGHT="30.04724409448819" WIDTH="58.67716535433071" VPOS="1000.3464566929134" HPOS="591.8740157480315" CONTENT="3" ID="tl_30_5" STYLEREFS="FONT0"/>
            <SP HEIGHT="30.04724409448819" WIDTH="11.622047244094489" VPOS="1000.3464566929134" HPOS="650.5511811023622"/>
            <String HEIGHT="30.04724409448819" WIDTH="82.20472440944881" VPOS="1000.3464566929134" HPOS="615.4015748031496" CONTENT="gr." ID="tl_30_6" STYLEREFS="FONT0"/>
            <SP HEIGHT="30.04724409448819" WIDTH="11.622047244094489" VPOS="1000.3464566929134" HPOS="697.6062992125984"/>
            <String HEIGHT="30.04724409448819" WIDTH="70.2992125984252" VPOS="1000.3464566929134" HPOS="662.4566929133858" CONTENT="p." ID="tl_30_7" STYLEREFS="FONT0"/>
            <SP HEIGHT="30.04724409448819" WIDTH="11.622047244094489" VPOS="1000.3464566929134" HPOS="732.7559055118111"/>
            <String HEIGHT="30.04724409448819" WIDTH="82.20472440944881" VPOS="1000.3464566929134" HPOS="697.6062992125984" CONTENT="pl." ID="tl_30_8" STYLEREFS="FONT0"/>
            <SP HEIGHT="30.04724409448819" WIDTH="11.622047244094489" VPOS="1000.3464566929134" HPOS="779.8110236220473"/>
            <String HEIGHT="30.04724409448819" WIDTH="128.9763779527559" VPOS="1000.3464566929134" HPOS="744.6614173228346" CONTENT="in-fol." ID="tl_30_9" STYLEREFS="FONT0"/>
            <SP HEIGHT="30.04724409448819" WIDTH="11.622047244094489" VPOS="1000.3464566929134" HPOS="873.6377952755905"/>
            <String HEIGHT="30.04724409448819" WIDTH="58.67716535433071" VPOS="1000.3464566929134" HPOS="838.488188976378" CONTENT="—" ID="tl_30_10" STYLEREFS="FONT0"/>
            <SP HEIGHT="30.04724409448819" WIDTH="11.622047244094489" VPOS="1000.3464566929134" HPOS="897.1653543307086"/>
            <String HEIGHT="30.04724409448819" WIDTH="70.2992125984252" VPOS="1000.3464566929134" HPOS="861.7322834645669" CONTENT="4°" ID="tl_30_11" STYLEREFS="FONT0"/>
            <SP HEIGHT="30.04724409448819" WIDTH="11.622047244094489" VPOS="1000.3464566929134" HPOS="932.3149606299213"/>
            <String HEIGHT="30.04724409448819" WIDTH="105.73228346456693" VPOS="1000.3464566929134" HPOS="897.1653543307086" CONTENT="Pièce" ID="tl_30_12" STYLEREFS="FONT0"/>
            <SP HEIGHT="30.04724409448819" WIDTH="11.622047244094489" VPOS="1000.3464566929134" HPOS="1002.6141732283464"/>
            <String HEIGHT="30.04724409448819" WIDTH="70.2992125984252" VPOS="1000.3464566929134" HPOS="955.8425196850394" CONTENT="sig." ID="tl_30_13" STYLEREFS="FONT0"/>
          </TextLine>
          <TextLine ID="tl_31" BASELINE="3729" HEIGHT="30.330708661417322" WIDTH="780.3779527559055" VPOS="1026.708661417323" HPOS="249.4488188976378">
            <String HEIGHT="30.330708661417322" WIDTH="146.26771653543307" VPOS="1026.708661417323" HPOS="225.0708661417323" CONTENT="du" ID="tl_31_1" STYLEREFS="FONT0"/>
            <SP HEIGHT="30.330708661417322" WIDTH="24.37795275590551" VPOS="1026.708661417323" HPOS="371.33858267716533"/>
            <String HEIGHT="30.330708661417322" WIDTH="219.4015748031496" VPOS="1026.708661417323" HPOS="298.20472440944883" CONTENT="comte" ID="tl_31_2" STYLEREFS="FONT0"/>
            <SP HEIGHT="30.330708661417322" WIDTH="24.37795275590551" VPOS="1026.708661417323" HPOS="517.6062992125984"/>
            <String HEIGHT="30.330708661417322" WIDTH="292.53543307086613" VPOS="1026.708661417323" HPOS="444.4724409448819" CONTENT="d’Ailly." ID="tl_31_3" STYLEREFS="FONT0"/>
            <SP HEIGHT="30.330708661417322" WIDTH="24.37795275590551" VPOS="1026.708661417323" HPOS="737.2913385826772"/>
            <String HEIGHT="30.330708661417322" WIDTH="121.88976377952756" VPOS="1026.708661417323" HPOS="664.1574803149606" CONTENT="1" ID="tl_31_4" STYLEREFS="FONT0"/>
            <SP HEIGHT="30.330708661417322" WIDTH="24.37795275590551" VPOS="1026.708661417323" HPOS="786.0472440944882"/>
            <String HEIGHT="30.330708661417322" WIDTH="146.26771653543307" VPOS="1026.708661417323" HPOS="712.9133858267717" CONTENT="p." ID="tl_31_5" STYLEREFS="FONT0"/>
            <SP HEIGHT="30.330708661417322" WIDTH="24.37795275590551" VPOS="1026.708661417323" HPOS="859.1811023622047"/>
            <String HEIGHT="30.330708661417322" WIDTH="219.4015748031496" VPOS="1026.708661417323" HPOS="786.0472440944882" CONTENT="in-4." ID="tl_31_6" STYLEREFS="FONT0"/>
            <SP HEIGHT="30.330708661417322" WIDTH="24.37795275590551" VPOS="1026.708661417323" HPOS="1005.4488188976378"/>
            <String HEIGHT="30.330708661417322" WIDTH="121.88976377952756" VPOS="1026.708661417323" HPOS="932.3149606299213" CONTENT="6" ID="tl_31_7" STYLEREFS="FONT0"/>
            <SP HEIGHT="30.330708661417322" WIDTH="24.37795275590551" VPOS="1026.708661417323" HPOS="1054.2047244094488"/>
            <String HEIGHT="30.330708661417322" WIDTH="73.13385826771653" VPOS="1026.708661417323" HPOS="956.6929133858267" CONTENT="»" ID="tl_31_8" STYLEREFS="FONT0"/>
          </TextLine>
        </TextBlock>
        <TextBlock ID="region_1551090886085_541" HEIGHT="15.590551181102363" WIDTH="382.1102362204724" VPOS="1030.1102362204724" HPOS="588.4724409448819"/>
        <TextBlock ID="region_1551090891045_544" HEIGHT="2.267716535433071" WIDTH="6.2362204724409445" VPOS="1040.3149606299212" HPOS="748.9133858267717"/>
        <TextBlock ID="r_2_16" HEIGHT="111.96850393700787" WIDTH="803.3385826771654" VPOS="1056.4724409448818" HPOS="226.77165354330708">
          <TextLine ID="tl_32" BASELINE="3831" HEIGHT="29.19685039370079" WIDTH="802.7716535433071" VPOS="1056.755905511811" HPOS="227.0551181102362">
            <String HEIGHT="29.19685039370079" WIDTH="103.46456692913385" VPOS="1056.755905511811" HPOS="214.01574803149606" CONTENT="163." ID="tl_32_1" STYLEREFS="FONT0"/>
            <SP HEIGHT="29.19685039370079" WIDTH="13.039370078740157" VPOS="1056.755905511811" HPOS="317.76377952755905"/>
            <String HEIGHT="29.19685039370079" WIDTH="194.17322834645668" VPOS="1056.755905511811" HPOS="278.92913385826773" CONTENT="Belzunce" ID="tl_32_2" STYLEREFS="FONT1"/>
            <SP HEIGHT="29.19685039370079" WIDTH="13.039370078740157" VPOS="1056.755905511811" HPOS="473.1023622047244"/>
            <String HEIGHT="29.19685039370079" WIDTH="77.66929133858268" VPOS="1056.755905511811" HPOS="434.26771653543307" CONTENT="de" ID="tl_32_3" STYLEREFS="FONT1"/>
            <SP HEIGHT="29.19685039370079" WIDTH="13.039370078740157" VPOS="1056.755905511811" HPOS="511.93700787401576"/>
            <String HEIGHT="29.19685039370079" WIDTH="271.84251968503935" VPOS="1056.755905511811" HPOS="473.1023622047244" CONTENT="Castel-Moron," ID="tl_32_4" STYLEREFS="FONT1"/>
            <SP HEIGHT="29.19685039370079" WIDTH="13.039370078740157" VPOS="1056.755905511811" HPOS="744.9448818897638"/>
            <String HEIGHT="29.19685039370079" WIDTH="129.54330708661416" VPOS="1056.755905511811" HPOS="706.1102362204724" CONTENT="évêque" ID="tl_32_5" STYLEREFS="FONT0"/>
            <SP HEIGHT="29.19685039370079" WIDTH="13.039370078740157" VPOS="1056.755905511811" HPOS="835.6535433070866"/>
            <String HEIGHT="29.19685039370079" WIDTH="77.66929133858268" VPOS="1056.755905511811" HPOS="796.8188976377953" CONTENT="de" ID="tl_32_6" STYLEREFS="FONT0"/>
            <SP HEIGHT="29.19685039370079" WIDTH="13.039370078740157" VPOS="1056.755905511811" HPOS="874.488188976378"/>
            <String HEIGHT="29.19685039370079" WIDTH="181.13385826771653" VPOS="1056.755905511811" HPOS="835.6535433070866" CONTENT="Marseille," ID="tl_32_7" STYLEREFS="FONT0"/>
            <SP HEIGHT="29.19685039370079" WIDTH="13.039370078740157" VPOS="1056.755905511811" HPOS="1016.7874015748032"/>
            <String HEIGHT="29.19685039370079" WIDTH="64.62992125984252" VPOS="1056.755905511811" HPOS="965.1968503937007" CONTENT="cé" SUBS_TYPE="HypPart1" SUBS_CONTENT="célèbre" ID="tl_32_8" STYLEREFS="FONT0"/>
            <HYP CONTENT="-"/>
          </TextLine>
          <TextLine ID="tl_33" BASELINE="3927" HEIGHT="29.480314960629922" WIDTH="774.992125984252" VPOS="1083.6850393700788" HPOS="251.43307086614172">
            <String HEIGHT="29.480314960629922" WIDTH="110.83464566929133" VPOS="1083.6850393700788" HPOS="239.24409448818898" CONTENT="lèbre" SUBS_TYPE="HypPart2" SUBS_CONTENT="célèbre" ID="tl_33_1" STYLEREFS="FONT0"/>
            <SP HEIGHT="29.480314960629922" WIDTH="12.188976377952756" VPOS="1083.6850393700788" HPOS="349.79527559055117"/>
            <String HEIGHT="29.480314960629922" WIDTH="86.1732283464567" VPOS="1083.6850393700788" HPOS="312.9448818897638" CONTENT="par" ID="tl_33_2" STYLEREFS="FONT0"/>
            <SP HEIGHT="29.480314960629922" WIDTH="12.188976377952756" VPOS="1083.6850393700788" HPOS="399.11811023622045"/>
            <String HEIGHT="29.480314960629922" WIDTH="86.1732283464567" VPOS="1083.6850393700788" HPOS="362.26771653543307" CONTENT="son" ID="tl_33_3" STYLEREFS="FONT0"/>
            <SP HEIGHT="29.480314960629922" WIDTH="12.188976377952756" VPOS="1083.6850393700788" HPOS="448.15748031496065"/>
            <String HEIGHT="29.480314960629922" WIDTH="172.3464566929134" VPOS="1083.6850393700788" HPOS="411.3070866141732" CONTENT="dévouement" ID="tl_33_4" STYLEREFS="FONT0"/>
            <SP HEIGHT="29.480314960629922" WIDTH="12.188976377952756" VPOS="1083.6850393700788" HPOS="583.6535433070866"/>
            <String HEIGHT="29.480314960629922" WIDTH="135.21259842519686" VPOS="1083.6850393700788" HPOS="546.8031496062993" CONTENT="pendant" ID="tl_33_5" STYLEREFS="FONT0"/>
            <SP HEIGHT="29.480314960629922" WIDTH="12.188976377952756" VPOS="1083.6850393700788" HPOS="682.0157480314961"/>
            <String HEIGHT="29.480314960629922" WIDTH="73.7007874015748" VPOS="1083.6850393700788" HPOS="645.1653543307086" CONTENT="la" ID="tl_33_6" STYLEREFS="FONT0"/>
            <SP HEIGHT="29.480314960629922" WIDTH="12.188976377952756" VPOS="1083.6850393700788" HPOS="718.8661417322835"/>
            <String HEIGHT="29.480314960629922" WIDTH="110.83464566929133" VPOS="1083.6850393700788" HPOS="682.0157480314961" CONTENT="peste" ID="tl_33_7" STYLEREFS="FONT0"/>
            <SP HEIGHT="29.480314960629922" WIDTH="12.188976377952756" VPOS="1083.6850393700788" HPOS="792.5669291338583"/>
            <String HEIGHT="29.480314960629922" WIDTH="73.7007874015748" VPOS="1083.6850393700788" HPOS="755.7165354330708" CONTENT="de" ID="tl_33_8" STYLEREFS="FONT0"/>
            <SP HEIGHT="29.480314960629922" WIDTH="12.188976377952756" VPOS="1083.6850393700788" HPOS="829.7007874015748"/>
            <String HEIGHT="29.480314960629922" WIDTH="172.3464566929134" VPOS="1083.6850393700788" HPOS="792.5669291338583" CONTENT="Marseille." ID="tl_33_9" STYLEREFS="FONT0"/>
            <SP HEIGHT="29.480314960629922" WIDTH="12.188976377952756" VPOS="1083.6850393700788" HPOS="964.9133858267717"/>
            <String HEIGHT="29.480314960629922" WIDTH="73.7007874015748" VPOS="1083.6850393700788" HPOS="928.0629921259842" CONTENT="L." ID="tl_33_10" STYLEREFS="FONT0"/>
            <SP HEIGHT="29.480314960629922" WIDTH="12.188976377952756" VPOS="1083.6850393700788" HPOS="1001.7637795275591"/>
            <String HEIGHT="29.480314960629922" WIDTH="73.7007874015748" VPOS="1083.6850393700788" HPOS="952.7244094488188" CONTENT="aut." ID="tl_33_11" STYLEREFS="FONT0"/>
          </TextLine>
          <TextLine ID="tl_34" BASELINE="4025" HEIGHT="29.480314960629922" WIDTH="776.1259842519685" VPOS="1111.4645669291338" HPOS="249.73228346456693">
            <String HEIGHT="29.480314960629922" WIDTH="109.13385826771653" VPOS="1111.4645669291338" HPOS="237.54330708661416" CONTENT="sig.," ID="tl_34_1" STYLEREFS="FONT0"/>
            <SP HEIGHT="29.480314960629922" WIDTH="12.188976377952756" VPOS="1111.4645669291338" HPOS="346.6771653543307"/>
            <String HEIGHT="29.480314960629922" WIDTH="60.661417322834644" VPOS="1111.4645669291338" HPOS="310.3937007874016" CONTENT="à" ID="tl_34_2" STYLEREFS="FONT0"/>
            <SP HEIGHT="29.480314960629922" WIDTH="12.188976377952756" VPOS="1111.4645669291338" HPOS="371.0551181102362"/>
            <String HEIGHT="29.480314960629922" WIDTH="72.85039370078741" VPOS="1111.4645669291338" HPOS="334.48818897637796" CONTENT="M." ID="tl_34_3" STYLEREFS="FONT0"/>
            <SP HEIGHT="29.480314960629922" WIDTH="12.188976377952756" VPOS="1111.4645669291338" HPOS="407.33858267716533"/>
            <String HEIGHT="29.480314960629922" WIDTH="157.60629921259843" VPOS="1111.4645669291338" HPOS="371.0551181102362" CONTENT="l'évêéque" ID="tl_34_4" STYLEREFS="FONT0"/>
            <SP HEIGHT="29.480314960629922" WIDTH="12.188976377952756" VPOS="1111.4645669291338" HPOS="528.6614173228346"/>
            <String HEIGHT="29.480314960629922" WIDTH="72.85039370078741" VPOS="1111.4645669291338" HPOS="492.37795275590554" CONTENT="de" ID="tl_34_5" STYLEREFS="FONT0"/>
            <SP HEIGHT="29.480314960629922" WIDTH="12.188976377952756" VPOS="1111.4645669291338" HPOS="564.9448818897638"/>
            <String HEIGHT="29.480314960629922" WIDTH="96.94488188976378" VPOS="1111.4645669291338" HPOS="528.6614173228346" CONTENT="Gap." ID="tl_34_6" STYLEREFS="FONT0"/>
            <SP HEIGHT="29.480314960629922" WIDTH="12.188976377952756" VPOS="1111.4645669291338" HPOS="625.6062992125984"/>
            <String HEIGHT="29.480314960629922" WIDTH="145.41732283464566" VPOS="1111.4645669291338" HPOS="589.3228346456693" CONTENT="Aubagne," ID="tl_34_7" STYLEREFS="FONT0"/>
            <SP HEIGHT="29.480314960629922" WIDTH="12.188976377952756" VPOS="1111.4645669291338" HPOS="734.7401574803149"/>
            <String HEIGHT="29.480314960629922" WIDTH="72.85039370078741" VPOS="1111.4645669291338" HPOS="698.4566929133858" CONTENT="25" ID="tl_34_8" STYLEREFS="FONT0"/>
            <SP HEIGHT="29.480314960629922" WIDTH="12.188976377952756" VPOS="1111.4645669291338" HPOS="771.3070866141733"/>
            <String HEIGHT="29.480314960629922" WIDTH="133.51181102362204" VPOS="1111.4645669291338" HPOS="734.7401574803149" CONTENT="octobre" ID="tl_34_9" STYLEREFS="FONT0"/>
            <SP HEIGHT="29.480314960629922" WIDTH="12.188976377952756" VPOS="1111.4645669291338" HPOS="868.2519685039371"/>
            <String HEIGHT="29.480314960629922" WIDTH="96.94488188976378" VPOS="1111.4645669291338" HPOS="831.9685039370079" CONTENT="1718" ID="tl_34_10" STYLEREFS="FONT0"/>
            <SP HEIGHT="29.480314960629922" WIDTH="12.188976377952756" VPOS="1111.4645669291338" HPOS="928.9133858267717"/>
            <String HEIGHT="29.480314960629922" WIDTH="60.661417322834644" VPOS="1111.4645669291338" HPOS="892.3464566929134" CONTENT="2" ID="tl_34_11" STYLEREFS="FONT0"/>
            <SP HEIGHT="29.480314960629922" WIDTH="12.188976377952756" VPOS="1111.4645669291338" HPOS="953.007874015748"/>
            <String HEIGHT="29.480314960629922" WIDTH="72.85039370078741" VPOS="1111.4645669291338" HPOS="916.7244094488188" CONTENT="p." ID="tl_34_12" STYLEREFS="FONT0"/>
            <SP HEIGHT="29.480314960629922" WIDTH="12.188976377952756" VPOS="1111.4645669291338" HPOS="989.5748031496063"/>
            <String HEIGHT="29.480314960629922" WIDTH="84.75590551181102" VPOS="1111.4645669291338" HPOS="941.1023622047244" CONTENT="in" ID="tl_34_13" STYLEREFS="FONT0"/>
          </TextLine>
          <TextLine ID="tl_35" BASELINE="4121" HEIGHT="29.763779527559056" WIDTH="777.5433070866142" VPOS="1138.3937007874015" HPOS="252.0">
            <String HEIGHT="29.763779527559056" WIDTH="224.50393700787401" VPOS="1138.3937007874015" HPOS="234.70866141732284" CONTENT="Déchirure" ID="tl_35_1" STYLEREFS="FONT0"/>
            <SP HEIGHT="29.763779527559056" WIDTH="17.291338582677167" VPOS="1138.3937007874015" HPOS="459.21259842519686"/>
            <String HEIGHT="29.763779527559056" WIDTH="103.74803149606299" VPOS="1138.3937007874015" HPOS="407.62204724409446" CONTENT="en" ID="tl_35_2" STYLEREFS="FONT0"/>
            <SP HEIGHT="29.763779527559056" WIDTH="17.291338582677167" VPOS="1138.3937007874015" HPOS="511.0866141732283"/>
            <String HEIGHT="29.763779527559056" WIDTH="138.33070866141733" VPOS="1138.3937007874015" HPOS="459.21259842519686" CONTENT="haut" ID="tl_35_3" STYLEREFS="FONT0"/>
            <SP HEIGHT="29.763779527559056" WIDTH="17.291338582677167" VPOS="1138.3937007874015" HPOS="597.5433070866142"/>
            <String HEIGHT="29.763779527559056" WIDTH="103.74803149606299" VPOS="1138.3937007874015" HPOS="545.6692913385826" CONTENT="de" ID="tl_35_4" STYLEREFS="FONT0"/>
            <SP HEIGHT="29.763779527559056" WIDTH="17.291338582677167" VPOS="1138.3937007874015" HPOS="649.4173228346457"/>
            <String HEIGHT="29.763779527559056" WIDTH="103.74803149606299" VPOS="1138.3937007874015" HPOS="597.5433070866142" CONTENT="la" ID="tl_35_5" STYLEREFS="FONT0"/>
            <SP HEIGHT="29.763779527559056" WIDTH="17.291338582677167" VPOS="1138.3937007874015" HPOS="701.2913385826772"/>
            <String HEIGHT="29.763779527559056" WIDTH="155.6220472440945" VPOS="1138.3937007874015" HPOS="649.4173228346457" CONTENT="marge" ID="tl_35_6" STYLEREFS="FONT0"/>
            <SP HEIGHT="29.763779527559056" WIDTH="17.291338582677167" VPOS="1138.3937007874015" HPOS="805.0393700787401"/>
            <String HEIGHT="29.763779527559056" WIDTH="259.0866141732283" VPOS="1138.3937007874015" HPOS="753.1653543307086" CONTENT="extérieure." ID="tl_35_7" STYLEREFS="FONT0"/>
            <SP HEIGHT="29.763779527559056" WIDTH="17.291338582677167" VPOS="1138.3937007874015" HPOS="1012.2519685039371"/>
            <String HEIGHT="29.763779527559056" WIDTH="86.45669291338582" VPOS="1138.3937007874015" HPOS="960.3779527559055" CONTENT="6" ID="tl_35_8" STYLEREFS="FONT0"/>
            <SP HEIGHT="29.763779527559056" WIDTH="17.291338582677167" VPOS="1138.3937007874015" HPOS="1046.8346456692914"/>
            <String HEIGHT="29.763779527559056" WIDTH="51.874015748031496" VPOS="1138.3937007874015" HPOS="977.6692913385826" CONTENT="»" ID="tl_35_9" STYLEREFS="FONT0"/>
          </TextLine>
        </TextBlock>
        <TextBlock ID="region_1551090926223_551" HEIGHT="0.8503937007874016" WIDTH="0.0" VPOS="1066.3937007874015" HPOS="268.4409448818898"/>
        <TextBlock ID="region_1551090919111_548" HEIGHT="3.1181102362204722" WIDTH="1.984251968503937" VPOS="1076.5984251968505" HPOS="262.20472440944883"/>
        <TextBlock ID="region_1551091129768_579" HEIGHT="22.393700787401574" WIDTH="30.89763779527559" VPOS="1110.0472440944882" HPOS="328.251968503937"/>
        <TextBlock ID="r_2_17" HEIGHT="29.480314960629922" WIDTH="677.4803149606299" VPOS="1165.0393700787401" HPOS="278.0787401574803">
          <TextLine ID="tl_36" BASELINE="4213" HEIGHT="28.913385826771652" WIDTH="676.9133858267717" VPOS="1165.3228346456692" HPOS="278.3622047244094">
            <String HEIGHT="28.913385826771652" WIDTH="114.80314960629921" VPOS="1165.3228346456692" HPOS="267.0236220472441" CONTENT="Lettre" ID="tl_36_1" STYLEREFS="FONT0"/>
            <SP HEIGHT="28.913385826771652" WIDTH="11.338582677165354" VPOS="1165.3228346456692" HPOS="381.54330708661416"/>
            <String HEIGHT="28.913385826771652" WIDTH="183.68503937007873" VPOS="1165.3228346456692" HPOS="347.244094488189" CONTENT="intéressante" ID="tl_36_2" STYLEREFS="FONT0"/>
            <SP HEIGHT="28.913385826771652" WIDTH="11.338582677165354" VPOS="1165.3228346456692" HPOS="530.6456692913385"/>
            <String HEIGHT="28.913385826771652" WIDTH="80.22047244094489" VPOS="1165.3228346456692" HPOS="496.34645669291336" CONTENT="sur" ID="tl_36_3" STYLEREFS="FONT0"/>
            <SP HEIGHT="28.913385826771652" WIDTH="11.338582677165354" VPOS="1165.3228346456692" HPOS="576.5669291338583"/>
            <String HEIGHT="28.913385826771652" WIDTH="80.22047244094489" VPOS="1165.3228346456692" HPOS="542.2677165354331" CONTENT="les" ID="tl_36_4" STYLEREFS="FONT0"/>
            <SP HEIGHT="28.913385826771652" WIDTH="11.338582677165354" VPOS="1165.3228346456692" HPOS="622.488188976378"/>
            <String HEIGHT="28.913385826771652" WIDTH="149.10236220472441" VPOS="1165.3228346456692" HPOS="588.1889763779527" CONTENT="querelles" ID="tl_36_5" STYLEREFS="FONT0"/>
            <SP HEIGHT="28.913385826771652" WIDTH="11.338582677165354" VPOS="1165.3228346456692" HPOS="737.2913385826772"/>
            <String HEIGHT="28.913385826771652" WIDTH="172.06299212598427" VPOS="1165.3228346456692" HPOS="702.992125984252" CONTENT="religieuses" ID="tl_36_6" STYLEREFS="FONT0"/>
            <SP HEIGHT="28.913385826771652" WIDTH="11.338582677165354" VPOS="1165.3228346456692" HPOS="875.0551181102362"/>
            <String HEIGHT="28.913385826771652" WIDTH="68.88188976377953" VPOS="1165.3228346456692" HPOS="840.4724409448819" CONTENT="du" ID="tl_36_7" STYLEREFS="FONT0"/>
            <SP HEIGHT="28.913385826771652" WIDTH="11.338582677165354" VPOS="1165.3228346456692" HPOS="909.3543307086615"/>
            <String HEIGHT="28.913385826771652" WIDTH="91.84251968503936" VPOS="1165.3228346456692" HPOS="863.4330708661417" CONTENT="temps." ID="tl_36_8" STYLEREFS="FONT0"/>
          </TextLine>
        </TextBlock>
        <TextBlock ID="r_2_18" HEIGHT="29.763779527559056" WIDTH="802.2047244094488" VPOS="1194.236220472441" HPOS="227.0551181102362">
          <TextLine ID="tl_37" BASELINE="4317" HEIGHT="29.19685039370079" WIDTH="801.6377952755905" VPOS="1194.5196850393702" HPOS="227.33858267716536">
            <String HEIGHT="29.19685039370079" WIDTH="91.55905511811024" VPOS="1194.5196850393702" HPOS="216.0" CONTENT="164." ID="tl_37_1" STYLEREFS="FONT0"/>
            <SP HEIGHT="29.19685039370079" WIDTH="11.338582677165354" VPOS="1194.5196850393702" HPOS="307.5590551181102"/>
            <String HEIGHT="29.19685039370079" WIDTH="194.74015748031496" VPOS="1194.5196850393702" HPOS="273.25984251968504" CONTENT="Berger" ID="tl_37_2" STYLEREFS="FONT1"/>
            <SP HEIGHT="29.19685039370079" WIDTH="11.338582677165354" VPOS="1194.5196850393702" HPOS="467.7165354330709"/>
            <String HEIGHT="29.19685039370079" WIDTH="148.8188976377953" VPOS="1194.5196850393702" HPOS="433.4173228346457" CONTENT="(Claude)," ID="tl_37_3" STYLEREFS="FONT0"/>
            <SP HEIGHT="29.19685039370079" WIDTH="11.338582677165354" VPOS="1194.5196850393702" HPOS="582.2362204724409"/>
            <String HEIGHT="29.19685039370079" WIDTH="103.18110236220473" VPOS="1194.5196850393702" HPOS="547.9370078740158" CONTENT="doyen" ID="tl_37_4" STYLEREFS="FONT0"/>
            <SP HEIGHT="29.19685039370079" WIDTH="11.338582677165354" VPOS="1194.5196850393702" HPOS="651.1181102362204"/>
            <String HEIGHT="29.19685039370079" WIDTH="68.5984251968504" VPOS="1194.5196850393702" HPOS="616.8188976377953" CONTENT="de" ID="tl_37_5" STYLEREFS="FONT0"/>
            <SP HEIGHT="29.19685039370079" WIDTH="11.338582677165354" VPOS="1194.5196850393702" HPOS="685.4173228346457"/>
            <String HEIGHT="29.19685039370079" WIDTH="68.5984251968504" VPOS="1194.5196850393702" HPOS="651.1181102362204" CONTENT="la" ID="tl_37_6" STYLEREFS="FONT0"/>
            <SP HEIGHT="29.19685039370079" WIDTH="11.338582677165354" VPOS="1194.5196850393702" HPOS="719.7165354330708"/>
            <String HEIGHT="29.19685039370079" WIDTH="125.85826771653544" VPOS="1194.5196850393702" HPOS="685.4173228346457" CONTENT="Faculté" ID="tl_37_7" STYLEREFS="FONT0"/>
            <SP HEIGHT="29.19685039370079" WIDTH="11.338582677165354" VPOS="1194.5196850393702" HPOS="811.2755905511812"/>
            <String HEIGHT="29.19685039370079" WIDTH="68.5984251968504" VPOS="1194.5196850393702" HPOS="776.9763779527559" CONTENT="de" ID="tl_37_8" STYLEREFS="FONT0"/>
            <SP HEIGHT="29.19685039370079" WIDTH="11.338582677165354" VPOS="1194.5196850393702" HPOS="845.8582677165355"/>
            <String HEIGHT="29.19685039370079" WIDTH="137.48031496062993" VPOS="1194.5196850393702" HPOS="811.2755905511812" CONTENT="médecine" ID="tl_37_9" STYLEREFS="FONT0"/>
            <SP HEIGHT="29.19685039370079" WIDTH="11.338582677165354" VPOS="1194.5196850393702" HPOS="948.7559055118111"/>
            <String HEIGHT="29.19685039370079" WIDTH="68.5984251968504" VPOS="1194.5196850393702" HPOS="914.4566929133858" CONTENT="de" ID="tl_37_10" STYLEREFS="FONT0"/>
            <SP HEIGHT="29.19685039370079" WIDTH="11.338582677165354" VPOS="1194.5196850393702" HPOS="983.0551181102362"/>
            <String HEIGHT="29.19685039370079" WIDTH="91.55905511811024" VPOS="1194.5196850393702" HPOS="937.4173228346457" CONTENT="Paris," ID="tl_37_11" STYLEREFS="FONT0"/>
          </TextLine>
        </TextBlock>
        <TextBlock ID="r_2_19" HEIGHT="58.110236220472444" WIDTH="780.9448818897638" VPOS="1220.8818897637796" HPOS="249.73228346456693">
          <TextLine ID="tl_38" BASELINE="4417" HEIGHT="30.89763779527559" WIDTH="780.0944881889764" VPOS="1221.1653543307086" HPOS="250.01574803149606">
            <String HEIGHT="30.89763779527559" WIDTH="136.3464566929134" VPOS="1221.1653543307086" HPOS="237.54330708661416" CONTENT="succéda" ID="tl_38_1" STYLEREFS="FONT0"/>
            <SP HEIGHT="30.89763779527559" WIDTH="12.472440944881889" VPOS="1221.1653543307086" HPOS="373.8897637795276"/>
            <String HEIGHT="30.89763779527559" WIDTH="61.79527559055118" VPOS="1221.1653543307086" HPOS="336.755905511811" CONTENT="à" ID="tl_38_2" STYLEREFS="FONT0"/>
            <SP HEIGHT="30.89763779527559" WIDTH="12.472440944881889" VPOS="1221.1653543307086" HPOS="398.5511811023622"/>
            <String HEIGHT="30.89763779527559" WIDTH="123.8740157480315" VPOS="1221.1653543307086" HPOS="361.4173228346457" CONTENT="Fagon," ID="tl_38_3" STYLEREFS="FONT0"/>
            <SP HEIGHT="30.89763779527559" WIDTH="12.472440944881889" VPOS="1221.1653543307086" HPOS="485.29133858267716"/>
            <String HEIGHT="30.89763779527559" WIDTH="74.26771653543307" VPOS="1221.1653543307086" HPOS="448.15748031496065" CONTENT="en" ID="tl_38_4" STYLEREFS="FONT0"/>
            <SP HEIGHT="30.89763779527559" WIDTH="12.472440944881889" VPOS="1221.1653543307086" HPOS="522.4251968503937"/>
            <String HEIGHT="30.89763779527559" WIDTH="111.4015748031496" VPOS="1221.1653543307086" HPOS="485.29133858267716" CONTENT="1709," ID="tl_38_5" STYLEREFS="FONT0"/>
            <SP HEIGHT="30.89763779527559" WIDTH="12.472440944881889" VPOS="1221.1653543307086" HPOS="596.6929133858267"/>
            <String HEIGHT="30.89763779527559" WIDTH="98.92913385826772" VPOS="1221.1653543307086" HPOS="559.5590551181102" CONTENT="dans" ID="tl_38_6" STYLEREFS="FONT0"/>
            <SP HEIGHT="30.89763779527559" WIDTH="12.472440944881889" VPOS="1221.1653543307086" HPOS="658.7716535433071"/>
            <String HEIGHT="30.89763779527559" WIDTH="74.26771653543307" VPOS="1221.1653543307086" HPOS="621.3543307086615" CONTENT="la" ID="tl_38_7" STYLEREFS="FONT0"/>
            <SP HEIGHT="30.89763779527559" WIDTH="12.472440944881889" VPOS="1221.1653543307086" HPOS="695.9055118110236"/>
            <String HEIGHT="30.89763779527559" WIDTH="111.4015748031496" VPOS="1221.1653543307086" HPOS="658.7716535433071" CONTENT="place" ID="tl_38_8" STYLEREFS="FONT0"/>
            <SP HEIGHT="30.89763779527559" WIDTH="12.472440944881889" VPOS="1221.1653543307086" HPOS="770.1732283464567"/>
            <String HEIGHT="30.89763779527559" WIDTH="74.26771653543307" VPOS="1221.1653543307086" HPOS="733.0393700787401" CONTENT="de" ID="tl_38_9" STYLEREFS="FONT0"/>
            <SP HEIGHT="30.89763779527559" WIDTH="12.472440944881889" VPOS="1221.1653543307086" HPOS="807.3070866141733"/>
            <String HEIGHT="30.89763779527559" WIDTH="173.48031496062993" VPOS="1221.1653543307086" HPOS="770.1732283464567" CONTENT="professeur" ID="tl_38_10" STYLEREFS="FONT0"/>
            <SP HEIGHT="30.89763779527559" WIDTH="12.472440944881889" VPOS="1221.1653543307086" HPOS="943.3700787401575"/>
            <String HEIGHT="30.89763779527559" WIDTH="74.26771653543307" VPOS="1221.1653543307086" HPOS="906.2362204724409" CONTENT="de" ID="tl_38_11" STYLEREFS="FONT0"/>
            <SP HEIGHT="30.89763779527559" WIDTH="12.472440944881889" VPOS="1221.1653543307086" HPOS="980.503937007874"/>
            <String HEIGHT="30.89763779527559" WIDTH="98.92913385826772" VPOS="1221.1653543307086" HPOS="931.1811023622047" CONTENT="chimie" ID="tl_38_12" STYLEREFS="FONT0"/>
          </TextLine>
          <TextLine ID="tl_39" BASELINE="4511" HEIGHT="29.763779527559056" WIDTH="779.8110236220473" VPOS="1248.9448818897638" HPOS="250.58267716535434">
            <String HEIGHT="29.763779527559056" WIDTH="73.13385826771653" VPOS="1248.9448818897638" HPOS="238.39370078740157" CONTENT="au" ID="tl_39_1" STYLEREFS="FONT0"/>
            <SP HEIGHT="29.763779527559056" WIDTH="12.188976377952756" VPOS="1248.9448818897638" HPOS="311.5275590551181"/>
            <String HEIGHT="29.763779527559056" WIDTH="134.07874015748033" VPOS="1248.9448818897638" HPOS="274.96062992125985" CONTENT="Collège" ID="tl_39_2" STYLEREFS="FONT0"/>
            <SP HEIGHT="29.763779527559056" WIDTH="12.188976377952756" VPOS="1248.9448818897638" HPOS="409.03937007874015"/>
            <String HEIGHT="29.763779527559056" WIDTH="73.13385826771653" VPOS="1248.9448818897638" HPOS="372.4724409448819" CONTENT="de" ID="tl_39_3" STYLEREFS="FONT0"/>
            <SP HEIGHT="29.763779527559056" WIDTH="12.188976377952756" VPOS="1248.9448818897638" HPOS="445.6062992125984"/>
            <String HEIGHT="29.763779527559056" WIDTH="134.07874015748033" VPOS="1248.9448818897638" HPOS="409.03937007874015" CONTENT="France." ID="tl_39_4" STYLEREFS="FONT0"/>
            <SP HEIGHT="29.763779527559056" WIDTH="12.188976377952756" VPOS="1248.9448818897638" HPOS="543.1181102362204"/>
            <String HEIGHT="29.763779527559056" WIDTH="121.88976377952756" VPOS="1248.9448818897638" HPOS="506.5511811023622" CONTENT="Quitt." ID="tl_39_5" STYLEREFS="FONT0"/>
            <SP HEIGHT="29.763779527559056" WIDTH="12.188976377952756" VPOS="1248.9448818897638" HPOS="628.4409448818898"/>
            <String HEIGHT="29.763779527559056" WIDTH="97.51181102362204" VPOS="1248.9448818897638" HPOS="591.8740157480315" CONTENT="sig." ID="tl_39_6" STYLEREFS="FONT0"/>
            <SP HEIGHT="29.763779527559056" WIDTH="12.188976377952756" VPOS="1248.9448818897638" HPOS="689.1023622047244"/>
            <String HEIGHT="29.763779527559056" WIDTH="97.51181102362204" VPOS="1248.9448818897638" HPOS="652.5354330708661" CONTENT="(sur" ID="tl_39_7" STYLEREFS="FONT0"/>
            <SP HEIGHT="29.763779527559056" WIDTH="12.188976377952756" VPOS="1248.9448818897638" HPOS="750.0472440944882"/>
            <String HEIGHT="29.763779527559056" WIDTH="121.88976377952756" VPOS="1248.9448818897638" HPOS="713.4803149606299" CONTENT="parch)" ID="tl_39_8" STYLEREFS="FONT0"/>
            <SP HEIGHT="29.763779527559056" WIDTH="12.188976377952756" VPOS="1248.9448818897638" HPOS="835.3700787401575"/>
            <String HEIGHT="29.763779527559056" WIDTH="73.13385826771653" VPOS="1248.9448818897638" HPOS="798.8031496062993" CONTENT="19" ID="tl_39_9" STYLEREFS="FONT0"/>
            <SP HEIGHT="29.763779527559056" WIDTH="12.188976377952756" VPOS="1248.9448818897638" HPOS="871.9370078740158"/>
            <String HEIGHT="29.763779527559056" WIDTH="97.51181102362204" VPOS="1248.9448818897638" HPOS="835.3700787401575" CONTENT="déc." ID="tl_39_10" STYLEREFS="FONT0"/>
            <SP HEIGHT="29.763779527559056" WIDTH="12.188976377952756" VPOS="1248.9448818897638" HPOS="932.8818897637796"/>
            <String HEIGHT="29.763779527559056" WIDTH="109.7007874015748" VPOS="1248.9448818897638" HPOS="896.3149606299213" CONTENT="1693." ID="tl_39_11" STYLEREFS="FONT0"/>
            <SP HEIGHT="29.763779527559056" WIDTH="12.188976377952756" VPOS="1248.9448818897638" HPOS="1006.0157480314961"/>
            <String HEIGHT="29.763779527559056" WIDTH="60.94488188976378" VPOS="1248.9448818897638" HPOS="969.4488188976378" CONTENT="2" ID="tl_39_12" STYLEREFS="FONT0"/>
            <SP HEIGHT="29.763779527559056" WIDTH="12.188976377952756" VPOS="1248.9448818897638" HPOS="1030.3937007874015"/>
            <String HEIGHT="29.763779527559056" WIDTH="48.75590551181102" VPOS="1248.9448818897638" HPOS="981.6377952755905" CONTENT="50" ID="tl_39_13" STYLEREFS="FONT0"/>
          </TextLine>
        </TextBlock>
        <TextBlock ID="r_2_20" HEIGHT="29.19685039370079" WIDTH="803.3385826771654" VPOS="1278.708661417323" HPOS="227.33858267716536">
          <TextLine ID="tl_40" BASELINE="4613" HEIGHT="28.62992125984252" WIDTH="802.7716535433071" VPOS="1278.992125984252" HPOS="227.6220472440945">
            <String HEIGHT="28.62992125984252" WIDTH="87.8740157480315" VPOS="1278.992125984252" HPOS="216.56692913385828" CONTENT="165." ID="tl_40_1" STYLEREFS="FONT0"/>
            <SP HEIGHT="28.62992125984252" WIDTH="11.05511811023622" VPOS="1278.992125984252" HPOS="304.7244094488189"/>
            <String HEIGHT="28.62992125984252" WIDTH="197.85826771653544" VPOS="1278.992125984252" HPOS="271.5590551181102" CONTENT="Bergier" ID="tl_40_2" STYLEREFS="FONT1"/>
            <SP HEIGHT="28.62992125984252" WIDTH="11.05511811023622" VPOS="1278.992125984252" HPOS="469.4173228346457"/>
            <String HEIGHT="28.62992125984252" WIDTH="121.03937007874016" VPOS="1278.992125984252" HPOS="436.53543307086613" CONTENT="(l’abbé" ID="tl_40_3" STYLEREFS="FONT0"/>
            <SP HEIGHT="28.62992125984252" WIDTH="11.05511811023622" VPOS="1278.992125984252" HPOS="557.5748031496063"/>
            <String HEIGHT="28.62992125984252" WIDTH="252.8503937007874" VPOS="1278.992125984252" HPOS="524.4094488188977" CONTENT="Nicolas-Sylvestre)," ID="tl_40_4" STYLEREFS="FONT0"/>
            <SP HEIGHT="28.62992125984252" WIDTH="11.05511811023622" VPOS="1278.992125984252" HPOS="777.5433070866142"/>
            <String HEIGHT="28.62992125984252" WIDTH="153.92125984251967" VPOS="1278.992125984252" HPOS="744.3779527559055" CONTENT="confesseur" ID="tl_40_5" STYLEREFS="FONT0"/>
            <SP HEIGHT="28.62992125984252" WIDTH="11.05511811023622" VPOS="1278.992125984252" HPOS="898.2992125984252"/>
            <String HEIGHT="28.62992125984252" WIDTH="66.04724409448819" VPOS="1278.992125984252" HPOS="865.4173228346457" CONTENT="du" ID="tl_40_6" STYLEREFS="FONT0"/>
            <SP HEIGHT="28.62992125984252" WIDTH="11.05511811023622" VPOS="1278.992125984252" HPOS="931.4645669291339"/>
            <String HEIGHT="28.62992125984252" WIDTH="87.8740157480315" VPOS="1278.992125984252" HPOS="898.2992125984252" CONTENT="roi," ID="tl_40_7" STYLEREFS="FONT0"/>
            <SP HEIGHT="28.62992125984252" WIDTH="11.05511811023622" VPOS="1278.992125984252" HPOS="986.4566929133858"/>
            <String HEIGHT="28.62992125984252" WIDTH="87.8740157480315" VPOS="1278.992125984252" HPOS="942.5196850393701" CONTENT="auteur" ID="tl_40_8" STYLEREFS="FONT0"/>
          </TextLine>
        </TextBlock>
        <TextBlock ID="r_2_21" HEIGHT="82.77165354330708" WIDTH="777.8267716535433" VPOS="1306.2047244094488" HPOS="250.58267716535434">
          <TextLine ID="tl_41" BASELINE="4711" HEIGHT="28.913385826771652" WIDTH="776.6929133858267" VPOS="1306.4881889763778" HPOS="250.86614173228347">
            <String HEIGHT="28.913385826771652" WIDTH="63.77952755905512" VPOS="1306.4881889763778" HPOS="240.09448818897638" CONTENT="du" ID="tl_41_1" STYLEREFS="FONT0"/>
            <SP HEIGHT="28.913385826771652" WIDTH="10.771653543307087" VPOS="1306.4881889763778" HPOS="304.15748031496065"/>
            <String HEIGHT="28.913385826771652" WIDTH="202.11023622047244" VPOS="1306.4881889763778" HPOS="272.12598425196853" CONTENT="Dictionnaire" ID="tl_41_2" STYLEREFS="FONT2"/>
            <SP HEIGHT="28.913385826771652" WIDTH="10.771653543307087" VPOS="1306.4881889763778" HPOS="474.23622047244095"/>
            <String HEIGHT="28.913385826771652" WIDTH="63.77952755905512" VPOS="1306.4881889763778" HPOS="442.48818897637796" CONTENT="de" ID="tl_41_3" STYLEREFS="FONT2"/>
            <SP HEIGHT="28.913385826771652" WIDTH="10.771653543307087" VPOS="1306.4881889763778" HPOS="506.26771653543307"/>
            <String HEIGHT="28.913385826771652" WIDTH="180.8503937007874" VPOS="1306.4881889763778" HPOS="474.23622047244095" CONTENT="théologie" ID="tl_41_4" STYLEREFS="FONT2"/>
            <SP HEIGHT="28.913385826771652" WIDTH="10.771653543307087" VPOS="1306.4881889763778" HPOS="655.0866141732283"/>
            <String HEIGHT="28.913385826771652" WIDTH="63.77952755905512" VPOS="1306.4881889763778" HPOS="623.3385826771654" CONTENT="de" ID="tl_41_5" STYLEREFS="FONT0"/>
            <SP HEIGHT="28.913385826771652" WIDTH="10.771653543307087" VPOS="1306.4881889763778" HPOS="687.1181102362204"/>
            <String HEIGHT="28.913385826771652" WIDTH="191.6220472440945" VPOS="1306.4881889763778" HPOS="655.0866141732283" CONTENT="l’encyclopédie" ID="tl_41_6" STYLEREFS="FONT0"/>
            <SP HEIGHT="28.913385826771652" WIDTH="10.771653543307087" VPOS="1306.4881889763778" HPOS="846.7086614173228"/>
            <String HEIGHT="28.913385826771652" WIDTH="159.59055118110237" VPOS="1306.4881889763778" HPOS="814.6771653543307" CONTENT="méthodique," ID="tl_41_7" STYLEREFS="FONT0"/>
            <SP HEIGHT="28.913385826771652" WIDTH="10.771653543307087" VPOS="1306.4881889763778" HPOS="974.2677165354331"/>
            <String HEIGHT="28.913385826771652" WIDTH="85.03937007874016" VPOS="1306.4881889763778" HPOS="942.5196850393701" CONTENT="etc." ID="tl_41_8" STYLEREFS="FONT0"/>
            <SP HEIGHT="28.913385826771652" WIDTH="10.771653543307087" VPOS="1306.4881889763778" HPOS="1027.5590551181103"/>
            <String HEIGHT="28.913385826771652" WIDTH="42.51968503937008" VPOS="1306.4881889763778" HPOS="985.0393700787401" CONTENT="L." ID="tl_41_9" STYLEREFS="FONT0"/>
          </TextLine>
          <TextLine ID="tl_42" BASELINE="4805" HEIGHT="29.19685039370079" WIDTH="777.2598425196851" VPOS="1332.8503937007874" HPOS="250.86614173228347">
            <String HEIGHT="29.19685039370079" WIDTH="97.22834645669292" VPOS="1332.8503937007874" HPOS="238.6771653543307" CONTENT="aut." ID="tl_42_1" STYLEREFS="FONT0"/>
            <SP HEIGHT="29.19685039370079" WIDTH="12.188976377952756" VPOS="1332.8503937007874" HPOS="335.90551181102364"/>
            <String HEIGHT="29.19685039370079" WIDTH="109.41732283464567" VPOS="1332.8503937007874" HPOS="299.33858267716533" CONTENT="sig.," ID="tl_42_2" STYLEREFS="FONT0"/>
            <SP HEIGHT="29.19685039370079" WIDTH="12.188976377952756" VPOS="1332.8503937007874" HPOS="408.755905511811"/>
            <String HEIGHT="29.19685039370079" WIDTH="60.661417322834644" VPOS="1332.8503937007874" HPOS="372.18897637795277" CONTENT="à" ID="tl_42_3" STYLEREFS="FONT0"/>
            <SP HEIGHT="29.19685039370079" WIDTH="12.188976377952756" VPOS="1332.8503937007874" HPOS="433.13385826771656"/>
            <String HEIGHT="29.19685039370079" WIDTH="157.88976377952756" VPOS="1332.8503937007874" HPOS="396.56692913385825" CONTENT="Bernardin" ID="tl_42_4" STYLEREFS="FONT0"/>
            <SP HEIGHT="29.19685039370079" WIDTH="12.188976377952756" VPOS="1332.8503937007874" HPOS="554.4566929133858"/>
            <String HEIGHT="29.19685039370079" WIDTH="72.85039370078741" VPOS="1332.8503937007874" HPOS="518.1732283464567" CONTENT="de" ID="tl_42_5" STYLEREFS="FONT0"/>
            <SP HEIGHT="29.19685039370079" WIDTH="12.188976377952756" VPOS="1332.8503937007874" HPOS="591.0236220472441"/>
            <String HEIGHT="29.19685039370079" WIDTH="206.36220472440945" VPOS="1332.8503937007874" HPOS="554.4566929133858" CONTENT="Saint-Pierre." ID="tl_42_6" STYLEREFS="FONT0"/>
            <SP HEIGHT="29.19685039370079" WIDTH="12.188976377952756" VPOS="1332.8503937007874" HPOS="760.8188976377953"/>
            <String HEIGHT="29.19685039370079" WIDTH="182.26771653543307" VPOS="1332.8503937007874" HPOS="724.5354330708661" CONTENT="Versailles," ID="tl_42_7" STYLEREFS="FONT0"/>
            <SP HEIGHT="29.19685039370079" WIDTH="12.188976377952756" VPOS="1332.8503937007874" HPOS="906.8031496062993"/>
            <String HEIGHT="29.19685039370079" WIDTH="60.661417322834644" VPOS="1332.8503937007874" HPOS="870.2362204724409" CONTENT="2" ID="tl_42_8" STYLEREFS="FONT0"/>
            <SP HEIGHT="29.19685039370079" WIDTH="12.188976377952756" VPOS="1332.8503937007874" HPOS="930.8976377952756"/>
            <String HEIGHT="29.19685039370079" WIDTH="97.22834645669292" VPOS="1332.8503937007874" HPOS="894.6141732283464" CONTENT="mars" ID="tl_42_9" STYLEREFS="FONT0"/>
            <SP HEIGHT="29.19685039370079" WIDTH="12.188976377952756" VPOS="1332.8503937007874" HPOS="991.5590551181102"/>
            <String HEIGHT="29.19685039370079" WIDTH="85.03937007874016" VPOS="1332.8503937007874" HPOS="943.0866141732283" CONTENT="1778." ID="tl_42_10" STYLEREFS="FONT0"/>
          </TextLine>
          <TextLine ID="line_1586094404942_1759" BASELINE="4887" HEIGHT="27.77952755905512" WIDTH="776.9763779527559" VPOS="1357.5118110236222" HPOS="250.01574803149606">
            <String HEIGHT="27.77952755905512" WIDTH="149.38582677165354" VPOS="1357.5118110236222" HPOS="220.251968503937" CONTENT="1" ID="line_1586094404942_1759_1" STYLEREFS="FONT0"/>
            <SP HEIGHT="27.77952755905512" WIDTH="29.763779527559056" VPOS="1357.5118110236222" HPOS="369.6377952755906"/>
            <String HEIGHT="27.77952755905512" WIDTH="179.43307086614172" VPOS="1357.5118110236222" HPOS="279.7795275590551" CONTENT="p." ID="line_1586094404942_1759_2" STYLEREFS="FONT0"/>
            <SP HEIGHT="27.77952755905512" WIDTH="29.763779527559056" VPOS="1357.5118110236222" HPOS="459.21259842519686"/>
            <String HEIGHT="27.77952755905512" WIDTH="209.1968503937008" VPOS="1357.5118110236222" HPOS="369.6377952755906" CONTENT="pl." ID="line_1586094404942_1759_3" STYLEREFS="FONT0"/>
            <SP HEIGHT="27.77952755905512" WIDTH="29.763779527559056" VPOS="1357.5118110236222" HPOS="578.8346456692914"/>
            <String HEIGHT="27.77952755905512" WIDTH="269.00787401574803" VPOS="1357.5118110236222" HPOS="488.9763779527559" CONTENT="in-4." ID="line_1586094404942_1759_4" STYLEREFS="FONT0"/>
            <SP HEIGHT="27.77952755905512" WIDTH="29.763779527559056" VPOS="1357.5118110236222" HPOS="757.9842519685039"/>
            <String HEIGHT="27.77952755905512" WIDTH="328.81889763779526" VPOS="1357.5118110236222" HPOS="668.4094488188977" CONTENT="Cachet." ID="line_1586094404942_1759_5" STYLEREFS="FONT0"/>
            <SP HEIGHT="27.77952755905512" WIDTH="29.763779527559056" VPOS="1357.5118110236222" HPOS="997.2283464566929"/>
            <String HEIGHT="27.77952755905512" WIDTH="149.38582677165354" VPOS="1357.5118110236222" HPOS="907.3700787401575" CONTENT="6" ID="line_1586094404942_1759_6" STYLEREFS="FONT0"/>
            <SP HEIGHT="27.77952755905512" WIDTH="29.763779527559056" VPOS="1357.5118110236222" HPOS="1056.755905511811"/>
            <String HEIGHT="27.77952755905512" WIDTH="89.5748031496063" VPOS="1357.5118110236222" HPOS="937.4173228346457" CONTENT="»" ID="line_1586094404942_1759_7" STYLEREFS="FONT0"/>
          </TextLine>
        </TextBlock>
        <TextBlock ID="r_2_22" HEIGHT="83.62204724409449" WIDTH="806.4566929133858" VPOS="1386.992125984252" HPOS="223.93700787401573">
          <TextLine ID="tl_44" BASELINE="4995" HEIGHT="28.62992125984252" WIDTH="805.8897637795276" VPOS="1387.275590551181" HPOS="224.2204724409449">
            <String HEIGHT="28.62992125984252" WIDTH="80.50393700787401" VPOS="1387.275590551181" HPOS="212.5984251968504" CONTENT="166" ID="tl_44_1" STYLEREFS="FONT0"/>
            <SP HEIGHT="28.62992125984252" WIDTH="11.622047244094489" VPOS="1387.275590551181" HPOS="293.38582677165357"/>
            <String HEIGHT="28.62992125984252" WIDTH="241.79527559055117" VPOS="1387.275590551181" HPOS="258.8031496062992" CONTENT="Berthereau" ID="tl_44_2" STYLEREFS="FONT1"/>
            <SP HEIGHT="28.62992125984252" WIDTH="11.622047244094489" VPOS="1387.275590551181" HPOS="500.59842519685037"/>
            <String HEIGHT="28.62992125984252" WIDTH="230.17322834645668" VPOS="1387.275590551181" HPOS="466.01574803149606" CONTENT="(Jean-François)," ID="tl_44_3" STYLEREFS="FONT0"/>
            <SP HEIGHT="28.62992125984252" WIDTH="11.622047244094489" VPOS="1387.275590551181" HPOS="696.1889763779527"/>
            <String HEIGHT="28.62992125984252" WIDTH="172.62992125984252" VPOS="1387.275590551181" HPOS="661.6062992125984" CONTENT="bénédictin," ID="tl_44_4" STYLEREFS="FONT0"/>
            <SP HEIGHT="28.62992125984252" WIDTH="11.622047244094489" VPOS="1387.275590551181" HPOS="834.5196850393701"/>
            <String HEIGHT="28.62992125984252" WIDTH="149.66929133858267" VPOS="1387.275590551181" HPOS="799.9370078740158" CONTENT="travailla" ID="tl_44_5" STYLEREFS="FONT0"/>
            <SP HEIGHT="28.62992125984252" WIDTH="11.622047244094489" VPOS="1387.275590551181" HPOS="949.6062992125984"/>
            <String HEIGHT="28.62992125984252" WIDTH="57.54330708661417" VPOS="1387.275590551181" HPOS="915.0236220472441" CONTENT="à" ID="tl_44_6" STYLEREFS="FONT0"/>
            <SP HEIGHT="28.62992125984252" WIDTH="11.622047244094489" VPOS="1387.275590551181" HPOS="972.5669291338583"/>
            <String HEIGHT="28.62992125984252" WIDTH="69.16535433070867" VPOS="1387.275590551181" HPOS="937.9842519685039" CONTENT="la" ID="tl_44_7" STYLEREFS="FONT0"/>
            <SP HEIGHT="28.62992125984252" WIDTH="11.622047244094489" VPOS="1387.275590551181" HPOS="1007.1496062992126"/>
            <String HEIGHT="28.62992125984252" WIDTH="69.16535433070867" VPOS="1387.275590551181" HPOS="960.9448818897638" CONTENT="col" SUBS_TYPE="HypPart1" SUBS_CONTENT="collection" ID="tl_44_8" STYLEREFS="FONT0"/>
            <HYP CONTENT="-"/>
          </TextLine>
          <TextLine ID="tl_45" BASELINE="5097" HEIGHT="30.330708661417322" WIDTH="778.9606299212599" VPOS="1414.4881889763778" HPOS="251.1496062992126">
            <String HEIGHT="30.330708661417322" WIDTH="112.81889763779527" VPOS="1414.4881889763778" HPOS="240.9448818897638" CONTENT="lection" SUBS_TYPE="HypPart2" SUBS_CONTENT="collection" ID="tl_45_1" STYLEREFS="FONT0"/>
            <SP HEIGHT="30.330708661417322" WIDTH="10.204724409448819" VPOS="1414.4881889763778" HPOS="353.76377952755905"/>
            <String HEIGHT="30.330708661417322" WIDTH="71.71653543307086" VPOS="1414.4881889763778" HPOS="322.86614173228344" CONTENT="des" ID="tl_45_2" STYLEREFS="FONT0"/>
            <SP HEIGHT="30.330708661417322" WIDTH="10.204724409448819" VPOS="1414.4881889763778" HPOS="394.5826771653543"/>
            <String HEIGHT="30.330708661417322" WIDTH="174.33070866141733" VPOS="1414.4881889763778" HPOS="363.9685039370079" CONTENT="Historiens" ID="tl_45_3" STYLEREFS="FONT2"/>
            <SP HEIGHT="30.330708661417322" WIDTH="10.204724409448819" VPOS="1414.4881889763778" HPOS="538.0157480314961"/>
            <String HEIGHT="30.330708661417322" WIDTH="61.511811023622045" VPOS="1414.4881889763778" HPOS="507.40157480314963" CONTENT="de" ID="tl_45_4" STYLEREFS="FONT2"/>
            <SP HEIGHT="30.330708661417322" WIDTH="10.204724409448819" VPOS="1414.4881889763778" HPOS="568.9133858267717"/>
            <String HEIGHT="30.330708661417322" WIDTH="153.63779527559055" VPOS="1414.4881889763778" HPOS="538.0157480314961" CONTENT="France," ID="tl_45_5" STYLEREFS="FONT2"/>
            <SP HEIGHT="30.330708661417322" WIDTH="10.204724409448819" VPOS="1414.4881889763778" HPOS="691.9370078740158"/>
            <String HEIGHT="30.330708661417322" WIDTH="81.92125984251969" VPOS="1414.4881889763778" HPOS="661.0393700787401" CONTENT="etc." ID="tl_45_6" STYLEREFS="FONT0"/>
            <SP HEIGHT="30.330708661417322" WIDTH="10.204724409448819" VPOS="1414.4881889763778" HPOS="743.2440944881889"/>
            <String HEIGHT="30.330708661417322" WIDTH="61.511811023622045" VPOS="1414.4881889763778" HPOS="712.3464566929134" CONTENT="L." ID="tl_45_7" STYLEREFS="FONT0"/>
            <SP HEIGHT="30.330708661417322" WIDTH="10.204724409448819" VPOS="1414.4881889763778" HPOS="773.8582677165355"/>
            <String HEIGHT="30.330708661417322" WIDTH="81.92125984251969" VPOS="1414.4881889763778" HPOS="743.2440944881889" CONTENT="aut." ID="tl_45_8" STYLEREFS="FONT0"/>
            <SP HEIGHT="30.330708661417322" WIDTH="10.204724409448819" VPOS="1414.4881889763778" HPOS="825.1653543307086"/>
            <String HEIGHT="30.330708661417322" WIDTH="92.1259842519685" VPOS="1414.4881889763778" HPOS="794.2677165354331" CONTENT="sig.," ID="tl_45_9" STYLEREFS="FONT0"/>
            <SP HEIGHT="30.330708661417322" WIDTH="10.204724409448819" VPOS="1414.4881889763778" HPOS="886.6771653543307"/>
            <String HEIGHT="30.330708661417322" WIDTH="51.30708661417323" VPOS="1414.4881889763778" HPOS="855.7795275590552" CONTENT="à" ID="tl_45_10" STYLEREFS="FONT0"/>
            <SP HEIGHT="30.330708661417322" WIDTH="10.204724409448819" VPOS="1414.4881889763778" HPOS="907.0866141732283"/>
            <String HEIGHT="30.330708661417322" WIDTH="102.61417322834646" VPOS="1414.4881889763778" HPOS="876.4724409448819" CONTENT="l'abbé" ID="tl_45_11" STYLEREFS="FONT0"/>
            <SP HEIGHT="30.330708661417322" WIDTH="10.204724409448819" VPOS="1414.4881889763778" HPOS="978.8031496062993"/>
            <String HEIGHT="30.330708661417322" WIDTH="92.1259842519685" VPOS="1414.4881889763778" HPOS="937.9842519685039" CONTENT="Mercier" ID="tl_45_12" STYLEREFS="FONT0"/>
          </TextLine>
          <TextLine ID="tl_46" BASELINE="5187" HEIGHT="29.763779527559056" WIDTH="778.9606299212599" VPOS="1440.5669291338584" HPOS="250.01574803149606">
            <String HEIGHT="29.763779527559056" WIDTH="137.48031496062993" VPOS="1440.5669291338584" HPOS="227.0551181102362" CONTENT="de" ID="tl_46_1" STYLEREFS="FONT0"/>
            <SP HEIGHT="29.763779527559056" WIDTH="22.96062992125984" VPOS="1440.5669291338584" HPOS="364.53543307086613"/>
            <String HEIGHT="29.763779527559056" WIDTH="297.9212598425197" VPOS="1440.5669291338584" HPOS="295.93700787401576" CONTENT="St-Léger," ID="tl_46_2" STYLEREFS="FONT0"/>
            <SP HEIGHT="29.763779527559056" WIDTH="22.96062992125984" VPOS="1440.5669291338584" HPOS="593.5748031496063"/>
            <String HEIGHT="29.763779527559056" WIDTH="206.07874015748033" VPOS="1440.5669291338584" HPOS="524.9763779527559" CONTENT="1771." ID="tl_46_3" STYLEREFS="FONT0"/>
            <SP HEIGHT="29.763779527559056" WIDTH="22.96062992125984" VPOS="1440.5669291338584" HPOS="731.0551181102362"/>
            <String HEIGHT="29.763779527559056" WIDTH="114.51968503937007" VPOS="1440.5669291338584" HPOS="662.4566929133858" CONTENT="2" ID="tl_46_4" STYLEREFS="FONT0"/>
            <SP HEIGHT="29.763779527559056" WIDTH="22.96062992125984" VPOS="1440.5669291338584" HPOS="776.9763779527559"/>
            <String HEIGHT="29.763779527559056" WIDTH="137.48031496062993" VPOS="1440.5669291338584" HPOS="708.0944881889764" CONTENT="p." ID="tl_46_5" STYLEREFS="FONT0"/>
            <SP HEIGHT="29.763779527559056" WIDTH="22.96062992125984" VPOS="1440.5669291338584" HPOS="845.5748031496063"/>
            <String HEIGHT="29.763779527559056" WIDTH="206.07874015748033" VPOS="1440.5669291338584" HPOS="776.9763779527559" CONTENT="in-4." ID="tl_46_6" STYLEREFS="FONT0"/>
            <SP HEIGHT="29.763779527559056" WIDTH="22.96062992125984" VPOS="1440.5669291338584" HPOS="983.0551181102362"/>
            <String HEIGHT="29.763779527559056" WIDTH="114.51968503937007" VPOS="1440.5669291338584" HPOS="914.4566929133858" CONTENT="4" ID="tl_46_7" STYLEREFS="FONT0"/>
            <SP HEIGHT="29.763779527559056" WIDTH="22.96062992125984" VPOS="1440.5669291338584" HPOS="1028.976377952756"/>
            <String HEIGHT="29.763779527559056" WIDTH="91.55905511811024" VPOS="1440.5669291338584" HPOS="937.4173228346457" CONTENT="50" ID="tl_46_8" STYLEREFS="FONT0"/>
          </TextLine>
        </TextBlock>
        <TextBlock ID="r_2_23" HEIGHT="30.330708661417322" WIDTH="806.7401574803149" VPOS="1471.4645669291338" HPOS="221.95275590551182">
          <TextLine ID="tl_47" BASELINE="5297" HEIGHT="29.763779527559056" WIDTH="806.1732283464567" VPOS="1471.748031496063" HPOS="222.23622047244095">
            <String HEIGHT="29.763779527559056" WIDTH="85.88976377952756" VPOS="1471.748031496063" HPOS="211.46456692913387" CONTENT="167." ID="tl_47_1" STYLEREFS="FONT0"/>
            <SP HEIGHT="29.763779527559056" WIDTH="10.771653543307087" VPOS="1471.748031496063" HPOS="297.3543307086614"/>
            <String HEIGHT="29.763779527559056" WIDTH="204.09448818897638" VPOS="1471.748031496063" HPOS="265.3228346456693" CONTENT="Berthier" ID="tl_47_2" STYLEREFS="FONT1"/>
            <SP HEIGHT="29.763779527559056" WIDTH="10.771653543307087" VPOS="1471.748031496063" HPOS="469.4173228346457"/>
            <String HEIGHT="29.763779527559056" WIDTH="75.11811023622047" VPOS="1471.748031496063" HPOS="437.1023622047244" CONTENT="(le" ID="tl_47_3" STYLEREFS="FONT0"/>
            <SP HEIGHT="29.763779527559056" WIDTH="10.771653543307087" VPOS="1471.748031496063" HPOS="512.503937007874"/>
            <String HEIGHT="29.763779527559056" WIDTH="128.9763779527559" VPOS="1471.748031496063" HPOS="480.18897637795277" CONTENT="maréchal" ID="tl_47_4" STYLEREFS="FONT0"/>
            <SP HEIGHT="29.763779527559056" WIDTH="10.771653543307087" VPOS="1471.748031496063" HPOS="609.1653543307086"/>
            <String HEIGHT="29.763779527559056" WIDTH="161.29133858267716" VPOS="1471.748031496063" HPOS="576.8503937007874" CONTENT="Alexandre)," ID="tl_47_5" STYLEREFS="FONT0"/>
            <SP HEIGHT="29.763779527559056" WIDTH="10.771653543307087" VPOS="1471.748031496063" HPOS="738.1417322834645"/>
            <String HEIGHT="29.763779527559056" WIDTH="107.43307086614173" VPOS="1471.748031496063" HPOS="705.8267716535433" CONTENT="prince" ID="tl_47_6" STYLEREFS="FONT0"/>
            <SP HEIGHT="29.763779527559056" WIDTH="10.771653543307087" VPOS="1471.748031496063" HPOS="813.5433070866142"/>
            <String HEIGHT="29.763779527559056" WIDTH="64.62992125984252" VPOS="1471.748031496063" HPOS="781.2283464566929" CONTENT="de" ID="tl_47_7" STYLEREFS="FONT0"/>
            <SP HEIGHT="29.763779527559056" WIDTH="10.771653543307087" VPOS="1471.748031496063" HPOS="845.5748031496063"/>
            <String HEIGHT="29.763779527559056" WIDTH="193.60629921259843" VPOS="1471.748031496063" HPOS="813.5433070866142" CONTENT="Wagram." ID="tl_47_8" STYLEREFS="FONT2"/>
            <SP HEIGHT="29.763779527559056" WIDTH="10.771653543307087" VPOS="1471.748031496063" HPOS="1006.8661417322835"/>
            <String HEIGHT="29.763779527559056" WIDTH="64.62992125984252" VPOS="1471.748031496063" HPOS="974.5511811023622" CONTENT="Né" ID="tl_47_9" STYLEREFS="FONT0"/>
            <SP HEIGHT="29.763779527559056" WIDTH="10.771653543307087" VPOS="1471.748031496063" HPOS="1039.1811023622047"/>
            <String HEIGHT="29.763779527559056" WIDTH="32.31496062992126" VPOS="1471.748031496063" HPOS="996.0944881889764" CONTENT="à" ID="tl_47_10" STYLEREFS="FONT0"/>
          </TextLine>
        </TextBlock>
        <TextBlock ID="r_2_24" HEIGHT="51.59055118110236" WIDTH="780.6614173228346" VPOS="1497.8267716535433" HPOS="248.88188976377953">
          <TextLine ID="tl_48" BASELINE="5393" HEIGHT="30.614173228346456" WIDTH="775.8425196850394" VPOS="1498.1102362204724" HPOS="251.71653543307087">
            <String HEIGHT="30.614173228346456" WIDTH="210.61417322834646" VPOS="1498.1102362204724" HPOS="242.07874015748033" CONTENT="Versailles." ID="tl_48_1" STYLEREFS="FONT2"/>
            <SP HEIGHT="30.614173228346456" WIDTH="9.637795275590552" VPOS="1498.1102362204724" HPOS="452.9763779527559"/>
            <String HEIGHT="30.614173228346456" WIDTH="86.1732283464567" VPOS="1498.1102362204724" HPOS="424.06299212598424" CONTENT="Ordre" ID="tl_48_2" STYLEREFS="FONT0"/>
            <SP HEIGHT="30.614173228346456" WIDTH="9.637795275590552" VPOS="1498.1102362204724" HPOS="510.23622047244095"/>
            <String HEIGHT="30.614173228346456" WIDTH="76.53543307086615" VPOS="1498.1102362204724" HPOS="481.6062992125984" CONTENT="aut." ID="tl_48_3" STYLEREFS="FONT0"/>
            <SP HEIGHT="30.614173228346456" WIDTH="9.637795275590552" VPOS="1498.1102362204724" HPOS="558.1417322834645"/>
            <String HEIGHT="30.614173228346456" WIDTH="76.53543307086615" VPOS="1498.1102362204724" HPOS="529.511811023622" CONTENT="sig." ID="tl_48_4" STYLEREFS="FONT0"/>
            <SP HEIGHT="30.614173228346456" WIDTH="9.637795275590552" VPOS="1498.1102362204724" HPOS="606.0472440944882"/>
            <String HEIGHT="30.614173228346456" WIDTH="201.25984251968504" VPOS="1498.1102362204724" HPOS="577.4173228346457" CONTENT="Alexandre." ID="tl_48_5" STYLEREFS="FONT2"/>
            <SP HEIGHT="30.614173228346456" WIDTH="9.637795275590552" VPOS="1498.1102362204724" HPOS="778.3937007874016"/>
            <String HEIGHT="30.614173228346456" WIDTH="95.81102362204724" VPOS="1498.1102362204724" HPOS="749.7637795275591" CONTENT="Paris," ID="tl_48_6" STYLEREFS="FONT0"/>
            <SP HEIGHT="30.614173228346456" WIDTH="9.637795275590552" VPOS="1498.1102362204724" HPOS="845.5748031496063"/>
            <String HEIGHT="30.614173228346456" WIDTH="57.54330708661417" VPOS="1498.1102362204724" HPOS="816.9448818897638" CONTENT="19" ID="tl_48_7" STYLEREFS="FONT0"/>
            <SP HEIGHT="30.614173228346456" WIDTH="9.637795275590552" VPOS="1498.1102362204724" HPOS="874.2047244094488"/>
            <String HEIGHT="30.614173228346456" WIDTH="105.44881889763779" VPOS="1498.1102362204724" HPOS="845.5748031496063" CONTENT="juillet" ID="tl_48_8" STYLEREFS="FONT0"/>
            <SP HEIGHT="30.614173228346456" WIDTH="9.637795275590552" VPOS="1498.1102362204724" HPOS="951.0236220472441"/>
            <String HEIGHT="30.614173228346456" WIDTH="86.1732283464567" VPOS="1498.1102362204724" HPOS="922.1102362204724" CONTENT="1810." ID="tl_48_9" STYLEREFS="FONT0"/>
            <SP HEIGHT="30.614173228346456" WIDTH="9.637795275590552" VPOS="1498.1102362204724" HPOS="1008.2834645669292"/>
            <String HEIGHT="30.614173228346456" WIDTH="47.90551181102362" VPOS="1498.1102362204724" HPOS="979.6535433070866" CONTENT="2" ID="tl_48_10" STYLEREFS="FONT0"/>
            <SP HEIGHT="30.614173228346456" WIDTH="9.637795275590552" VPOS="1498.1102362204724" HPOS="1027.5590551181103"/>
            <String HEIGHT="30.614173228346456" WIDTH="38.267716535433074" VPOS="1498.1102362204724" HPOS="989.2913385826772" CONTENT="p." ID="tl_48_11" STYLEREFS="FONT0"/>
          </TextLine>
          <TextLine ID="tl_49" BASELINE="5465" HEIGHT="24.094488188976378" WIDTH="780.0944881889764" VPOS="1525.0393700787401" HPOS="249.16535433070865">
            <String HEIGHT="24.094488188976378" WIDTH="390.0472440944882" VPOS="1525.0393700787401" HPOS="205.79527559055117" CONTENT="in-8." ID="tl_49_1" STYLEREFS="FONT0"/>
            <SP HEIGHT="24.094488188976378" WIDTH="43.37007874015748" VPOS="1525.0393700787401" HPOS="595.8425196850394"/>
            <String HEIGHT="24.094488188976378" WIDTH="476.78740157480314" VPOS="1525.0393700787401" HPOS="465.73228346456693" CONTENT="Cachet." ID="tl_49_2" STYLEREFS="FONT0"/>
            <SP HEIGHT="24.094488188976378" WIDTH="43.37007874015748" VPOS="1525.0393700787401" HPOS="942.5196850393701"/>
            <String HEIGHT="24.094488188976378" WIDTH="216.56692913385828" VPOS="1525.0393700787401" HPOS="812.6929133858267" CONTENT="2" ID="tl_49_3" STYLEREFS="FONT0"/>
            <SP HEIGHT="24.094488188976378" WIDTH="43.37007874015748" VPOS="1525.0393700787401" HPOS="1029.259842519685"/>
            <String HEIGHT="24.094488188976378" WIDTH="173.48031496062993" VPOS="1525.0393700787401" HPOS="855.7795275590552" CONTENT="25" ID="tl_49_4" STYLEREFS="FONT0"/>
          </TextLine>
        </TextBlock>
        <TextBlock ID="r_2_25" HEIGHT="29.19685039370079" WIDTH="807.3070866141733" VPOS="1551.9685039370079" HPOS="221.66929133858267">
          <TextLine ID="tl_50" BASELINE="5577" HEIGHT="28.62992125984252" WIDTH="806.7401574803149" VPOS="1552.251968503937" HPOS="221.95275590551182">
            <String HEIGHT="28.62992125984252" WIDTH="92.1259842519685" VPOS="1552.251968503937" HPOS="210.33070866141733" CONTENT="168." ID="tl_50_1" STYLEREFS="FONT0"/>
            <SP HEIGHT="28.62992125984252" WIDTH="11.622047244094489" VPOS="1552.251968503937" HPOS="302.74015748031496"/>
            <String HEIGHT="28.62992125984252" WIDTH="242.07874015748033" VPOS="1552.251968503937" HPOS="268.15748031496065" CONTENT="Berthollet" ID="tl_50_2" STYLEREFS="FONT1"/>
            <SP HEIGHT="28.62992125984252" WIDTH="11.622047244094489" VPOS="1552.251968503937" HPOS="509.9527559055118"/>
            <String HEIGHT="28.62992125984252" WIDTH="80.78740157480316" VPOS="1552.251968503937" HPOS="475.37007874015745" CONTENT="(le" ID="tl_50_3" STYLEREFS="FONT0"/>
            <SP HEIGHT="28.62992125984252" WIDTH="11.622047244094489" VPOS="1552.251968503937" HPOS="556.1574803149606"/>
            <String HEIGHT="28.62992125984252" WIDTH="126.70866141732283" VPOS="1552.251968503937" HPOS="521.5748031496063" CONTENT="comte)," ID="tl_50_4" STYLEREFS="FONT0"/>
            <SP HEIGHT="28.62992125984252" WIDTH="11.622047244094489" VPOS="1552.251968503937" HPOS="648.2834645669292"/>
            <String HEIGHT="28.62992125984252" WIDTH="138.33070866141733" VPOS="1552.251968503937" HPOS="613.7007874015748" CONTENT="médecin," ID="tl_50_5" STYLEREFS="FONT0"/>
            <SP HEIGHT="28.62992125984252" WIDTH="11.622047244094489" VPOS="1552.251968503937" HPOS="752.0314960629921"/>
            <String HEIGHT="28.62992125984252" WIDTH="149.95275590551182" VPOS="1552.251968503937" HPOS="717.4488188976378" CONTENT="chimiste," ID="tl_50_6" STYLEREFS="FONT0"/>
            <SP HEIGHT="28.62992125984252" WIDTH="11.622047244094489" VPOS="1552.251968503937" HPOS="867.4015748031496"/>
            <String HEIGHT="28.62992125984252" WIDTH="149.95275590551182" VPOS="1552.251968503937" HPOS="832.8188976377953" CONTENT="sénateur," ID="tl_50_7" STYLEREFS="FONT0"/>
            <SP HEIGHT="28.62992125984252" WIDTH="11.622047244094489" VPOS="1552.251968503937" HPOS="982.488188976378"/>
            <String HEIGHT="28.62992125984252" WIDTH="92.1259842519685" VPOS="1552.251968503937" HPOS="936.5669291338583" CONTENT="membre" ID="tl_50_8" STYLEREFS="FONT0"/>
          </TextLine>
        </TextBlock>
        <TextBlock ID="r_2_26" HEIGHT="30.04724409448819" WIDTH="780.0944881889764" VPOS="1579.4645669291338" HPOS="247.748031496063">
          <TextLine ID="tl_51" BASELINE="5677" HEIGHT="29.480314960629922" WIDTH="779.5275590551181" VPOS="1579.748031496063" HPOS="248.03149606299212">
            <String HEIGHT="29.480314960629922" WIDTH="97.51181102362204" VPOS="1579.748031496063" HPOS="231.8740157480315" CONTENT="de" ID="tl_51_1" STYLEREFS="FONT0"/>
            <SP HEIGHT="29.480314960629922" WIDTH="16.15748031496063" VPOS="1579.748031496063" HPOS="329.1023622047244"/>
            <String HEIGHT="29.480314960629922" WIDTH="243.49606299212599" VPOS="1579.748031496063" HPOS="280.62992125984255" CONTENT="l'Institut," ID="tl_51_2" STYLEREFS="FONT0"/>
            <SP HEIGHT="29.480314960629922" WIDTH="16.15748031496063" VPOS="1579.748031496063" HPOS="524.1259842519685"/>
            <String HEIGHT="29.480314960629922" WIDTH="97.51181102362204" VPOS="1579.748031496063" HPOS="475.37007874015745" CONTENT="L." ID="tl_51_3" STYLEREFS="FONT0"/>
            <SP HEIGHT="29.480314960629922" WIDTH="16.15748031496063" VPOS="1579.748031496063" HPOS="572.8818897637796"/>
            <String HEIGHT="29.480314960629922" WIDTH="129.82677165354332" VPOS="1579.748031496063" HPOS="524.1259842519685" CONTENT="aut." ID="tl_51_4" STYLEREFS="FONT0"/>
            <SP HEIGHT="29.480314960629922" WIDTH="16.15748031496063" VPOS="1579.748031496063" HPOS="653.9527559055118"/>
            <String HEIGHT="29.480314960629922" WIDTH="129.82677165354332" VPOS="1579.748031496063" HPOS="605.1968503937007" CONTENT="sig." ID="tl_51_5" STYLEREFS="FONT0"/>
            <SP HEIGHT="29.480314960629922" WIDTH="16.15748031496063" VPOS="1579.748031496063" HPOS="735.3070866141733"/>
            <String HEIGHT="29.480314960629922" WIDTH="81.07086614173228" VPOS="1579.748031496063" HPOS="686.5511811023622" CONTENT="1" ID="tl_51_6" STYLEREFS="FONT0"/>
            <SP HEIGHT="29.480314960629922" WIDTH="16.15748031496063" VPOS="1579.748031496063" HPOS="767.6220472440945"/>
            <String HEIGHT="29.480314960629922" WIDTH="113.66929133858268" VPOS="1579.748031496063" HPOS="718.8661417322835" CONTENT="gr." ID="tl_51_7" STYLEREFS="FONT0"/>
            <SP HEIGHT="29.480314960629922" WIDTH="16.15748031496063" VPOS="1579.748031496063" HPOS="832.8188976377953"/>
            <String HEIGHT="29.480314960629922" WIDTH="97.51181102362204" VPOS="1579.748031496063" HPOS="784.0629921259842" CONTENT="p." ID="tl_51_8" STYLEREFS="FONT0"/>
            <SP HEIGHT="29.480314960629922" WIDTH="16.15748031496063" VPOS="1579.748031496063" HPOS="881.2913385826772"/>
            <String HEIGHT="29.480314960629922" WIDTH="178.58267716535434" VPOS="1579.748031496063" HPOS="832.8188976377953" CONTENT="in-fol." ID="tl_51_9" STYLEREFS="FONT0"/>
            <SP HEIGHT="29.480314960629922" WIDTH="16.15748031496063" VPOS="1579.748031496063" HPOS="1011.4015748031496"/>
            <String HEIGHT="29.480314960629922" WIDTH="81.07086614173228" VPOS="1579.748031496063" HPOS="962.6456692913385" CONTENT="3" ID="tl_51_10" STYLEREFS="FONT0"/>
            <SP HEIGHT="29.480314960629922" WIDTH="16.15748031496063" VPOS="1579.748031496063" HPOS="1043.716535433071"/>
            <String HEIGHT="29.480314960629922" WIDTH="48.75590551181102" VPOS="1579.748031496063" HPOS="978.8031496062993" CONTENT="»" ID="tl_51_11" STYLEREFS="FONT0"/>
          </TextLine>
        </TextBlock>
        <TextBlock ID="r_2_27" HEIGHT="57.826771653543304" WIDTH="804.7559055118111" VPOS="1608.9448818897638" HPOS="223.37007874015748">
          <TextLine ID="tl_52" BASELINE="5785" HEIGHT="30.614173228346456" WIDTH="801.3543307086615" VPOS="1609.2283464566929" HPOS="223.6535433070866">
            <String HEIGHT="30.614173228346456" WIDTH="100.06299212598425" VPOS="1609.2283464566929" HPOS="211.1811023622047" CONTENT="169." ID="tl_52_1" STYLEREFS="FONT0"/>
            <SP HEIGHT="30.614173228346456" WIDTH="12.472440944881889" VPOS="1609.2283464566929" HPOS="311.244094488189"/>
            <String HEIGHT="30.614173228346456" WIDTH="250.29921259842519" VPOS="1609.2283464566929" HPOS="273.8267716535433" CONTENT="Bertrand," ID="tl_52_2" STYLEREFS="FONT1"/>
            <SP HEIGHT="30.614173228346456" WIDTH="12.472440944881889" VPOS="1609.2283464566929" HPOS="524.1259842519685"/>
            <String HEIGHT="30.614173228346456" WIDTH="162.70866141732284" VPOS="1609.2283464566929" HPOS="486.70866141732284" CONTENT="procureur" ID="tl_52_3" STYLEREFS="FONT0"/>
            <SP HEIGHT="30.614173228346456" WIDTH="12.472440944881889" VPOS="1609.2283464566929" HPOS="649.4173228346457"/>
            <String HEIGHT="30.614173228346456" WIDTH="125.29133858267717" VPOS="1609.2283464566929" HPOS="611.7165354330708" CONTENT="syndic" ID="tl_52_4" STYLEREFS="FONT0"/>
            <SP HEIGHT="30.614173228346456" WIDTH="12.472440944881889" VPOS="1609.2283464566929" HPOS="737.007874015748"/>
            <String HEIGHT="30.614173228346456" WIDTH="75.11811023622047" VPOS="1609.2283464566929" HPOS="699.5905511811023" CONTENT="du" ID="tl_52_5" STYLEREFS="FONT0"/>
            <SP HEIGHT="30.614173228346456" WIDTH="12.472440944881889" VPOS="1609.2283464566929" HPOS="774.7086614173228"/>
            <String HEIGHT="30.614173228346456" WIDTH="150.23622047244095" VPOS="1609.2283464566929" HPOS="737.007874015748" CONTENT="district" ID="tl_52_6" STYLEREFS="FONT0"/>
            <SP HEIGHT="30.614173228346456" WIDTH="12.472440944881889" VPOS="1609.2283464566929" HPOS="887.2440944881889"/>
            <String HEIGHT="30.614173228346456" WIDTH="75.11811023622047" VPOS="1609.2283464566929" HPOS="849.8267716535433" CONTENT="de" ID="tl_52_7" STYLEREFS="FONT0"/>
            <SP HEIGHT="30.614173228346456" WIDTH="12.472440944881889" VPOS="1609.2283464566929" HPOS="924.9448818897638"/>
            <String HEIGHT="30.614173228346456" WIDTH="150.23622047244095" VPOS="1609.2283464566929" HPOS="874.7716535433071" CONTENT="Compiègne." ID="tl_52_8" STYLEREFS="FONT0"/>
          </TextLine>
          <TextLine ID="tl_53" BASELINE="5879" HEIGHT="30.04724409448819" WIDTH="778.3937007874016" VPOS="1636.4409448818897" HPOS="249.4488188976378">
            <String HEIGHT="30.04724409448819" WIDTH="68.5984251968504" VPOS="1636.4409448818897" HPOS="238.11023622047244" CONTENT="L." ID="tl_53_1" STYLEREFS="FONT0"/>
            <SP HEIGHT="30.04724409448819" WIDTH="11.338582677165354" VPOS="1636.4409448818897" HPOS="306.70866141732284"/>
            <String HEIGHT="30.04724409448819" WIDTH="68.5984251968504" VPOS="1636.4409448818897" HPOS="272.40944881889766" CONTENT="a." ID="tl_53_2" STYLEREFS="FONT0"/>
            <SP HEIGHT="30.04724409448819" WIDTH="11.338582677165354" VPOS="1636.4409448818897" HPOS="341.00787401574803"/>
            <String HEIGHT="30.04724409448819" WIDTH="68.5984251968504" VPOS="1636.4409448818897" HPOS="306.70866141732284" CONTENT="s." ID="tl_53_3" STYLEREFS="FONT0"/>
            <SP HEIGHT="30.04724409448819" WIDTH="11.338582677165354" VPOS="1636.4409448818897" HPOS="375.3070866141732"/>
            <String HEIGHT="30.04724409448819" WIDTH="160.15748031496062" VPOS="1636.4409448818897" HPOS="341.00787401574803" CONTENT="Compiègne," ID="tl_53_4" STYLEREFS="FONT0"/>
            <SP HEIGHT="30.04724409448819" WIDTH="11.338582677165354" VPOS="1636.4409448818897" HPOS="501.1653543307087"/>
            <String HEIGHT="30.04724409448819" WIDTH="68.5984251968504" VPOS="1636.4409448818897" HPOS="466.86614173228344" CONTENT="25" ID="tl_53_5" STYLEREFS="FONT0"/>
            <SP HEIGHT="30.04724409448819" WIDTH="11.338582677165354" VPOS="1636.4409448818897" HPOS="535.7480314960629"/>
            <String HEIGHT="30.04724409448819" WIDTH="91.55905511811024" VPOS="1636.4409448818897" HPOS="501.1653543307087" CONTENT="déc." ID="tl_53_6" STYLEREFS="FONT0"/>
            <SP HEIGHT="30.04724409448819" WIDTH="11.338582677165354" VPOS="1636.4409448818897" HPOS="592.7244094488188"/>
            <String HEIGHT="30.04724409448819" WIDTH="102.89763779527559" VPOS="1636.4409448818897" HPOS="558.4251968503937" CONTENT="1792." ID="tl_53_7" STYLEREFS="FONT0"/>
            <SP HEIGHT="30.04724409448819" WIDTH="11.338582677165354" VPOS="1636.4409448818897" HPOS="661.6062992125984"/>
            <String HEIGHT="30.04724409448819" WIDTH="57.25984251968504" VPOS="1636.4409448818897" HPOS="627.3070866141733" CONTENT="1" ID="tl_53_8" STYLEREFS="FONT0"/>
            <SP HEIGHT="30.04724409448819" WIDTH="11.338582677165354" VPOS="1636.4409448818897" HPOS="684.5669291338583"/>
            <String HEIGHT="30.04724409448819" WIDTH="68.5984251968504" VPOS="1636.4409448818897" HPOS="649.9842519685039" CONTENT="p." ID="tl_53_9" STYLEREFS="FONT0"/>
            <SP HEIGHT="30.04724409448819" WIDTH="11.338582677165354" VPOS="1636.4409448818897" HPOS="718.8661417322835"/>
            <String HEIGHT="30.04724409448819" WIDTH="102.89763779527559" VPOS="1636.4409448818897" HPOS="684.5669291338583" CONTENT="in-4." ID="tl_53_10" STYLEREFS="FONT0"/>
            <SP HEIGHT="30.04724409448819" WIDTH="11.338582677165354" VPOS="1636.4409448818897" HPOS="787.4645669291339"/>
            <String HEIGHT="30.04724409448819" WIDTH="114.51968503937007" VPOS="1636.4409448818897" HPOS="753.1653543307086" CONTENT="Cachet" ID="tl_53_11" STYLEREFS="FONT0"/>
            <SP HEIGHT="30.04724409448819" WIDTH="11.338582677165354" VPOS="1636.4409448818897" HPOS="867.6850393700787"/>
            <String HEIGHT="30.04724409448819" WIDTH="68.5984251968504" VPOS="1636.4409448818897" HPOS="833.1023622047244" CONTENT="du" ID="tl_53_12" STYLEREFS="FONT0"/>
            <SP HEIGHT="30.04724409448819" WIDTH="11.338582677165354" VPOS="1636.4409448818897" HPOS="901.9842519685039"/>
            <String HEIGHT="30.04724409448819" WIDTH="148.8188976377953" VPOS="1636.4409448818897" HPOS="867.6850393700787" CONTENT="district." ID="tl_53_13" STYLEREFS="FONT0"/>
            <SP HEIGHT="30.04724409448819" WIDTH="11.338582677165354" VPOS="1636.4409448818897" HPOS="1016.503937007874"/>
            <String HEIGHT="30.04724409448819" WIDTH="57.25984251968504" VPOS="1636.4409448818897" HPOS="981.9212598425197" CONTENT="4" ID="tl_53_14" STYLEREFS="FONT0"/>
            <SP HEIGHT="30.04724409448819" WIDTH="11.338582677165354" VPOS="1636.4409448818897" HPOS="1039.1811023622047"/>
            <String HEIGHT="30.04724409448819" WIDTH="34.2992125984252" VPOS="1636.4409448818897" HPOS="993.5433070866142" CONTENT="»" ID="tl_53_15" STYLEREFS="FONT0"/>
          </TextLine>
        </TextBlock>
        <TextBlock ID="r_2_28" HEIGHT="56.69291338582677" WIDTH="779.5275590551181" VPOS="1663.9370078740158" HPOS="247.46456692913387">
          <TextLine ID="tl_54" BASELINE="5975" HEIGHT="29.480314960629922" WIDTH="750.6141732283464" VPOS="1664.2204724409448" HPOS="276.09448818897636">
            <String HEIGHT="29.480314960629922" WIDTH="142.29921259842519" VPOS="1664.2204724409448" HPOS="263.0551181102362" CONTENT="Demande" ID="tl_54_1" STYLEREFS="FONT0"/>
            <SP HEIGHT="29.480314960629922" WIDTH="13.039370078740157" VPOS="1664.2204724409448" HPOS="405.6377952755906"/>
            <String HEIGHT="29.480314960629922" WIDTH="77.66929133858268" VPOS="1664.2204724409448" HPOS="366.8031496062992" CONTENT="de" ID="tl_54_2" STYLEREFS="FONT0"/>
            <SP HEIGHT="29.480314960629922" WIDTH="13.039370078740157" VPOS="1664.2204724409448" HPOS="444.4724409448819"/>
            <String HEIGHT="29.480314960629922" WIDTH="168.3779527559055" VPOS="1664.2204724409448" HPOS="405.6377952755906" CONTENT="médailles" ID="tl_54_3" STYLEREFS="FONT0"/>
            <SP HEIGHT="29.480314960629922" WIDTH="13.039370078740157" VPOS="1664.2204724409448" HPOS="573.7322834645669"/>
            <String HEIGHT="29.480314960629922" WIDTH="77.66929133858268" VPOS="1664.2204724409448" HPOS="534.8976377952756" CONTENT="et" ID="tl_54_4" STYLEREFS="FONT0"/>
            <SP HEIGHT="29.480314960629922" WIDTH="13.039370078740157" VPOS="1664.2204724409448" HPOS="612.5669291338583"/>
            <String HEIGHT="29.480314960629922" WIDTH="129.54330708661416" VPOS="1664.2204724409448" HPOS="573.7322834645669" CONTENT="rubans" ID="tl_54_5" STYLEREFS="FONT0"/>
            <SP HEIGHT="29.480314960629922" WIDTH="13.039370078740157" VPOS="1664.2204724409448" HPOS="703.2755905511812"/>
            <String HEIGHT="29.480314960629922" WIDTH="103.46456692913385" VPOS="1664.2204724409448" HPOS="664.4409448818898" CONTENT="pour" ID="tl_54_6" STYLEREFS="FONT0"/>
            <SP HEIGHT="29.480314960629922" WIDTH="13.039370078740157" VPOS="1664.2204724409448" HPOS="767.9055118110236"/>
            <String HEIGHT="29.480314960629922" WIDTH="90.70866141732283" VPOS="1664.2204724409448" HPOS="729.0708661417323" CONTENT="les" ID="tl_54_7" STYLEREFS="FONT0"/>
            <SP HEIGHT="29.480314960629922" WIDTH="13.039370078740157" VPOS="1664.2204724409448" HPOS="819.7795275590552"/>
            <String HEIGHT="29.480314960629922" WIDTH="245.76377952755905" VPOS="1664.2204724409448" HPOS="780.9448818897638" CONTENT="administrateurs" ID="tl_54_8" STYLEREFS="FONT0"/>
            <SP HEIGHT="29.480314960629922" WIDTH="13.039370078740157" VPOS="1664.2204724409448" HPOS="1026.708661417323"/>
            <String HEIGHT="29.480314960629922" WIDTH="51.874015748031496" VPOS="1664.2204724409448" HPOS="974.8346456692914" CONTENT="du" ID="tl_54_9" STYLEREFS="FONT0"/>
          </TextLine>
          <TextLine ID="tl_55" BASELINE="6069" HEIGHT="28.913385826771652" WIDTH="273.25984251968504" VPOS="1691.4330708661416" HPOS="247.748031496063">
            <String HEIGHT="28.913385826771652" WIDTH="142.01574803149606" VPOS="1691.4330708661416" HPOS="236.69291338582678" CONTENT="district." ID="tl_55_1" STYLEREFS="FONT0"/>
            <SP HEIGHT="28.913385826771652" WIDTH="11.05511811023622" VPOS="1691.4330708661416" HPOS="378.99212598425197"/>
            <String HEIGHT="28.913385826771652" WIDTH="131.24409448818898" VPOS="1691.4330708661416" HPOS="346.1102362204724" CONTENT="Curieuse" ID="tl_55_2" STYLEREFS="FONT0"/>
            <SP HEIGHT="28.913385826771652" WIDTH="11.05511811023622" VPOS="1691.4330708661416" HPOS="477.3543307086614"/>
            <String HEIGHT="28.913385826771652" WIDTH="87.30708661417323" VPOS="1691.4330708661416" HPOS="433.7007874015748" CONTENT="pièce." ID="tl_55_3" STYLEREFS="FONT0"/>
          </TextLine>
        </TextBlock>
        <GraphicalElement ID="r_4" HEIGHT="1383.8740157480315" WIDTH="10.488188976377952" VPOS="595.2755905511812" HPOS="1145.763779527559"/>
        <GraphicalElement ID="r_5" HEIGHT="151.93700787401573" WIDTH="5.669291338582677" VPOS="62.92913385826772" HPOS="1148.3149606299212"/>
        <GraphicalElement ID="r_6" HEIGHT="144.56692913385828" WIDTH="3.968503937007874" VPOS="295.93700787401576" HPOS="1149.732283464567"/>
        <GraphicalElement ID="r_7" HEIGHT="1983.6850393700788" WIDTH="13.039370078740157" VPOS="34.01574803149607" HPOS="1196.5039370078741"/>
        <Illustration ID="r_3" HEIGHT="86.1732283464567" WIDTH="308.12598425196853" VPOS="1973.4803149606298" HPOS="895.4645669291339"/>
      </PrintSpace>
    </Page>
  </Layout>
</alto>
