307.84251968503935 645.1653543307086
128.69291338582678 171.49606299212599 60.94488188976378 13.88976377952756 GRAVURE

39.68503937007874 187.93700787401573 44.78740157480315 14.456692913385826 Marc
72.28346456692914 187.93700787401573 73.41732283464567 14.456692913385826 LAFFINEUR
133.22834645669292 187.93700787401573 24.37795275590551 14.456692913385826 né
145.41732283464566 187.93700787401573 24.37795275590551 14.456692913385826 en
157.88976377952756 187.93700787401573 32.59842519685039 14.456692913385826 1940
178.01574803149606 187.93700787401573 20.409448818897637 14.456692913385826 à
186.23622047244095 187.93700787401573 36.56692913385827 14.456692913385826 Bomal
206.64566929133858 187.93700787401573 53.00787401574803 14.456692913385826 (Belgique).

23.244094488188978 198.4251968503937 48.75590551181102 13.039370078740157 21
60.661417322834644 198.4251968503937 45.07086614173228 13.039370078740157 Etranges
94.67716535433071 198.4251968503937 52.724409448818896 13.039370078740157 étrangers,
135.7795275590551 198.4251968503937 30.04724409448819 13.039370078740157 1961
154.77165354330708 198.4251968503937 56.40944881889764 13.039370078740157 (eau-forte,
199.84251968503938 198.4251968503937 22.677165354330707 13.039370078740157 70
210.89763779527559 198.4251968503937 18.708661417322833 13.039370078740157 x
214.86614173228347 198.4251968503937 22.677165354330707 13.039370078740157 55).

23.244094488188978 210.89763779527559 47.90551181102362 11.622047244094489 22
60.09448818897638 210.89763779527559 29.480314960629922 11.622047244094489 Long
78.51968503937007 210.89763779527559 25.79527559055118 11.622047244094489 cri
93.25984251968504 210.89763779527559 55.275590551181104 11.622047244094489 d’édifices,
137.76377952755905 210.89763779527559 29.480314960629922 11.622047244094489 1962
156.18897637795277 210.89763779527559 55.275590551181104 11.622047244094489 (eau-forte,
200.40944881889763 210.89763779527559 22.11023622047244 11.622047244094489 70
211.46456692913387 210.89763779527559 18.4251968503937 11.622047244094489 x
215.1496062992126 210.89763779527559 22.11023622047244 11.622047244094489 55).

22.96062992125984 217.13385826771653 51.023622047244096 14.173228346456693 23
62.36220472440945 217.13385826771653 58.960629921259844 14.173228346456693 Composition
109.41732283464567 217.13385826771653 23.52755905511811 14.173228346456693 I,
121.03937007874016 217.13385826771653 31.46456692913386 14.173228346456693 1962
140.5984251968504 217.13385826771653 58.960629921259844 14.173228346456693 (eau-forte,
187.93700787401573 217.13385826771653 23.52755905511811 14.173228346456693 70
199.55905511811022 217.13385826771653 19.559055118110237 14.173228346456693 x
203.5275590551181 217.13385826771653 23.52755905511811 14.173228346456693 55).

23.244094488188978 228.18897637795277 50.173228346456696 12.472440944881889 24
61.79527559055118 228.18897637795277 57.826771653543304 12.472440944881889 Composition
108.0 228.18897637795277 26.929133858267715 12.472440944881889 II,
123.30708661417323 228.18897637795277 30.89763779527559 12.472440944881889 1962
142.58267716535434 228.18897637795277 57.826771653543304 12.472440944881889 (eau-forte,
188.78740157480314 228.18897637795277 22.96062992125984 12.472440944881889 70
200.40944881889763 228.18897637795277 19.275590551181104 12.472440944881889 x
204.3779527559055 228.18897637795277 22.96062992125984 12.472440944881889 55).

23.244094488188978 238.6771653543307 49.039370078740156 14.740157480314961 25
60.94488188976378 238.6771653543307 56.69291338582677 14.740157480314961 Composition
106.01574803149606 238.6771653543307 30.04724409448819 14.740157480314961 III,
125.00787401574803 238.6771653543307 30.04724409448819 14.740157480314961 1963
143.71653543307087 238.6771653543307 41.38582677165354 14.740157480314961 (burin,
174.04724409448818 238.6771653543307 22.677165354330707 14.740157480314961 70
185.38582677165354 238.6771653543307 18.992125984251967 14.740157480314961 x
189.0708661417323 238.6771653543307 22.677165354330707 14.740157480314961 55).

40.25196850393701 250.29921259842519 62.92913385826772 16.15748031496063 Micheline
91.55905511811024 250.29921259842519 23.52755905511811 16.15748031496063 DE
103.18110236220473 250.29921259842519 58.960629921259844 16.15748031496063 POTTER
150.51968503937007 250.29921259842519 27.496062992125985 16.15748031496063 née
166.11023622047244 250.29921259842519 23.52755905511811 16.15748031496063 en
178.01574803149606 250.29921259842519 31.46456692913386 16.15748031496063 1941
197.5748031496063 250.29921259842519 19.559055118110237 16.15748031496063 à
205.51181102362204 250.29921259842519 31.46456692913386 16.15748031496063 Gand
221.10236220472441 250.29921259842519 47.338582677165356 16.15748031496063 (Belgigte)

23.811023622047244 261.9212598425197 49.32283464566929 15.023622047244094 26
61.511811023622045 261.9212598425197 26.64566929133858 15.023622047244094 Les
76.81889763779527 261.9212598425197 64.34645669291339 15.023622047244094 pinces-noirs,
129.82677165354332 261.9212598425197 30.330708661417322 15.023622047244094 1962
148.8188976377953 261.9212598425197 49.32283464566929 15.023622047244094 (gravure,
186.51968503937007 261.9212598425197 22.677165354330707 15.023622047244094 45
197.85826771653544 261.9212598425197 18.992125984251967 15.023622047244094 x
201.82677165354332 261.9212598425197 22.677165354330707 15.023622047244094 38).

24.37795275590551 272.12598425196853 45.354330708661415 13.039370078740157 27
59.24409448818898 272.12598425196853 31.46456692913386 13.039370078740157 Parée
80.22047244094489 272.12598425196853 28.062992125984252 13.039370078740157 pour
97.51181102362204 272.12598425196853 24.37795275590551 13.039370078740157 une
111.68503937007874 272.12598425196853 28.062992125984252 13.039370078740157 fête
128.9763779527559 272.12598425196853 28.062992125984252 13.039370078740157 dans
146.5511811023622 272.12598425196853 20.976377952755904 13.039370078740157 le
157.03937007874015 272.12598425196853 28.062992125984252 13.039370078740157 vide
174.33070866141733 272.12598425196853 20.976377952755904 13.039370078740157 I,
184.8188976377953 272.12598425196853 28.062992125984252 13.039370078740157 1963
202.39370078740157 272.12598425196853 45.354330708661415 13.039370078740157 (gravure,
237.25984251968504 272.12598425196853 20.976377952755904 13.039370078740157 40
247.748031496063 272.12598425196853 17.5748031496063 13.039370078740157 x
251.1496062992126 272.12598425196853 17.5748031496063 13.039370078740157 35l

24.661417322834644 281.1968503937008 45.07086614173228 14.173228346456693 28
59.24409448818898 281.1968503937008 31.181102362204726 14.173228346456693 Parée
79.93700787401575 281.1968503937008 27.77952755905512 14.173228346456693 pour
97.22834645669292 281.1968503937008 24.094488188976378 14.173228346456693 une
111.11811023622047 281.1968503937008 27.77952755905512 14.173228346456693 fête
128.40944881889763 281.1968503937008 27.77952755905512 14.173228346456693 dans
145.70078740157481 281.1968503937008 20.69291338582677 14.173228346456693 le
155.90551181102362 281.1968503937008 27.77952755905512 14.173228346456693 vide
173.1968503937008 281.1968503937008 24.094488188976378 14.173228346456693 II,
187.08661417322836 281.1968503937008 27.77952755905512 14.173228346456693 1963
204.3779527559055 281.1968503937008 45.07086614173228 14.173228346456693 (gravure,
238.96062992125985 281.1968503937008 20.69291338582677 14.173228346456693 40
246.04724409448818 281.1968503937008 24.094488188976378 14.173228346456693 x30).

24.661417322834644 290.5511811023622 48.75590551181102 13.32283464566929 29
62.07874015748032 290.5511811023622 30.04724409448819 13.32283464566929 Dans
80.78740157480316 290.5511811023622 41.10236220472441 13.32283464566929 l’herbe
110.83464566929133 290.5511811023622 56.125984251968504 13.32283464566929 luxuriante,
155.6220472440945 290.5511811023622 30.04724409448819 13.32283464566929 1964
174.61417322834646 290.5511811023622 48.75590551181102 13.32283464566929 (gravure,
212.03149606299212 290.5511811023622 22.393700787401574 13.32283464566929 40
223.08661417322836 290.5511811023622 18.708661417322833 13.32283464566929 x
227.0551181102362 290.5511811023622 22.393700787401574 13.32283464566929 37).

24.37795275590551 301.3228346456693 49.039370078740156 18.992125984251967 30
62.07874015748032 301.3228346456693 22.677165354330707 18.992125984251967 Le
73.41732283464567 301.3228346456693 37.7007874015748 18.992125984251967 matin,
99.77952755905511 301.3228346456693 30.330708661417322 18.992125984251967 1965
118.77165354330708 301.3228346456693 49.039370078740156 18.992125984251967 (gravure,
156.75590551181102 301.3228346456693 22.677165354330707 18.992125984251967 40
168.09448818897638 301.3228346456693 18.992125984251967 18.992125984251967 x
171.7795275590551 301.3228346456693 22.677165354330707 18.992125984251967 37).

41.669291338582674 315.21259842519686 53.00787401574803 15.023622047244094 Walter
82.20472440944881 315.21259842519686 61.22834645669291 15.023622047244094 VILAIN
131.24409448818898 315.21259842519686 24.37795275590551 15.023622047244094 né
143.43307086614172 315.21259842519686 24.37795275590551 15.023622047244094 en
155.6220472440945 315.21259842519686 32.59842519685039 15.023622047244094 1938
176.03149606299212 315.21259842519686 20.409448818897637 15.023622047244094 à
184.251968503937 315.21259842519686 40.818897637795274 15.023622047244094 Goxyde
208.62992125984252 315.21259842519686 53.00787401574803 15.023622047244094 (Belgique).

25.228346456692915 325.98425196850394 47.62204724409449 14.456692913385826 31
61.79527559055118 325.98425196850394 21.826771653543307 14.456692913385826 La
72.85039370078741 325.98425196850394 36.56692913385827 14.456692913385826 grande
98.36220472440945 325.98425196850394 40.25196850393701 14.456692913385826 guerre,
127.84251968503936 325.98425196850394 29.19685039370079 14.456692913385826 1965
145.98425196850394 325.98425196850394 54.99212598425197 14.456692913385826 (aqua-tinte
189.92125984251967 325.98425196850394 21.826771653543307 14.456692913385826 et
200.9763779527559 325.98425196850394 51.30708661417323 14.456692913385826 eau-forte,
241.22834645669292 325.98425196850394 21.826771653543307 14.456692913385826 62
248.5984251968504 325.98425196850394 21.826771653543307 14.456692913385826 x46)

25.511811023622048 337.8897637795276 48.188976377952756 12.472440944881889 32
62.645669291338585 337.8897637795276 22.11023622047244 12.472440944881889 La
73.7007874015748 337.8897637795276 29.480314960629922 12.472440944881889 nuit
92.1259842519685 337.8897637795276 44.503937007874015 12.472440944881889 déserte,
125.5748031496063 337.8897637795276 29.480314960629922 12.472440944881889 1965
144.0 337.8897637795276 40.818897637795274 12.472440944881889 (burin,
173.48031496062993 337.8897637795276 22.11023622047244 12.472440944881889 62
184.8188976377953 337.8897637795276 18.4251968503937 12.472440944881889 x
188.50393700787401 337.8897637795276 22.11023622047244 12.472440944881889 46).

25.511811023622048 344.6929133858268 50.173228346456696 15.307086614173228 33
68.03149606299213 344.6929133858268 22.96062992125984 15.307086614173228 En
79.65354330708661 344.6929133858268 22.96062992125984 15.307086614173228 el
90.99212598425197 344.6929133858268 53.85826771653543 15.307086614173228 Generalife
133.51181102362204 344.6929133858268 19.275590551181104 15.307086614173228 ,
141.16535433070865 344.6929133858268 30.89763779527559 15.307086614173228 1965
160.44094488188978 344.6929133858268 42.23622047244095 15.307086614173228 (burin,
191.0551181102362 344.6929133858268 22.96062992125984 15.307086614173228 62
202.6771653543307 344.6929133858268 19.275590551181104 15.307086614173228 x
206.64566929133858 344.6929133858268 22.96062992125984 15.307086614173228 46).

26.078740157480315 353.76377952755905 48.47244094488189 15.307086614173228 34
63.21259842519685 353.76377952755905 41.10236220472441 15.307086614173228 Silence
93.25984251968504 353.76377952755905 29.763779527559056 15.307086614173228 dans
111.68503937007874 353.76377952755905 22.393700787401574 15.307086614173228 le
123.02362204724409 353.76377952755905 33.44881889763779 15.307086614173228 port,
145.41732283464566 353.76377952755905 29.763779527559056 15.307086614173228 1965
163.84251968503938 353.76377952755905 41.10236220472441 15.307086614173228 (burin,
193.88976377952756 353.76377952755905 22.393700787401574 15.307086614173228 62
204.9448818897638 353.76377952755905 18.708661417322833 15.307086614173228 x
208.62992125984252 353.76377952755905 22.393700787401574 15.307086614173228 46).

26.64566929133858 361.7007874015748 47.90551181102362 16.15748031496063 35
63.496062992125985 361.7007874015748 29.480314960629922 16.15748031496063 Fond
81.92125984251969 361.7007874015748 22.11023622047244 16.15748031496063 de
92.97637795275591 361.7007874015748 25.79527559055118 16.15748031496063 mer
107.71653543307086 361.7007874015748 29.480314960629922 16.15748031496063 pour
126.14173228346456 361.7007874015748 22.11023622047244 16.15748031496063 le
137.1968503937008 361.7007874015748 36.8503937007874 16.15748031496063 navire
162.70866141732284 361.7007874015748 22.11023622047244 16.15748031496063 du
173.76377952755905 361.7007874015748 33.16535433070866 16.15748031496063 petit
195.8740157480315 361.7007874015748 40.53543307086614 16.15748031496063 Bazile,
225.35433070866142 361.7007874015748 29.480314960629922 16.15748031496063 1965
240.09448818897638 361.7007874015748 29.480314960629922 16.15748031496063 (buris

41.669291338582674 376.7244094488189 28.062992125984252 14.173228346456693 62
55.84251968503937 376.7244094488189 23.52755905511811 14.173228346456693 x
60.661417322834644 376.7244094488189 28.062992125984252 14.173228346456693 46).
