307.84251968503935 672.6614173228346
41.38582677165354 101.19685039370079 88.44094488188976 15.023622047244094 REPUBLIQUE
113.95275590551181 101.19685039370079 62.36220472440945 15.023622047244094 FEDERALE
155.6220472440945 101.19685039370079 88.44094488188976 15.023622047244094 D’ALLEMAGNE

78.23622047244095 124.7244094488189 53.85826771653543 13.606299212598426 Gabriel
120.75590551181102 124.7244094488189 53.85826771653543 13.606299212598426 BAUER
162.99212598425197 124.7244094488189 23.244094488188978 13.606299212598426 né
174.61417322834646 124.7244094488189 23.244094488188978 13.606299212598426 en
186.23622047244095 124.7244094488189 30.89763779527559 13.606299212598426 1941
205.51181102362204 124.7244094488189 19.275590551181104 13.606299212598426 à
213.16535433070865 124.7244094488189 38.55118110236221 13.606299212598426 Vienne
236.1259842519685 124.7244094488189 50.173228346456696 13.606299212598426 (Autriche).

67.46456692913385 134.64566929133858 43.653543307086615 14.456692913385826 1
100.34645669291339 134.64566929133858 32.59842519685039 14.456692913385826 Orgue
122.1732283464567 134.64566929133858 29.19685039370079 14.456692913385826 pour
140.31496062992127 134.64566929133858 36.28346456692913 14.456692913385826 acteur
165.54330708661416 134.64566929133858 21.826771653543307 14.456692913385826 ou
176.5984251968504 134.64566929133858 47.338582677165356 14.456692913385826 Contenant
212.88188976377953 134.64566929133858 29.19685039370079 14.456692913385826 pour
231.0236220472441 134.64566929133858 58.110236220472444 14.456692913385826 interprètes,
274.6771653543307 134.64566929133858 25.511811023622048 14.456692913385826 1965.

78.23622047244095 146.5511811023622 43.08661417322835 18.708661417322833 ROlf
109.7007874015748 146.5511811023622 54.99212598425197 18.708661417322833 DOERR
152.78740157480314 146.5511811023622 23.52755905511811 18.708661417322833 né
164.69291338582678 146.5511811023622 23.52755905511811 18.708661417322833 en
176.31496062992127 146.5511811023622 31.46456692913386 18.708661417322833 1942
195.8740157480315 146.5511811023622 19.559055118110237 18.708661417322833 à
203.81102362204723 146.5511811023622 54.99212598425197 18.708661417322833 Sarrebruck
242.9291338582677 146.5511811023622 51.023622047244096 18.708661417322833 (Allemagne)

67.18110236220473 159.59055118110237 44.22047244094488 13.039370078740157 2
100.34645669291339 159.59055118110237 25.79527559055118 13.039370078740157 Fin
115.08661417322834 159.59055118110237 22.11023622047244 13.039370078740157 de
126.14173228346456 159.59055118110237 40.53543307086614 13.039370078740157 partie,
155.6220472440945 159.59055118110237 22.11023622047244 13.039370078740157 de
166.96062992125985 159.59055118110237 36.8503937007874 13.039370078740157 Samuel
192.75590551181102 159.59055118110237 40.53543307086614 13.039370078740157 Becket,
218.5511811023622 159.59055118110237 25.79527559055118 13.039370078740157 1964.

77.66929133858268 173.1968503937008 52.44094488188976 17.858267716535433 Rainer
117.92125984251969 173.1968503937008 52.44094488188976 17.858267716535433 HUTT
158.45669291338584 173.1968503937008 24.094488188976378 17.858267716535433 né
170.36220472440945 173.1968503937008 24.094488188976378 17.858267716535433 en
182.5511811023622 173.1968503937008 32.31496062992126 17.858267716535433 1943
202.6771653543307 173.1968503937008 20.125984251968504 17.858267716535433 à
210.89763779527559 173.1968503937008 48.47244094488189 17.858267716535433 Hemsbach
243.21259842519686 173.1968503937008 52.44094488188976 17.858267716535433 (Allemagne)

66.33070866141732 184.53543307086613 43.93700787401575 13.039370078740157 3
99.21259842519684 184.53543307086613 22.11023622047244 13.039370078740157 La
110.26771653543307 184.53543307086613 32.881889763779526 13.039370078740157 folle
132.3779527559055 184.53543307086613 22.11023622047244 13.039370078740157 de
143.43307086614172 184.53543307086613 47.62204724409449 13.039370078740157 Chaillot,
180.0 184.53543307086613 22.11023622047244 13.039370078740157 de
191.0551181102362 184.53543307086613 29.19685039370079 13.039370078740157 Jean
209.1968503937008 184.53543307086613 51.30708661417323 13.039370078740157 Giraudoux,
246.04724409448818 184.53543307086613 25.511811023622048 13.039370078740157 1964.

66.04724409448819 194.45669291338584 44.22047244094488 11.338582677165354 4
99.21259842519684 194.45669291338584 51.59055118110236 11.338582677165354 Décoration
139.748031496063 194.45669291338584 29.480314960629922 11.338582677165354 pour
158.17322834645668 194.45669291338584 40.53543307086614 11.338582677165354 théâtre
187.6535433070866 194.45669291338584 51.59055118110236 11.338582677165354 cinétique,
224.50393700787401 194.45669291338584 25.79527559055118 11.338582677165354 1964.

77.66929133858268 208.3464566929134 64.34645669291339 15.874015748031496 Katharina
129.82677165354332 208.3464566929134 76.25196850393701 15.874015748031496 SIEVERDING
194.17322834645668 208.3464566929134 28.062992125984252 15.874015748031496 née
210.33070866141733 208.3464566929134 24.094488188976378 15.874015748031496 en
222.23622047244095 208.3464566929134 32.031496062992126 15.874015748031496 1941
242.36220472440945 208.3464566929134 20.125984251968504 15.874015748031496 à
250.58267716535434 208.3464566929134 40.25196850393701 15.874015748031496 Prague
274.6771653543307 208.3464566929134 32.031496062992126 15.874015748031496 (Tché

71.71653543307086 219.11811023622047 67.74803149606299 12.472440944881889 coslovaquie).

66.04724409448819 225.92125984251967 46.488188976377955 14.456692913385826 5
100.91338582677166 225.92125984251967 23.244094488188978 14.456692913385826 Le
112.53543307086615 225.92125984251967 46.488188976377955 14.456692913385826 mariage,
147.4015748031496 225.92125984251967 23.244094488188978 14.456692913385826 de
159.0236220472441 225.92125984251967 38.55118110236221 14.456692913385826 Witold
185.95275590551182 225.92125984251967 58.110236220472444 14.456692913385826 Gombrowicz,
228.4724409448819 225.92125984251967 27.212598425196852 14.456692913385826 1964.

36.56692913385827 264.755905511811 61.22834645669291 14.740157480314961 AUTRICHE

77.10236220472441 289.13385826771656 51.59055118110236 12.755905511811024 Brigit
116.78740157480316 289.13385826771656 59.52755905511811 12.755905511811024 HUTTER
164.40944881889763 289.13385826771656 27.77952755905512 12.755905511811024 née
180.28346456692913 289.13385826771656 23.811023622047244 12.755905511811024 en
192.4724409448819 289.13385826771656 31.748031496062993 12.755905511811024 1941
212.31496062992127 289.13385826771656 19.84251968503937 12.755905511811024 à
220.251968503937 289.13385826771656 39.68503937007874 12.755905511811024 Vienne
244.06299212598427 289.13385826771656 51.59055118110236 12.755905511811024 (Autriche).

65.76377952755905 300.755905511811 45.92125984251968 13.606299212598426 6
100.06299212598425 300.755905511811 34.2992125984252 13.606299212598426 Noces
123.02362204724409 300.755905511811 22.96062992125984 13.606299212598426 de
134.36220472440945 300.755905511811 30.614173228346456 13.606299212598426 sang
153.63779527559055 300.755905511811 22.96062992125984 13.606299212598426 de
164.9763779527559 300.755905511811 45.92125984251968 13.606299212598426 Federico
199.2755905511811 300.755905511811 38.267716535433074 13.606299212598426 Garcia
226.20472440944883 300.755905511811 38.267716535433074 13.606299212598426 Lorca,
249.16535433070865 300.755905511811 26.64566929133858 13.606299212598426 1965.

37.7007874015748 335.0551181102362 41.10236220472441 16.724409448818896 BRESIL

75.11811023622047 356.31496062992125 42.803149606299215 17.291338582677167 Joël
106.2992125984252 356.31496062992125 23.244094488188978 17.291338582677167 de
117.92125984251969 356.31496062992125 66.33070866141732 17.291338582677167 CARVALHO
172.62992125984252 356.31496062992125 23.244094488188978 17.291338582677167 né
184.251968503937 356.31496062992125 23.244094488188978 17.291338582677167 en
195.8740157480315 356.31496062992125 31.181102362204726 17.291338582677167 1930
215.43307086614172 356.31496062992125 19.559055118110237 17.291338582677167 à
223.37007874015748 356.31496062992125 42.803149606299215 17.291338582677167 Niteroi
250.58267716535434 356.31496062992125 42.803149606299215 17.291338582677167 (Brésil).

64.62992125984252 369.6377952755906 44.22047244094488 11.905511811023622 7
97.79527559055119 369.6377952755906 22.11023622047244 11.905511811023622 La
108.85039370078741 369.6377952755906 33.16535433070866 11.905511811023622 folle
130.96062992125985 369.6377952755906 22.11023622047244 11.905511811023622 de
142.01574803149606 369.6377952755906 47.90551181102362 11.905511811023622 Chaillot,
178.58267716535434 369.6377952755906 22.11023622047244 11.905511811023622 de
189.63779527559055 369.6377952755906 29.480314960629922 11.905511811023622 Jean
208.06299212598427 369.6377952755906 51.59055118110236 11.905511811023622 Giraudoux,
244.91338582677164 369.6377952755906 25.79527559055118 11.905511811023622 1965.

64.91338582677166 379.2755905511811 45.63779527559055 13.606299212598426 8
98.92913385826772 379.2755905511811 34.2992125984252 13.606299212598426 Noces
121.88976377952756 379.2755905511811 22.677165354330707 13.606299212598426 de
133.22834645669292 379.2755905511811 34.2992125984252 13.606299212598426 sang,
155.90551181102362 379.2755905511811 22.677165354330707 13.606299212598426 de
167.24409448818898 379.2755905511811 45.63779527559055 13.606299212598426 Federico
201.54330708661416 379.2755905511811 37.98425196850393 13.606299212598426 Garcia
228.18897637795277 379.2755905511811 37.98425196850393 13.606299212598426 Lorca,
250.86614173228347 379.2755905511811 26.64566929133858 13.606299212598426 1965.

35.43307086614173 414.70866141732284 56.125984251968504 17.291338582677167 CANADA

74.83464566929133 439.65354330708664 48.47244094488189 13.039370078740157 Nancy
111.11811023622047 439.65354330708664 36.28346456692913 13.039370078740157 Ellen
135.21259842519686 439.65354330708664 60.37795275590551 13.039370078740157 JOWSEY
183.4015748031496 439.65354330708664 28.062992125984252 13.039370078740157 née
199.55905511811022 439.65354330708664 24.094488188976378 13.039370078740157 en
211.748031496063 439.65354330708664 32.31496062992126 13.039370078740157 1930
231.8740157480315 439.65354330708664 20.125984251968504 13.039370078740157 à
239.81102362204723 439.65354330708664 44.22047244094488 13.039370078740157 Toronto
268.15748031496065 439.65354330708664 40.25196850393701 13.039370078740157 (Canada)

63.77952755905512 450.1417322834646 44.22047244094488 15.307086614173228 9
96.94488188976378 450.1417322834646 22.11023622047244 15.307086614173228 La
108.0 450.1417322834646 33.16535433070866 15.307086614173228 folle
130.11023622047244 450.1417322834646 22.11023622047244 15.307086614173228 de
141.16535433070865 450.1417322834646 47.90551181102362 15.307086614173228 Chaillot,
178.29921259842519 450.1417322834646 22.11023622047244 15.307086614173228 de
189.35433070866142 450.1417322834646 29.480314960629922 15.307086614173228 Jean
207.7795275590551 450.1417322834646 51.59055118110236 15.307086614173228 Giraudoux,
244.62992125984252 450.1417322834646 25.79527559055118 15.307086614173228 1965.

35.1496062992126 485.5748031496063 57.25984251968504 15.874015748031496 ESPAGNE

73.41732283464567 510.23622047244095 49.889763779527556 12.472440944881889 José
109.7007874015748 510.23622047244095 49.889763779527556 12.472440944881889 Antonio
145.70078740157481 510.23622047244095 72.28346456692914 12.472440944881889 ALCACER
204.66141732283464 510.23622047244095 27.212598425196852 12.472440944881889 né
218.26771653543307 510.23622047244095 27.212598425196852 12.472440944881889 en
231.8740157480315 510.23622047244095 36.28346456692913 12.472440944881889 1939
254.26771653543307 510.23622047244095 22.677165354330707 12.472440944881889 à
258.8031496062992 510.23622047244095 49.889763779527556 12.472440944881889 Barcelone

69.73228346456693 521.2913385826772 57.826771653543304 12.755905511811024 (Espagne).

59.24409448818898 529.2283464566929 49.60629921259842 14.740157480314961 10
97.22834645669292 529.2283464566929 34.2992125984252 14.740157480314961 Noces
120.18897637795276 529.2283464566929 22.96062992125984 14.740157480314961 de
131.5275590551181 529.2283464566929 34.2992125984252 14.740157480314961 sang,
154.48818897637796 529.2283464566929 22.96062992125984 14.740157480314961 de
166.11023622047244 529.2283464566929 45.92125984251968 14.740157480314961 Federico
200.40944881889763 529.2283464566929 38.267716535433074 14.740157480314961 Garcia
227.0551181102362 529.2283464566929 38.267716535433074 14.740157480314961 Lorca,
250.01574803149606 529.2283464566929 26.64566929133858 14.740157480314961 1965.

73.41732283464567 544.5354330708661 57.25984251968504 11.05511811023622 Adriana
118.20472440944881 544.5354330708661 69.44881889763779 11.05511811023622 BISQUERT
175.1811023622047 544.5354330708661 28.62992125984252 11.05511811023622 née
191.6220472440945 544.5354330708661 24.37795275590551 11.05511811023622 en
203.81102362204723 544.5354330708661 32.59842519685039 11.05511811023622 1941
224.2204724409449 544.5354330708661 20.409448818897637 11.05511811023622 à
232.44094488188978 544.5354330708661 40.818897637795274 11.05511811023622 Madrid
256.81889763779526 544.5354330708661 49.039370078740156 11.05511811023622 (Espagne).

57.54330708661417 553.0393700787401 50.74015748031496 18.4251968503937 11
96.66141732283465 553.0393700787401 35.1496062992126 18.4251968503937 Noces
119.90551181102362 553.0393700787401 23.52755905511811 18.4251968503937 de
131.81102362204723 553.0393700787401 35.1496062992126 18.4251968503937 sang,
155.0551181102362 553.0393700787401 23.52755905511811 18.4251968503937 de
166.6771653543307 553.0393700787401 46.77165354330709 18.4251968503937 Federico
201.82677165354332 553.0393700787401 39.118110236220474 18.4251968503937 Garcia
229.03937007874015 553.0393700787401 39.118110236220474 18.4251968503937 Lorca,
252.56692913385828 553.0393700787401 27.212598425196852 18.4251968503937 1965.

72.85039370078741 570.3307086614174 63.496062992125985 12.755905511811024 Vicente
122.74015748031496 570.3307086614174 27.212598425196852 12.755905511811024 de
136.3464566929134 570.3307086614174 36.28346456692913 12.755905511811024 INES
159.0236220472441 570.3307086614174 31.748031496062993 12.755905511811024 DEL
177.16535433070865 570.3307086614174 58.960629921259844 12.755905511811024 OLMO
222.51968503937007 570.3307086614174 27.212598425196852 12.755905511811024 né
236.1259842519685 570.3307086614174 27.212598425196852 12.755905511811024 en
249.73228346456693 570.3307086614174 36.28346456692913 12.755905511811024 1941
272.40944881889766 570.3307086614174 22.677165354330707 12.755905511811024 à
276.9448818897638 570.3307086614174 31.748031496062993 12.755905511811024 Madid

68.88188976377953 579.6850393700787 57.25984251968504 13.039370078740157 (Espagne).

57.826771653543304 586.7716535433071 49.889763779527556 17.291338582677167 12
96.37795275590551 586.7716535433071 34.58267716535433 17.291338582677167 Noces
119.33858267716535 586.7716535433071 22.96062992125984 17.291338582677167 de
130.96062992125985 586.7716535433071 34.58267716535433 17.291338582677167 sang,
153.92125984251967 586.7716535433071 22.96062992125984 17.291338582677167 de
165.25984251968504 586.7716535433071 45.92125984251968 17.291338582677167 Federico
199.84251968503938 586.7716535433071 38.267716535433074 17.291338582677167 Garcia
226.77165354330708 586.7716535433071 38.267716535433074 17.291338582677167 Lorca,
249.73228346456693 586.7716535433071 26.929133858267715 17.291338582677167 1965.

73.13385826771653 604.3464566929134 47.90551181102362 16.15748031496063 José
108.0 604.3464566929134 34.86614173228347 16.15748031496063 Luis
129.82677165354332 604.3464566929134 52.44094488188976 16.15748031496063 VALVERDE
168.9448818897638 604.3464566929134 65.48031496062993 16.15748031496063 FRANCO
221.38582677165354 604.3464566929134 26.078740157480315 16.15748031496063 né
234.4251968503937 604.3464566929134 26.078740157480315 16.15748031496063 en
247.46456692913387 604.3464566929134 34.86614173228347 16.15748031496063 1935
269.29133858267716 604.3464566929134 21.826771653543307 16.15748031496063 à
273.8267716535433 604.3464566929134 34.86614173228347 16.15748031496063 Murcia

69.16535433070867 614.5511811023622 56.69291338582677 12.472440944881889 (Espagne).

57.54330708661417 621.6377952755905 49.889763779527556 13.606299212598426 13
96.09448818897638 621.6377952755905 34.58267716535433 13.606299212598426 Noces
119.05511811023622 621.6377952755905 22.96062992125984 13.606299212598426 de
130.39370078740157 621.6377952755905 34.58267716535433 13.606299212598426 sang,
153.35433070866142 621.6377952755905 22.96062992125984 13.606299212598426 de
164.9763779527559 621.6377952755905 45.92125984251968 13.606299212598426 Federico
199.55905511811022 621.6377952755905 38.267716535433074 13.606299212598426 Garcia
226.20472440944883 621.6377952755905 38.267716535433074 13.606299212598426 Lorca,
249.16535433070865 621.6377952755905 26.929133858267715 13.606299212598426 1965.

54.425196850393704 641.7637795275591 22.677165354330707 13.039370078740157 168
