287.1496062992126 672.6614173228346
146.83464566929135 12.755905511811024 118.48818897637796 18.708661417322833 VOUGOSLAVIE

28.346456692913385 44.22047244094488 40.818897637795274 24.944881889763778 Nous
53.85826771653543 44.22047244094488 76.81889763779527 24.944881889763778 rencontrons
115.37007874015748 44.22047244094488 35.71653543307087 24.944881889763778 une
135.7795275590551 44.22047244094488 71.71653543307086 24.944881889763778 conception
191.90551181102362 44.22047244094488 71.71653543307086 24.944881889763778 différente
243.21259842519686 44.22047244094488 20.409448818897637 24.944881889763778 du

19.275590551181104 58.67716535433071 46.77165354330709 24.094488188976378 signe
50.45669291338583 58.67716535433071 41.669291338582674 24.094488188976378 chez
76.25196850393701 58.67716535433071 57.25984251968504 24.094488188976378 Radomir
117.92125984251969 58.67716535433071 119.62204724409449 24.094488188976378 Damnjanovic-Damnjan
221.95275590551182 58.67716535433071 36.28346456692913 24.094488188976378 qui
237.54330708661416 58.67716535433071 26.078740157480315 24.094488188976378 re-

20.125984251968504 64.91338582677166 46.20472440944882 26.64566929133858 cherche
53.85826771653543 64.91338582677166 25.228346456692915 26.64566929133858 la
66.61417322834646 64.91338582677166 46.20472440944882 26.64566929133858 netteté
100.06299212598425 64.91338582677166 25.228346456692915 26.64566929133858 de
112.81889763779527 64.91338582677166 25.228346456692915 26.64566929133858 la
125.5748031496063 64.91338582677166 50.45669291338583 26.64566929133858 peinture
163.2755905511811 64.91338582677166 29.480314960629922 26.64566929133858 par
180.28346456692913 64.91338582677166 25.228346456692915 26.64566929133858 le
192.75590551181102 64.91338582677166 58.960629921259844 26.64566929133858 traitement
234.99212598425197 64.91338582677166 29.480314960629922 26.64566929133858 équi-

19.559055118110237 79.08661417322834 49.039370078740156 24.37795275590551 valent
53.85826771653543 79.08661417322834 34.2992125984252 24.37795275590551 des
73.41732283464567 79.08661417322834 58.960629921259844 24.37795275590551 éléments
117.63779527559055 79.08661417322834 53.85826771653543 24.37795275590551 visuels
156.75590551181102 79.08661417322834 29.480314960629922 24.37795275590551 et
171.49606299212599 79.08661417322834 73.7007874015748 24.37795275590551 symboliques
230.45669291338584 79.08661417322834 34.2992125984252 24.37795275590551 par
245.1968503937008 79.08661417322834 19.559055118110237 24.37795275590551 la

20.409448818897637 89.00787401574803 60.09448818897638 22.96062992125984 réduction
66.61417322834646 89.00787401574803 60.09448818897638 22.96062992125984 graduelle
112.81889763779527 89.00787401574803 27.77952755905512 22.96062992125984 et
126.70866141732283 89.00787401574803 69.44881889763779 22.96062992125984 l’épuration
181.98425196850394 89.00787401574803 32.31496062992126 22.96062992125984 des
200.69291338582678 89.00787401574803 41.669291338582674 22.96062992125984 liens
223.6535433070866 89.00787401574803 41.669291338582674 22.96062992125984 d’asso-

20.409448818897637 99.77952755905511 48.47244094488189 24.944881889763778 ciation
55.84251968503937 99.77952755905511 35.1496062992126 24.944881889763778 avec
77.66929133858268 99.77952755905511 26.362204724409448 24.944881889763778 le
90.99212598425197 99.77952755905511 39.68503937007874 24.944881889763778 monde
117.35433070866142 99.77952755905511 57.25984251968504 24.944881889763778 objectif.
161.29133858267716 99.77952755905511 30.89763779527559 24.944881889763778 Cet
178.86614173228347 99.77952755905511 57.25984251968504 24.944881889763778 impératif
218.26771653543307 99.77952755905511 48.47244094488189 24.944881889763778 intérieur

20.125984251968504 110.83464566929133 25.228346456692915 24.094488188976378 a
30.330708661417322 110.83464566929133 35.1496062992126 24.094488188976378 son
50.45669291338583 110.83464566929133 70.2992125984252 24.094488188976378 complément
105.44881889763779 110.83464566929133 40.25196850393701 24.094488188976378 dans
130.6771653543307 110.83464566929133 35.1496062992126 24.094488188976378 une
150.8031496062992 110.83464566929133 65.19685039370079 24.094488188976378 technique
200.9763779527559 110.83464566929133 45.07086614173228 24.094488188976378 nette
231.0236220472441 110.83464566929133 30.04724409448819 24.094488188976378 et
240.9448818897638 110.83464566929133 25.228346456692915 24.094488188976378 ex-

20.69291338582677 126.99212598425197 83.62204724409449 18.141732283464567 traordinairement
87.59055118110236 126.99212598425197 41.95275590551181 18.141732283464567 précise.

30.330708661417322 135.21259842519686 28.062992125984252 22.96062992125984 La
44.22047244094488 135.21259842519686 60.661417322834644 22.96062992125984 sculpture
90.70866141732283 135.21259842519686 28.062992125984252 22.96062992125984 de
104.88188976377953 135.21259842519686 41.95275590551181 22.96062992125984 Janez
132.66141732283464 135.21259842519686 46.488188976377955 22.96062992125984 Bolika
165.25984251968504 135.21259842519686 23.244094488188978 22.96062992125984 a
174.61417322834646 135.21259842519686 32.59842519685039 22.96062992125984 ses
193.3228346456693 135.21259842519686 51.30708661417323 22.96062992125984 racines
230.45669291338584 135.21259842519686 37.41732283464567 22.96062992125984 dans
249.16535433070865 135.21259842519686 18.708661417322833 22.96062992125984 le

20.976377952755904 147.4015748031496 42.803149606299215 21.543307086614174 motif
49.60629921259842 147.4015748031496 52.15748031496063 21.543307086614174 (trouvé
87.59055118110236 147.4015748031496 37.98425196850393 21.543307086614174 dans
111.4015748031496 147.4015748031496 28.62992125984252 21.543307086614174 un
125.5748031496063 147.4015748031496 52.15748031496063 21.543307086614174 certain
163.55905511811022 147.4015748031496 47.62204724409449 21.543307086614174 milieu
197.00787401574803 147.4015748031496 28.62992125984252 21.543307086614174 de
211.1811023622047 147.4015748031496 28.62992125984252 21.543307086614174 la
220.53543307086613 147.4015748031496 47.62204724409449 21.543307086614174 campagne

20.976377952755904 156.18897637795277 63.21259842519685 22.393700787401574 slovène),
69.44881889763779 156.18897637795277 29.19685039370079 22.393700787401574 de
84.18897637795276 156.18897637795277 29.19685039370079 22.393700787401574 la
98.64566929133858 156.18897637795277 48.47244094488189 22.393700787401574 figure
132.66141732283464 156.18897637795277 38.83464566929134 22.393700787401574 d’un
157.03937007874015 156.18897637795277 43.653543307086615 22.393700787401574 homme
186.23622047244095 156.18897637795277 29.19685039370079 22.393700787401574 en
200.69291338582678 156.18897637795277 48.47244094488189 22.393700787401574 route,
229.88976377952756 156.18897637795277 38.83464566929134 22.393700787401574 chargé

21.25984251968504 169.51181102362204 36.0 19.559055118110237 d’un
43.653543307086615 169.51181102362204 53.85826771653543 19.559055118110237 fardeau.
84.18897637795276 169.51181102362204 31.46456692913386 19.559055118110237 Peu
102.04724409448819 169.51181102362204 22.393700787401574 19.559055118110237 à
111.11811023622047 169.51181102362204 31.46456692913386 19.559055118110237 peu
129.25984251968504 169.51181102362204 26.929133858267715 19.559055118110237 il
142.58267716535434 169.51181102362204 40.53543307086614 19.559055118110237 épure
169.51181102362204 169.51181102362204 26.929133858267715 19.559055118110237 ce
183.11811023622047 169.51181102362204 40.53543307086614 19.559055118110237 motif
210.04724409448818 169.51181102362204 31.46456692913386 19.559055118110237 des
223.37007874015748 169.51181102362204 45.07086614173228 19.559055118110237 détails,

20.976377952755904 181.13385826771653 28.62992125984252 19.275590551181104 le
35.43307086614173 181.13385826771653 47.62204724409449 19.275590551181104 réduit
68.5984251968504 181.13385826771653 28.62992125984252 19.275590551181104 au
82.77165354330708 181.13385826771653 56.976377952755904 19.275590551181104 problème
125.5748031496063 181.13385826771653 28.62992125984252 19.275590551181104 de
140.03149606299212 181.13385826771653 28.62992125984252 19.275590551181104 la
154.20472440944883 181.13385826771653 52.44094488188976 19.275590551181104 tension
192.18897637795277 181.13385826771653 42.803149606299215 19.275590551181104 entre
220.8188976377953 181.13385826771653 37.98425196850393 19.275590551181104 deux
239.81102362204723 181.13385826771653 28.62992125984252 19.275590551181104 élé-

21.543307086614174 187.08661417322836 45.07086614173228 24.094488188976378 ments,
53.00787401574803 187.08661417322836 26.929133858267715 24.094488188976378 le
66.61417322834646 187.08661417322836 49.60629921259842 24.094488188976378 porteur
102.61417322834646 187.08661417322836 26.929133858267715 24.094488188976378 et
116.22047244094489 187.08661417322836 26.929133858267715 24.094488188976378 le
129.82677165354332 187.08661417322836 54.14173228346457 24.094488188976378 fardeau,
170.36220472440945 187.08661417322836 26.929133858267715 24.094488188976378 et
183.96850393700788 187.08661417322836 26.929133858267715 24.094488188976378 le
197.29133858267716 187.08661417322836 58.67716535433071 24.094488188976378 transpose
238.11023622047244 187.08661417322836 31.46456692913386 24.094488188976378 ainsi

21.25984251968504 199.2755905511811 29.763779527559056 20.976377952755904 en
36.28346456692913 199.2755905511811 44.78740157480315 20.976377952755904 pures
66.33070866141732 199.2755905511811 59.811023622047244 20.976377952755904 figures.
111.11811023622047 199.2755905511811 39.968503937007874 20.976377952755904 Dans
136.06299212598427 199.2755905511811 29.763779527559056 20.976377952755904 la
150.8031496062992 199.2755905511811 64.62992125984252 20.976377952755904 technique
200.69291338582678 199.2755905511811 29.763779527559056 20.976377952755904 du
215.71653543307087 199.2755905511811 34.86614173228347 20.976377952755904 fer
230.45669291338584 199.2755905511811 39.968503937007874 20.976377952755904 soudé.

22.11023622047244 210.61417322834646 47.05511811023622 20.69291338582677 Bolika
54.99212598425197 210.61417322834646 37.41732283464567 20.69291338582677 fait
78.51968503937007 210.61417322834646 65.76377952755905 20.69291338582677 contraster
130.11023622047244 210.61417322834646 32.881889763779526 20.69291338582677 les
149.10236220472441 210.61417322834646 56.40944881889764 20.69291338582677 éléments
191.33858267716536 210.61417322834646 75.11811023622047 20.69291338582677 géométriques
247.46456692913387 210.61417322834646 23.52755905511811 20.69291338582677 des

21.826771653543307 221.38582677165354 62.36220472440945 20.409448818897637 baguettes
69.73228346456693 221.38582677165354 28.913385826771652 20.409448818897637 et
84.18897637795276 221.38582677165354 33.44881889763779 20.409448818897637 les
103.46456692913385 221.38582677165354 72.0 20.409448818897637 superficies
161.00787401574803 221.38582677165354 28.913385826771652 20.409448818897637 de
175.46456692913387 221.38582677165354 47.90551181102362 20.409448818897637 métal,
208.91338582677164 221.38582677165354 62.36220472440945 20.409448818897637 richement
252.0 221.38582677165354 19.275590551181104 20.409448818897637 et

21.826771653543307 237.82677165354332 78.51968503937007 17.007874015748033 dynamiquement
81.63779527559055 237.82677165354332 46.20472440944882 17.007874015748033 traités.

31.46456692913386 244.91338582677164 35.71653543307087 20.976377952755904 Les
51.874015748031496 244.91338582677164 56.125984251968504 20.976377952755904 dessins
92.69291338582677 244.91338582677164 25.511811023622048 20.976377952755904 à
103.18110236220473 244.91338582677164 56.125984251968504 20.976377952755904 l’encre
144.0 244.91338582677164 30.614173228346456 20.976377952755904 de
159.30708661417322 244.91338582677164 45.92125984251968 20.976377952755904 chine
189.92125984251967 244.91338582677164 30.614173228346456 20.976377952755904 de
205.22834645669292 244.91338582677164 45.92125984251968 20.976377952755904 Dimce
231.0236220472441 244.91338582677164 40.818897637795274 20.976377952755904 Naumov

22.393700787401574 256.53543307086613 35.71653543307087 21.543307086614174 sont
44.78740157480315 256.53543307086613 71.14960629921259 21.543307086614174 caractérisés
102.61417322834646 256.53543307086613 31.181102362204726 21.543307086614174 par
120.4724409448819 256.53543307086613 26.64566929133858 21.543307086614174 la
133.79527559055117 256.53543307086613 71.14960629921259 21.543307086614174 construction
191.6220472440945 256.53543307086613 62.36220472440945 21.543307086614174 rigoureuse
236.1259842519685 256.53543307086613 35.71653543307087 21.543307086614174 archi-

21.826771653543307 268.7244094488189 70.58267716535433 19.275590551181104 tectonique
77.38582677165354 268.7244094488189 30.330708661417322 19.275590551181104 de
92.40944881889764 268.7244094488189 45.354330708661415 19.275590551181104 menus
122.45669291338582 268.7244094488189 60.37795275590551 19.275590551181104 éléments
167.81102362204723 268.7244094488189 40.25196850393701 19.275590551181104 qui,
193.03937007874015 268.7244094488189 70.58267716535433 19.275590551181104 cependant,
243.21259842519686 268.7244094488189 30.330708661417322 19.275590551181104 sont

22.96062992125984 279.21259842519686 49.039370078740156 19.275590551181104 traités
58.67716535433071 279.21259842519686 44.78740157480315 19.275590551181104 chacun
90.14173228346456 279.21259842519686 26.929133858267715 19.275590551181104 en
103.46456692913385 279.21259842519686 44.78740157480315 19.275590551181104 détail
134.64566929133858 279.21259842519686 26.929133858267715 19.275590551181104 et
148.251968503937 279.21259842519686 44.78740157480315 19.275590551181104 pleins
179.43307086614172 279.21259842519686 26.929133858267715 19.275590551181104 de
192.75590551181102 279.21259842519686 31.181102362204726 19.275590551181104 vie
206.36220472440945 279.21259842519686 66.89763779527559 19.275590551181104 individuelle.

23.244094488188978 292.53543307086613 32.31496062992126 15.590551181102363 Son
41.669291338582674 292.53543307086613 60.09448818897638 15.590551181102363 expresson
87.8740157480315 292.53543307086613 55.55905511811024 15.590551181102363 actuelle
129.54330708661416 292.53543307086613 60.09448818897638 15.590551181102363 s’inspire
175.748031496063 292.53543307086613 27.77952755905512 15.590551181102363 de
189.63779527559055 292.53543307086613 64.62992125984252 15.590551181102363 l’ancienne
235.84251968503938 292.53543307086613 37.13385826771653 15.590551181102363 archi-

22.393700787401574 301.8897637795276 54.14173228346457 16.440944881889763 tecture
61.511811023622045 301.8897637795276 83.62204724409449 16.440944881889763 macédonienne,
130.39370078740157 301.8897637795276 88.44094488188976 16.440944881889763 singulièrement
199.2755905511811 301.8897637795276 64.06299212598425 16.440944881889763 transposée.

32.59842519685039 316.34645669291336 55.55905511811024 17.5748031496063 Nebojsa
73.13385826771653 316.34645669291336 45.354330708661415 17.5748031496063 Delja
103.46456692913385 316.34645669291336 30.330708661417322 17.5748031496063 et
118.48818897637796 316.34645669291336 55.55905511811024 17.5748031496063 Mihajlo
158.74015748031496 316.34645669291336 60.661417322834644 17.5748031496063 Arsovski
204.3779527559055 316.34645669291336 35.43307086614173 17.5748031496063 ont
224.50393700787401 316.34645669291336 45.354330708661415 17.5748031496063 conçu
249.73228346456693 316.34645669291336 25.228346456692915 17.5748031496063 des

23.244094488188978 325.7007874015748 72.56692913385827 18.4251968503937 décorations
81.35433070866142 325.7007874015748 67.74803149606299 18.4251968503937 théâtrales
134.64566929133858 325.7007874015748 34.01574803149607 18.4251968503937 sur
153.92125984251967 325.7007874015748 34.01574803149607 18.4251968503937 des
173.1968503937008 325.7007874015748 48.47244094488189 18.4251968503937 thèmes
207.21259842519686 325.7007874015748 67.74803149606299 18.4251968503937 déterminés
255.68503937007873 325.7007874015748 19.275590551181104 18.4251968503937 et

23.52755905511811 336.18897637795277 47.62204724409449 18.141732283464567 lbres;
56.976377952755904 336.18897637795277 42.803149606299215 18.141732283464567 elles
85.32283464566929 336.18897637795277 37.98425196850393 18.141732283464567 sont
109.13385826771653 336.18897637795277 33.16535433070866 18.141732283464567 les
128.1259842519685 336.18897637795277 71.43307086614173 18.141732283464567 projections
185.10236220472441 336.18897637795277 47.62204724409449 18.141732283464567 libres
218.5511811023622 336.18897637795277 28.62992125984252 18.141732283464567 de
227.90551181102362 336.18897637795277 47.62204724409449 18.141732283464567 certains

24.094488188976378 351.7795275590551 49.889763779527556 16.15748031496063 éléments
57.54330708661417 351.7795275590551 53.85826771653543 16.15748031496063 figuratifs.

206.07874015748033 355.46456692913387 49.889763779527556 18.141732283464567 Melita
236.1259842519685 355.46456692913387 39.968503937007874 18.141732283464567 Stele.

104.03149606299213 458.6456692913386 64.62992125984252 15.590551181102363 PEINTURE
152.50393700787401 458.6456692913386 32.31496062992126 15.590551181102363 ET
163.2755905511811 458.6456692913386 43.08661417322835 15.590551181102363 DESSIN

38.267716535433074 473.38582677165357 110.83464566929133 15.307086614173228 Radomir-Damnjan
134.07874015748033 473.38582677165357 95.81102362204724 15.307086614173228 DAMNJANOVIC
214.86614173228347 473.38582677165357 30.330708661417322 15.307086614173228 né
229.88976377952756 473.38582677165357 30.330708661417322 15.307086614173228 en
244.91338582677164 473.38582677165357 40.25196850393701 15.307086614173228 1936
265.3228346456693 473.38582677165357 15.023622047244094 15.307086614173228 à

39.68503937007874 487.2755905511811 42.51968503937008 12.755905511811024 Mostar
65.19685039370079 487.2755905511811 68.31496062992126 12.755905511811024 (Vougoslavie).

30.89763779527559 492.9448818897638 43.37007874015748 14.740157480314961 1
63.496062992125985 492.9448818897638 32.59842519685039 14.740157480314961 Grand
85.32283464566929 492.9448818897638 43.37007874015748 14.740157480314961 tableau,
117.92125984251969 492.9448818897638 28.913385826771652 14.740157480314961 1965
136.06299212598427 492.9448818897638 39.68503937007874 14.740157480314961 (huile,
164.9763779527559 492.9448818897638 25.228346456692915 14.740157480314961 265
179.43307086614172 492.9448818897638 18.141732283464567 14.740157480314961 x
183.11811023622047 492.9448818897638 25.228346456692915 14.740157480314961 140).

31.181102362204726 504.0 42.51968503937008 13.32283464566929 2
63.21259842519685 504.0 42.51968503937008 13.32283464566929 Tableau,
95.24409448818898 504.0 28.346456692913385 13.32283464566929 1965
112.81889763779527 504.0 39.118110236220474 13.32283464566929 (huile,
141.16535433070865 504.0 24.944881889763778 13.32283464566929 200
155.33858267716536 504.0 17.858267716535433 13.32283464566929 x
159.0236220472441 504.0 28.346456692913385 13.32283464566929 140).»

31.181102362204726 510.8031496062992 44.78740157480315 17.858267716535433 3
64.91338582677166 510.8031496062992 26.078740157480315 17.858267716535433 Mon
79.65354330708661 510.8031496062992 33.732283464566926 17.858267716535433 matin
102.33070866141732 510.8031496062992 37.41732283464567 17.858267716535433 blanc,
128.40944881889763 510.8031496062992 30.04724409448819 17.858267716535433 1965
147.11811023622047 510.8031496062992 41.10236220472441 17.858267716535433 (huile,
177.16535433070865 510.8031496062992 26.078740157480315 17.858267716535433 265
191.90551181102362 510.8031496062992 18.708661417322833 17.858267716535433 x
195.8740157480315 510.8031496062992 26.078740157480315 17.858267716535433 145).

39.968503937007874 528.0944881889764 51.023622047244096 15.023622047244094 Dimce
78.23622047244095 528.0944881889764 63.77952755905512 15.023622047244094 NAUMOV
129.25984251968504 528.0944881889764 25.511811023622048 15.023622047244094 né
142.01574803149606 528.0944881889764 25.511811023622048 15.023622047244094 en
154.77165354330708 528.0944881889764 34.01574803149607 15.023622047244094 1938
176.31496062992127 528.0944881889764 21.25984251968504 15.023622047244094 à
184.8188976377953 528.0944881889764 38.267716535433074 15.023622047244094 Titoy
210.33070866141733 528.0944881889764 38.267716535433074 15.023622047244094 Veles
231.59055118110237 528.0944881889764 51.023622047244096 15.023622047244094 (Vougosla

36.28346456692913 541.4173228346457 27.496062992125985 11.05511811023622 vie).

31.181102362204726 543.1181102362204 46.488188976377955 16.440944881889763 4
66.33070866141732 543.1181102362204 23.244094488188978 16.440944881889763 SK
77.95275590551181 543.1181102362204 89.29133858267717 16.440944881889763 XXVI-VII-XXXXXXIII,
155.6220472440945 543.1181102362204 31.181102362204726 16.440944881889763 1965
174.89763779527559 543.1181102362204 38.83464566929134 16.440944881889763 (encre
202.11023622047244 543.1181102362204 23.244094488188978 16.440944881889763 de
213.73228346456693 543.1181102362204 38.83464566929134 16.440944881889763 chine,
240.9448818897638 543.1181102362204 23.244094488188978 16.440944881889763 70
252.56692913385828 543.1181102362204 19.559055118110237 16.440944881889763 x
256.53543307086613 543.1181102362204 27.212598425196852 16.440944881889763 70).»

32.031496062992126 560.6929133858267 43.93700787401575 8.78740157480315 5
65.19685039370079 560.6929133858267 40.25196850393701 8.78740157480315 VEL-VI,
94.39370078740157 560.6929133858267 29.480314960629922 8.78740157480315 1965
112.81889763779527 560.6929133858267 36.56692913385827 8.78740157480315 (encre
138.33070866141733 560.6929133858267 22.11023622047244 8.78740157480315 de
149.38582677165354 560.6929133858267 36.56692913385827 8.78740157480315 chine,
175.1811023622047 560.6929133858267 22.11023622047244 8.78740157480315 64
185.95275590551182 560.6929133858267 18.4251968503937 8.78740157480315 x
189.63779527559055 560.6929133858267 22.11023622047244 8.78740157480315 75).

31.748031496062993 565.2283464566929 43.93700787401575 18.708661417322833 6
64.62992125984252 565.2283464566929 47.62204724409449 18.708661417322833 VEL-XIII,
101.48031496062993 565.2283464566929 29.19685039370079 18.708661417322833 1965
119.62204724409449 565.2283464566929 36.56692913385827 18.708661417322833 (encre
145.41732283464566 565.2283464566929 22.11023622047244 18.708661417322833 de
156.18897637795277 565.2283464566929 36.56692913385827 18.708661417322833 chine,
181.98425196850394 565.2283464566929 22.11023622047244 18.708661417322833 66
193.03937007874015 565.2283464566929 18.4251968503937 18.708661417322833 x
196.44094488188978 565.2283464566929 22.11023622047244 18.708661417322833 70).

40.818897637795274 578.8346456692914 59.811023622047244 16.440944881889763 Zivojin
87.8740157480315 578.8346456692914 72.56692913385827 16.440944881889763 TURINSKI
147.4015748031496 578.8346456692914 25.511811023622048 16.440944881889763 né
160.15748031496062 578.8346456692914 25.511811023622048 16.440944881889763 en
173.1968503937008 578.8346456692914 34.01574803149607 16.440944881889763 1935
194.45669291338584 578.8346456692914 21.25984251968504 16.440944881889763 à
202.96062992125985 578.8346456692914 55.55905511811024 16.440944881889763 Zrenjanin
241.22834645669292 578.8346456692914 42.803149606299215 16.440944881889763 (Vougos

38.267716535433074 594.7086614173228 33.44881889763779 11.905511811023622 lavie).

32.881889763779526 598.9606299212599 42.23622047244095 16.440944881889763 7
64.62992125984252 598.9606299212599 21.25984251968504 16.440944881889763 Le
75.11811023622047 598.9606299212599 38.83464566929134 16.440944881889763 cercle,
103.46456692913385 598.9606299212599 28.346456692913385 16.440944881889763 1965
121.03937007874016 598.9606299212599 38.83464566929134 16.440944881889763 (huile,
149.38582677165354 598.9606299212599 24.661417322834644 16.440944881889763 120
163.2755905511811 598.9606299212599 17.5748031496063 16.440944881889763 x
166.96062992125985 598.9606299212599 24.661417322834644 16.440944881889763 120).

32.881889763779526 606.3307086614174 45.92125984251968 16.440944881889763 8
67.46456692913385 606.3307086614174 61.511811023622045 16.440944881889763 Métamorphose
117.35433070866142 606.3307086614174 22.96062992125984 16.440944881889763 du
128.9763779527559 606.3307086614174 42.23622047244095 16.440944881889763 cercle,
159.59055118110237 606.3307086614174 30.614173228346456 16.440944881889763 1965
178.86614173228347 606.3307086614174 42.23622047244095 16.440944881889763 (huile,
209.48031496062993 606.3307086614174 26.929133858267715 16.440944881889763 115
224.78740157480314 606.3307086614174 19.275590551181104 16.440944881889763 x
228.75590551181102 606.3307086614174 22.96062992125984 16.440944881889763 88).

32.031496062992126 621.9212598425197 60.37795275590551 10.771653543307087 9
77.38582677165354 621.9212598425197 50.173228346456696 10.771653543307087 Cercle
112.53543307086615 621.9212598425197 55.275590551181104 10.771653543307087 chargé,
152.78740157480314 621.9212598425197 40.25196850393701 10.771653543307087 1965
178.01574803149606 621.9212598425197 55.275590551181104 10.771653543307087 (huile,
218.26771653543307 621.9212598425197 35.1496062992126 10.771653543307087 100
238.39370078740157 621.9212598425197 25.228346456692915 10.771653543307087 x
248.31496062992127 621.9212598425197 45.354330708661415 10.771653543307087 100).
273.54330708661416 621.9212598425197 15.023622047244094 10.771653543307087 I

261.6377952755906 626.7401574803149 24.094488188976378 13.606299212598426 127
