307.84251968503935 660.7559055118111
32.031496062992126 10.204724409448819 171.49606299212599 22.393700787401574 MANIFESTATIONS
170.9291338582677 10.204724409448819 106.2992125984252 22.393700787401574 ANNEXES

148.251968503937 62.645669291338585 45.92125984251968 13.32283464566929 GALERIE
181.13385826771653 62.645669291338585 22.96062992125984 13.32283464566929 9

72.28346456692914 71.14960629921259 25.228346456692915 19.275590551181104 9,
85.03937007874016 71.14960629921259 29.480314960629922 19.275590551181104 rue
101.76377952755905 71.14960629921259 29.480314960629922 19.275590551181104 des
118.77165354330708 71.14960629921259 63.21259842519685 19.275590551181104 Beaux-Arts,
169.22834645669292 71.14960629921259 37.98425196850393 19.275590551181104 Paris
194.45669291338584 71.14960629921259 33.732283464566926 19.275590551181104 (6e)
215.71653543307087 71.14960629921259 20.976377952755904 19.275590551181104 —
224.2204724409449 71.14960629921259 33.732283464566926 19.275590551181104 ODE.
240.9448818897638 71.14960629921259 33.732283464566926 19.275590551181104 00

100.62992125984252 84.18897637795276 60.94488188976378 20.409448818897637 Exposition
148.251968503937 84.18897637795276 26.078740157480315 20.409448818897637 du
161.29133858267716 84.18897637795276 30.330708661417322 20.409448818897637 1er
178.86614173228347 84.18897637795276 26.078740157480315 20.409448818897637 au
191.90551181102362 84.18897637795276 26.078740157480315 20.409448818897637 31
204.9448818897638 84.18897637795276 47.90551181102362 20.409448818897637 octobre
235.2755905511811 84.18897637795276 26.078740157480315 20.409448818897637 1965

75.11811023622047 93.54330708661418 58.67716535433071 24.944881889763778 Vernissage
121.32283464566929 93.54330708661418 25.228346456692915 24.944881889763778 le
133.79527559055117 93.54330708661418 50.173228346456696 24.944881889763778 mercredi
171.49606299212599 93.54330708661418 25.228346456692915 24.944881889763778 29
183.96850393700788 93.54330708661418 54.425196850393704 24.944881889763778 septembre
225.63779527559055 93.54330708661418 25.228346456692915 24.944881889763778 de
238.39370078740157 93.54330708661418 25.228346456692915 24.944881889763778 17
250.86614173228347 93.54330708661418 20.976377952755904 24.944881889763778 à
259.0866141732283 93.54330708661418 25.228346456692915 24.944881889763778 20
267.59055118110234 93.54330708661418 16.724409448818896 24.944881889763778 h.

65.19685039370079 105.73228346456693 32.881889763779526 23.52755905511811 Tous
85.88976377952756 105.73228346456693 28.913385826771652 23.52755905511811 les
102.33070866141732 105.73228346456693 37.13385826771653 23.52755905511811 jours
127.2755905511811 105.73228346456693 32.881889763779526 23.52755905511811 sauf
147.68503937007873 105.73228346456693 24.661417322834644 23.52755905511811 le
160.15748031496062 105.73228346456693 37.13385826771653 23.52755905511811 lundi
184.8188976377953 105.73228346456693 37.13385826771653 23.52755905511811 matin
209.48031496062993 105.73228346456693 24.661417322834644 23.52755905511811 de
221.95275590551182 105.73228346456693 24.661417322834644 23.52755905511811 10
234.14173228346456 105.73228346456693 20.69291338582677 23.52755905511811 h
242.64566929133858 105.73228346456693 24.661417322834644 23.52755905511811 30
254.83464566929135 105.73228346456693 20.69291338582677 23.52755905511811 à
263.0551181102362 105.73228346456693 28.913385826771652 23.52755905511811 12n
275.5275590551181 105.73228346456693 16.440944881889763 23.52755905511811 30

138.61417322834646 119.05511811023622 25.228346456692915 15.874015748031496 et
151.37007874015748 119.05511811023622 25.228346456692915 15.874015748031496 de
163.84251968503938 119.05511811023622 25.228346456692915 15.874015748031496 14
176.5984251968504 119.05511811023622 25.228346456692915 15.874015748031496 h.
189.0708661417323 119.05511811023622 25.228346456692915 15.874015748031496 30
201.54330708661416 119.05511811023622 20.976377952755904 15.874015748031496 à
210.04724409448818 119.05511811023622 25.228346456692915 15.874015748031496 19
218.5511811023622 119.05511811023622 16.724409448818896 15.874015748031496 h.

97.51181102362204 134.36220472440945 50.74015748031496 18.4251968503937 NEUF
134.36220472440945 134.36220472440945 55.275590551181104 18.4251968503937 PEINTRES
176.03149606299212 134.36220472440945 27.77952755905512 18.4251968503937 DE
189.63779527559055 134.36220472440945 27.77952755905512 18.4251968503937 LA
198.99212598425197 134.36220472440945 64.62992125984252 18.4251968503937 BIENNALE

63.77952755905512 147.68503937007873 55.55905511811024 18.708661417322833 Avny-
105.16535433070867 147.68503937007873 55.55905511811024 18.708661417322833 Darnaud-
146.83464566929135 147.68503937007873 55.55905511811024 18.708661417322833 Gasquet-
188.50393700787401 147.68503937007873 60.09448818897638 18.708661417322833 Guichard-
229.88976377952756 147.68503937007873 60.09448818897638 18.708661417322833 Hamonet

97.22834645669292 157.03937007874015 56.976377952755904 20.125984251968504 Iscan-
136.3464566929134 157.03937007874015 126.99212598425197 20.125984251968504 Risos

49.039370078740156 170.36220472440945 49.889763779527556 24.37795275590551 Pourquoi
86.45669291338582 170.36220472440945 41.669291338582674 24.37795275590551 réunir
115.65354330708661 170.36220472440945 29.19685039370079 24.37795275590551 ces
132.3779527559055 170.36220472440945 20.69291338582677 24.37795275590551 9
140.5984251968504 170.36220472440945 49.889763779527556 24.37795275590551 peintres
178.01574803149606 170.36220472440945 24.944881889763778 24.37795275590551 de
190.48818897637796 170.36220472440945 37.41732283464567 24.37795275590551 moins
215.43307086614172 170.36220472440945 24.944881889763778 24.37795275590551 de
227.90551181102362 170.36220472440945 24.944881889763778 24.37795275590551 35
240.3779527559055 170.36220472440945 29.19685039370079 24.37795275590551 ans
256.81889763779526 170.36220472440945 33.16535433070866 24.37795275590551 dont
277.79527559055117 170.36220472440945 24.944881889763778 24.37795275590551 on
286.01574803149606 170.36220472440945 12.472440944881889 24.37795275590551 a

48.188976377952756 183.11811023622047 33.44881889763779 12.472440944881889 déjà
69.16535433070867 183.11811023622047 50.173228346456696 12.472440944881889 remarqué
106.86614173228347 183.11811023622047 29.480314960629922 12.472440944881889 les
119.62204724409449 183.11811023622047 50.173228346456696 12.472440944881889 affinités?

48.47244094488189 191.33858267716536 51.59055118110236 19.559055118110237 Peinture
87.02362204724409 191.33858267716536 38.55118110236221 19.559055118110237 riche
112.81889763779527 191.33858267716536 25.79527559055118 19.559055118110237 en
125.5748031496063 191.33858267716536 47.338582677165356 19.559055118110237 matière
160.15748031496062 191.33858267716536 25.79527559055118 19.559055118110237 ou
172.91338582677164 191.33858267716536 34.2992125984252 19.559055118110237 non,
194.45669291338584 191.33858267716536 51.59055118110236 19.559055118110237 écriture
233.00787401574803 191.33858267716536 38.55118110236221 19.559055118110237 large
258.8031496062992 191.33858267716536 25.79527559055118 19.559055118110237 ou
267.3070866141732 191.33858267716536 30.04724409448819 19.559055118110237 serée

47.05511811023622 203.24409448818898 64.06299212598425 18.708661417322833 qu’importe.
98.07874015748031 203.24409448818898 38.267716535433074 18.708661417322833 Seule
123.8740157480315 203.24409448818898 25.511811023622048 18.708661417322833 la
136.62992125984252 203.24409448818898 34.01574803149607 18.708661417322833 même
157.88976377952756 203.24409448818898 55.275590551181104 18.708661417322833 nécessité
200.40944881889763 203.24409448818898 34.01574803149607 18.708661417322833 dans
221.66929133858267 203.24409448818898 51.023622047244096 18.708661417322833 laquelle
260.2204724409449 203.24409448818898 29.763779527559056 18.708661417322833 ils
272.9763779527559 203.24409448818898 25.511811023622048 18.708661417322833 sont

47.90551181102362 210.89763779527559 63.496062992125985 20.976377952755904 d’appréhender
100.34645669291339 210.89763779527559 22.393700787401574 20.976377952755904 la
111.4015748031496 210.89763779527559 37.41732283464567 20.976377952755904 nature
137.76377952755905 210.89763779527559 30.04724409448819 20.976377952755904 dans
156.4724409448819 210.89763779527559 22.393700787401574 20.976377952755904 un
167.5275590551181 210.89763779527559 37.41732283464567 20.976377952755904 esprit
193.60629921259843 210.89763779527559 22.393700787401574 20.976377952755904 de
204.9448818897638 210.89763779527559 44.78740157480315 20.976377952755904 liberté,
238.6771653543307 210.89763779527559 30.04724409448819 20.976377952755904 sans
253.70078740157481 210.89763779527559 44.78740157480315 20.976377952755904 contrainte

47.05511811023622 220.251968503937 55.55905511811024 17.007874015748033 figurative
90.70866141732283 220.251968503937 23.811023622047244 17.007874015748033 ou
102.61417322834646 220.251968503937 39.68503937007874 17.007874015748033 autre,
130.39370078740157 220.251968503937 27.77952755905512 17.007874015748033 est
146.26771653543307 220.251968503937 31.748031496062993 17.007874015748033 leur
165.82677165354332 220.251968503937 35.71653543307087 17.007874015748033 signe
189.63779527559055 220.251968503937 23.811023622047244 17.007874015748033 de
197.5748031496063 220.251968503937 47.62204724409449 17.007874015748033 ralliement

47.62204724409449 229.88976377952756 23.811023622047244 19.84251968503937 Ce
59.52755905511811 229.88976377952756 39.68503937007874 19.84251968503937 groupe
87.30708661417323 229.88976377952756 27.77952755905512 19.84251968503937 est
103.46456692913385 229.88976377952756 23.811023622047244 19.84251968503937 le
115.37007874015748 229.88976377952756 39.68503937007874 19.84251968503937 reflet
143.1496062992126 229.88976377952756 31.748031496062993 19.84251968503937 d’un
162.99212598425197 229.88976377952756 39.68503937007874 19.84251968503937 esprit
191.0551181102362 229.88976377952756 27.77952755905512 19.84251968503937 que
206.9291338582677 229.88976377952756 31.748031496062993 19.84251968503937 l’on
226.77165354330708 229.88976377952756 51.874015748031496 19.84251968503937 rencontre
262.7716535433071 229.88976377952756 35.71653543307087 19.84251968503937 souvent

46.488188976377955 239.81102362204723 31.46456692913386 18.708661417322833 chez
66.04724409448819 239.81102362204723 27.496062992125985 18.708661417322833 les
81.92125984251969 239.81102362204723 47.05511811023622 18.708661417322833 artistes
117.07086614173228 239.81102362204723 23.52755905511811 18.708661417322833 de
128.9763779527559 239.81102362204723 35.43307086614173 18.708661417322833 cette
152.50393700787401 239.81102362204723 58.960629921259844 18.708661417322833 génération:
199.55905511811022 239.81102362204723 23.52755905511811 18.708661417322833 un
211.1811023622047 239.81102362204723 39.118110236220474 18.708661417322833 besoin
238.6771653543307 239.81102362204723 58.960629921259844 18.708661417322833 authentique
282.0472440944882 239.81102362204723 15.590551181102363 18.708661417322833 de

45.07086614173228 249.16535433070865 44.22047244094488 18.992125984251967 vérité
76.25196850393701 249.16535433070865 35.43307086614173 18.992125984251967 dans
98.36220472440945 249.16535433070865 26.64566929133858 18.992125984251967 un
111.68503937007874 249.16535433070865 44.22047244094488 18.992125984251967 combat
142.58267716535434 249.16535433070865 62.07874015748032 18.992125984251967 absolument
191.33858267716536 249.16535433070865 53.29133858267716 18.992125984251967 présent,
231.30708661417322 249.16535433070865 35.43307086614173 18.992125984251967 sans
253.41732283464566 249.16535433070865 35.43307086614173 18.992125984251967 pour
270.99212598425197 249.16535433070865 26.64566929133858 18.992125984251967 cela

45.07086614173228 258.5196850393701 45.92125984251968 18.4251968503937 vouloir
78.51968503937007 258.5196850393701 25.228346456692915 18.4251968503937 ou
91.2755905511811 258.5196850393701 25.228346456692915 18.4251968503937 le
103.74803149606299 258.5196850393701 50.173228346456696 18.4251968503937 scandale
141.4488188976378 258.5196850393701 25.228346456692915 18.4251968503937 ou
153.92125984251967 258.5196850393701 25.228346456692915 18.4251968503937 la
162.14173228346456 258.5196850393701 58.67716535433071 18.4251968503937 provocation.

91.55905511811024 430.5826771653543 67.46456692913385 20.69291338582677 GALERIE
144.56692913385828 430.5826771653543 57.826771653543304 20.69291338582677 PEINTRES
188.2204724409449 430.5826771653543 28.913385826771652 20.69291338582677 DU
197.85826771653544 430.5826771653543 53.00787401574803 20.69291338582677 MONDE

80.22047244094489 437.9527559055118 29.480314960629922 19.84251968503937 43,
97.22834645669292 437.9527559055118 29.480314960629922 19.84251968503937 rue
113.95275590551181 437.9527559055118 54.70866141732284 19.84251968503937 Vivienne,
155.90551181102362 437.9527559055118 37.98425196850393 19.84251968503937 Paris
181.13385826771653 437.9527559055118 33.732283464566926 19.84251968503937 (2e)
202.11023622047244 437.9527559055118 20.976377952755904 19.84251968503937 —
210.61417322834646 437.9527559055118 33.732283464566926 19.84251968503937 CEN.
227.33858267716536 437.9527559055118 33.732283464566926 19.84251968503937 74

87.8740157480315 452.40944881889766 60.661417322834644 16.724409448818896 Exposition
135.49606299212599 452.40944881889766 26.078740157480315 16.724409448818896 du
148.53543307086613 452.40944881889766 30.330708661417322 16.724409448818896 1er
165.82677165354332 452.40944881889766 26.078740157480315 16.724409448818896 au
178.58267716535434 452.40944881889766 26.078740157480315 16.724409448818896 26
191.6220472440945 452.40944881889766 47.62204724409449 16.724409448818896 octobre
221.95275590551182 452.40944881889766 30.330708661417322 16.724409448818896 1965.

56.125984251968504 464.59842519685037 57.826771653543304 17.5748031496063 Vernissage
101.76377952755905 464.59842519685037 24.944881889763778 17.5748031496063 le
114.23622047244095 464.59842519685037 49.60629921259842 17.5748031496063 vendredi
151.37007874015748 464.59842519685037 28.913385826771652 17.5748031496063 1er
168.09448818897638 464.59842519685037 45.63779527559055 17.5748031496063 octobre
201.25984251968504 464.59842519685037 24.944881889763778 17.5748031496063 de
213.4488188976378 464.59842519685037 24.944881889763778 17.5748031496063 17
225.92125984251967 464.59842519685037 20.69291338582677 17.5748031496063 h
234.14173228346456 464.59842519685037 24.944881889763778 17.5748031496063 30
246.61417322834646 464.59842519685037 20.69291338582677 17.5748031496063 à
254.83464566929135 464.59842519685037 24.944881889763778 17.5748031496063 20
263.33858267716533 464.59842519685037 16.440944881889763 17.5748031496063 h.

67.18110236220473 477.07086614173227 32.59842519685039 16.15748031496063 Tous
87.59055118110236 477.07086614173227 28.62992125984252 16.15748031496063 les
103.74803149606299 477.07086614173227 36.56692913385827 16.15748031496063 jours
128.1259842519685 477.07086614173227 32.59842519685039 16.15748031496063 sauf
148.53543307086613 477.07086614173227 24.37795275590551 16.15748031496063 le
161.00787401574803 477.07086614173227 49.039370078740156 16.15748031496063 dimanche
197.5748031496063 477.07086614173227 24.37795275590551 16.15748031496063 et
209.76377952755905 477.07086614173227 24.37795275590551 16.15748031496063 le
221.95275590551182 477.07086614173227 36.56692913385827 16.15748031496063 lundi
242.36220472440945 477.07086614173227 28.62992125984252 16.15748031496063 matin

83.90551181102362 487.84251968503935 25.511811023622048 18.708661417322833 de
96.66141732283465 487.84251968503935 25.511811023622048 18.708661417322833 10
109.41732283464567 487.84251968503935 21.25984251968504 18.708661417322833 h
117.92125984251969 487.84251968503935 21.25984251968504 18.708661417322833 à
126.4251968503937 487.84251968503935 25.511811023622048 18.708661417322833 13
139.1811023622047 487.84251968503935 21.25984251968504 18.708661417322833 h
147.68503937007873 487.84251968503935 25.511811023622048 18.708661417322833 30
160.44094488188978 487.84251968503935 25.511811023622048 18.708661417322833 et
173.1968503937008 487.84251968503935 25.511811023622048 18.708661417322833 de
185.95275590551182 487.84251968503935 25.511811023622048 18.708661417322833 14
198.70866141732284 487.84251968503935 21.25984251968504 18.708661417322833 h
207.21259842519686 487.84251968503935 25.511811023622048 18.708661417322833 30
219.96850393700788 487.84251968503935 21.25984251968504 18.708661417322833 à
228.4724409448819 487.84251968503935 25.511811023622048 18.708661417322833 17
236.9763779527559 487.84251968503935 17.007874015748033 18.708661417322833 h.

87.02362204724409 504.2834645669291 50.45669291338583 15.023622047244094 HUIT
123.59055118110236 504.2834645669291 54.99212598425197 15.023622047244094 PEINTRES
164.9763779527559 504.2834645669291 27.496062992125985 15.023622047244094 DE
178.86614173228347 504.2834645669291 27.496062992125985 15.023622047244094 LA
187.93700787401573 504.2834645669291 64.34645669291339 15.023622047244094 BIENNALE

83.33858267716535 513.9212598425197 64.62992125984252 15.874015748031496 CHOISIS
134.07874015748033 513.9212598425197 32.31496062992126 15.874015748031496 PAR
152.50393700787401 513.9212598425197 27.77952755905512 15.874015748031496 LA
166.39370078740157 513.9212598425197 41.669291338582674 15.874015748031496 JEUNE
189.63779527559055 513.9212598425197 64.62992125984252 15.874015748031496 CRITIQUE

43.653543307086615 524.1259842519685 106.58267716535433 21.543307086614174 Breyten-Buraglio-
137.1968503937008 524.1259842519685 89.00787401574803 21.543307086614174 Cheval-Bertrand-
208.3464566929134 524.1259842519685 79.93700787401575 21.543307086614174 Darotchetche

86.74015748031496 535.4645669291339 59.811023622047244 15.590551181102363 Ivakovic
134.64566929133858 535.4645669291339 19.84251968503937 15.590551181102363 -
142.58267716535434 535.4645669291339 43.93700787401575 15.590551181102363 Lacoste
174.33070866141733 535.4645669291339 19.84251968503937 15.590551181102363 -
182.26771653543307 535.4645669291339 39.968503937007874 15.590551181102363 Rouan-
206.07874015748033 535.4645669291339 43.93700787401575 15.590551181102363 Skira

38.55118110236221 546.8031496062993 30.330708661417322 19.84251968503937 Huit
57.25984251968504 546.8031496062993 45.354330708661415 19.84251968503937 peintres
91.55905511811024 546.8031496062993 26.64566929133858 19.84251968503937 ont
106.58267716535433 546.8031496062993 26.64566929133858 19.84251968503937 été
121.88976377952756 546.8031496062993 41.669291338582674 19.84251968503937 choisis
152.2204724409449 546.8031496062993 26.64566929133858 19.84251968503937 par
167.24409448818898 546.8031496062993 22.677165354330707 19.84251968503937 la
178.58267716535434 546.8031496062993 34.01574803149607 19.84251968503937 jeune
201.25984251968504 546.8031496062993 45.354330708661415 19.84251968503937 critique
235.55905511811022 546.8031496062993 30.330708661417322 19.84251968503937 pour
250.58267716535434 546.8031496062993 41.669291338582674 19.84251968503937 affronter

41.10236220472441 559.2755905511812 45.63779527559055 17.5748031496063 gspace
72.85039370078741 559.2755905511812 63.77952755905512 17.5748031496063 monumental
123.02362204724409 559.2755905511812 32.031496062992126 17.5748031496063 que
141.4488188976378 559.2755905511812 59.24409448818898 17.5748031496063 constitue
186.8031496062992 559.2755905511812 27.212598425196852 17.5748031496063 le
200.69291338582678 559.2755905511812 36.56692913385827 17.5748031496063 hall
223.37007874015748 559.2755905511812 27.212598425196852 17.5748031496063 du
236.9763779527559 559.2755905511812 41.10236220472441 17.5748031496063 Musée
259.65354330708664 559.2755905511812 32.031496062992126 17.5748031496063 d’Art

37.98425196850393 574.0157480314961 50.74015748031496 14.456692913385826 ivivuerne
77.10236220472441 574.0157480314961 23.52755905511811 14.456692913385826 de
89.00787401574803 574.0157480314961 23.52755905511811 14.456692913385826 la
100.62992125984252 574.0157480314961 35.1496062992126 14.456692913385826 Ville
124.15748031496064 574.0157480314961 23.52755905511811 14.456692913385826 de
135.7795275590551 574.0157480314961 39.118110236220474 14.456692913385826 Paris.
163.2755905511811 574.0157480314961 19.559055118110237 14.456692913385826 A
170.9291338582677 574.0157480314961 54.70866141732284 14.456692913385826 l’occasion
214.01574803149606 574.0157480314961 23.52755905511811 14.456692913385826 de
225.63779527559055 574.0157480314961 35.1496062992126 14.456692913385826 cette
245.1968503937008 574.0157480314961 47.05511811023622 14.456692913385826 importante

37.7007874015748 579.9685039370079 70.58267716535433 17.858267716535433 manifestation
95.81102362204724 579.9685039370079 24.944881889763778 17.858267716535433 de
108.28346456692914 579.9685039370079 24.944881889763778 17.858267716535433 la
120.75590551181102 579.9685039370079 29.19685039370079 17.858267716535433 IVe
137.48031496062993 579.9685039370079 53.85826771653543 17.858267716535433 Biennale,
178.86614173228347 579.9685039370079 24.944881889763778 17.858267716535433 et
191.33858267716536 579.9685039370079 33.16535433070866 17.858267716535433 pour
212.31496062992127 579.9685039370079 53.85826771653543 17.858267716535433 permettre
253.70078740157481 579.9685039370079 29.19685039370079 17.858267716535433 une
266.1732283464567 579.9685039370079 24.944881889763778 17.858267716535433 con-

37.7007874015748 588.7559055118111 50.173228346456696 18.141732283464567 naissance
76.25196850393701 588.7559055118111 30.89763779527559 18.141732283464567 plus
95.5275590551181 588.7559055118111 57.826771653543304 18.141732283464567 approfondie
141.73228346456693 588.7559055118111 23.244094488188978 18.141732283464567 de
153.35433070866142 588.7559055118111 42.23622047244095 18.141732283464567 l’œuvre
184.251968503937 588.7559055118111 23.244094488188978 18.141732283464567 de
195.59055118110237 588.7559055118111 26.929133858267715 18.141732283464567 ces
211.1811023622047 588.7559055118111 50.173228346456696 18.141732283464567 artistes,
249.73228346456693 588.7559055118111 23.244094488188978 18.141732283464567 la
257.38582677165357 588.7559055118111 34.58267716535433 18.141732283464567 Galerie

42.803149606299215 597.5433070866142 45.07086614173228 18.992125984251967 eintres
75.4015748031496 597.5433070866142 24.661417322834644 18.992125984251967 du
87.59055118110236 597.5433070866142 36.8503937007874 18.992125984251967 Monde
112.25196850393701 597.5433070866142 49.039370078740156 18.992125984251967 présente
148.8188976377953 597.5433070866142 24.661417322834644 18.992125984251967 un
161.29133858267716 597.5433070866142 49.039370078740156 18.992125984251967 ensemble
197.85826771653544 597.5433070866142 24.661417322834644 18.992125984251967 de
210.33070866141733 597.5433070866142 40.818897637795274 18.992125984251967 toiles
234.70866141732284 597.5433070866142 57.25984251968504 18.992125984251967 significatif

42.23622047244095 608.0314960629921 24.094488188976378 18.992125984251967 de
54.14173228346457 608.0314960629921 24.094488188976378 18.992125984251967 la
66.33070866141732 608.0314960629921 64.34645669291339 18.992125984251967 personnalité
118.77165354330708 608.0314960629921 24.094488188976378 18.992125984251967 et
130.6771653543307 608.0314960629921 28.062992125984252 18.992125984251967 des
146.83464566929135 608.0314960629921 56.40944881889764 18.992125984251967 recherches
191.0551181102362 608.0314960629921 24.094488188976378 18.992125984251967 de
203.24409448818898 608.0314960629921 40.25196850393701 18.992125984251967 chacun
231.30708661417322 608.0314960629921 44.22047244094488 18.992125984251967 d’entre
259.65354330708664 608.0314960629921 24.094488188976378 18.992125984251967 eux.

31.46456692913386 620.7874015748032 24.661417322834644 15.023622047244094 198
