307.84251968503935 672.6614173228346
-1.4173228346456692 5.952755905511811 140.31496062992127 26.362204724409448 RÉPUBLIQUE
105.73228346456693 5.952755905511811 115.65354330708661 26.362204724409448 FÉDÉRALE

-9.637795275590552 23.52755905511811 146.26771653543307 21.826771653543307 D'ALLEMAGNE

47.05511811023622 111.96850393700787 68.88188976377953 13.32283464566929 Commissaire
102.04724409448819 111.96850393700787 54.99212598425197 13.32283464566929 général:
143.43307086614172 111.96850393700787 59.52755905511811 13.32283464566929 Thomas
184.53543307086613 111.96850393700787 73.41732283464567 13.32283464566929 Grochowiak

47.90551181102362 123.8740157480315 53.00787401574803 15.023622047244094 Directeur
88.7244094488189 123.8740157480315 28.62992125984252 15.023622047244094 des
104.88188976377953 123.8740157480315 40.818897637795274 15.023622047244094 Musées
133.51181102362204 123.8740157480315 24.37795275590551 15.023622047244094 de
145.70078740157481 123.8740157480315 24.37795275590551 15.023622047244094 la
158.17322834645668 123.8740157480315 36.8503937007874 15.023622047244094 Ville
182.5511811023622 123.8740157480315 24.37795275590551 15.023622047244094 de
190.77165354330708 123.8740157480315 69.44881889763779 15.023622047244094 Recklinghausen.

31.46456692913386 150.23622047244095 60.09448818897638 14.456692913385826 L’amateur
77.66929133858268 150.23622047244095 32.31496062992126 14.456692913385826 qui
96.09448818897638 150.23622047244095 37.13385826771653 14.456692913385826 suit
119.33858267716535 150.23622047244095 78.80314960629921 14.456692913385826 attentivement
184.251968503937 150.23622047244095 32.31496062992126 14.456692913385826 les
202.6771653543307 150.23622047244095 46.20472440944882 14.456692913385826 remous
230.45669291338584 150.23622047244095 37.13385826771653 14.456692913385826 artis-

18.4251968503937 163.55905511811022 44.503937007874015 12.472440944881889 tiques
49.60629921259842 163.55905511811022 26.64566929133858 12.472440944881889 et
62.92913385826772 163.55905511811022 31.181102362204726 12.472440944881889 les
80.78740157480316 163.55905511811022 62.36220472440945 12.472440944881889 évolutions
129.82677165354332 163.55905511811022 26.64566929133858 12.472440944881889 de
143.1496062992126 163.55905511811022 26.64566929133858 12.472440944881889 la
156.4724409448819 163.55905511811022 39.968503937007874 12.472440944881889 jeune
183.4015748031496 163.55905511811022 53.574803149606296 12.472440944881889 peinture
223.37007874015748 163.55905511811022 26.64566929133858 12.472440944881889 de
236.69291338582678 163.55905511811022 26.64566929133858 12.472440944881889 la
245.48031496062993 163.55905511811022 22.393700787401574 12.472440944881889 Ré-

18.708661417322833 172.62992125984252 58.67716535433071 16.15748031496063 publique
62.645669291338585 172.62992125984252 58.67716535433071 16.15748031496063 Fédérale
106.58267716535433 172.62992125984252 63.496062992125985 16.15748031496063 Allemande
155.6220472440945 172.62992125984252 34.2992125984252 16.15748031496063 (et
175.1811023622047 172.62992125984252 39.118110236220474 16.15748031496063 cela
199.55905511811022 172.62992125984252 39.118110236220474 16.15748031496063 peut
224.2204724409449 172.62992125984252 29.480314960629922 16.15748031496063 se
233.85826771653544 172.62992125984252 34.2992125984252 16.15748031496063 faire

19.275590551181104 183.11811023622047 36.28346456692913 15.874015748031496 chez
41.95275590551181 183.11811023622047 36.28346456692913 15.874015748031496 nous
64.62992125984252 183.11811023622047 40.818897637795274 15.874015748031496 grâce
91.84251968503936 183.11811023622047 22.677165354330707 15.874015748031496 à
100.91338582677166 183.11811023622047 31.748031496062993 15.874015748031496 des
119.05511811023622 183.11811023622047 68.03149606299213 15.874015748031496 expositions
173.1968503937008 183.11811023622047 27.212598425196852 15.874015748031496 et
186.8031496062992 183.11811023622047 22.677165354330707 15.874015748031496 à
195.8740157480315 183.11811023622047 31.748031496062993 15.874015748031496 des
214.01574803149606 183.11811023622047 36.28346456692913 15.874015748031496 prix
232.15748031496062 183.11811023622047 36.28346456692913 15.874015748031496 résers

18.992125984251967 196.15748031496062 32.31496062992126 10.771653543307087 vés
37.41732283464567 196.15748031496062 32.31496062992126 10.771653543307087 aux
55.84251968503937 196.15748031496062 46.20472440944882 10.771653543307087 jeunes
88.15748031496064 196.15748031496062 46.20472440944882 10.771653543307087 chaque
120.4724409448819 196.15748031496062 41.669291338582674 10.771653543307087 année
148.251968503937 196.15748031496062 27.77952755905512 10.771653543307087 en
162.14173228346456 196.15748031496062 32.31496062992126 10.771653543307087 des
180.56692913385828 196.15748031496062 46.20472440944882 10.771653543307087 villes
208.3464566929134 196.15748031496062 60.09448818897638 10.771653543307087 différentes

17.858267716535433 207.49606299212599 53.29133858267716 9.921259842519685 telles
55.275590551181104 207.49606299212599 37.41732283464567 9.921259842519685 que
76.53543307086615 207.49606299212599 74.83464566929133 9.921259842519685 Stuttgart,
135.21259842519686 207.49606299212599 69.44881889763779 9.921259842519685 Mannheim,
188.78740157480314 207.49606299212599 79.93700787401575 9.921259842519685 Baden-Baden
247.46456692913387 207.49606299212599 21.25984251968504 9.921259842519685 ou

19.559055118110237 216.0 98.64566929133858 13.32283464566929 Recklinghausen)
102.61417322834646 216.0 72.56692913385827 13.32283464566929 remarquera
159.59055118110237 216.0 83.05511811023622 13.32283464566929 certainement
227.0551181102362 216.0 36.28346456692913 13.32283464566929 que
242.64566929133858 216.0 26.078740157480315 13.32283464566929 nos

18.4251968503937 227.33858267716536 48.188976377952756 15.307086614173228 jeunes
52.15748031496063 227.33858267716536 57.826771653543304 15.307086614173228 artistes
95.24409448818898 227.33858267716536 38.55118110236221 15.307086614173228 sont
119.33858267716535 227.33858267716536 38.55118110236221 15.307086614173228 plus
143.43307086614172 227.33858267716536 33.732283464566926 15.307086614173228 que
162.70866141732284 227.33858267716536 48.188976377952756 15.307086614173228 jamais
201.25984251968504 227.33858267716536 38.55118110236221 15.307086614173228 chez
225.0708661417323 227.33858267716536 33.732283464566926 15.307086614173228 eux
239.5275590551181 227.33858267716536 28.913385826771652 15.307086614173228 par.

18.4251968503937 237.54330708661416 42.23622047244095 15.307086614173228 tout
45.07086614173228 237.54330708661416 42.23622047244095 15.307086614173228 dans
71.43307086614173 237.54330708661416 31.748031496062993 15.307086614173228 le
81.92125984251969 237.54330708661416 42.23622047244095 15.307086614173228 monde.

32.31496062992126 248.03149606299212 60.661417322834644 17.291338582677167 Beaucoup
77.66929133858268 248.03149606299212 40.25196850393701 17.291338582677167 plus
102.89763779527559 248.03149606299212 35.43307086614173 17.291338582677167 que
123.30708661417323 248.03149606299212 30.330708661417322 17.291338582677167 la
138.33070866141733 248.03149606299212 70.58267716535433 17.291338582677167 génération
193.88976377952756 248.03149606299212 75.68503937007874 17.291338582677167 précédente,
249.4488188976378 248.03149606299212 20.125984251968504 17.291338582677167 on

19.84251968503937 262.20472440944883 34.2992125984252 13.32283464566929 les
39.40157480314961 262.20472440944883 63.496062992125985 13.32283464566929 rencontre
88.15748031496064 262.20472440944883 78.23622047244095 13.32283464566929 aujourd’hui,
151.6535433070866 262.20472440944883 24.37795275590551 13.32283464566929 à
161.5748031496063 262.20472440944883 43.93700787401575 13.32283464566929 Paris
190.77165354330708 262.20472440944883 43.93700787401575 13.32283464566929 aussi
220.251968503937 262.20472440944883 39.118110236220474 13.32283464566929 bien
239.81102362204723 262.20472440944883 29.19685039370079 13.32283464566929 qu'à

20.125984251968504 271.84251968503935 34.86614173228347 14.740157480314961 New
40.25196850393701 271.84251968503935 45.07086614173228 14.740157480314961 York.
70.2992125984252 271.84251968503935 45.07086614173228 14.740157480314961 Rome.
100.06299212598425 271.84251968503935 64.91338582677166 14.740157480314961 Amsterdam
149.95275590551182 271.84251968503935 30.04724409448819 14.740157480314961 ou
164.9763779527559 271.84251968503935 49.889763779527556 14.740157480314961 Tokio,
199.84251968503938 271.84251968503935 59.811023622047244 14.740157480314961 toujours
239.81102362204723 271.84251968503935 30.04724409448819 14.740157480314961 avec

20.409448818897637 285.1653543307087 29.19685039370079 13.039370078740157 la
34.86614173228347 285.1653543307087 39.118110236220474 13.039370078740157 même
59.52755905511811 285.1653543307087 68.31496062992126 13.039370078740157 curiosité,
113.10236220472441 285.1653543307087 29.19685039370079 13.039370078740157 le
127.84251968503936 285.1653543307087 39.118110236220474 13.039370078740157 même
152.2204724409449 285.1653543307087 78.23622047244095 13.039370078740157 enthousiasme
215.71653543307087 285.1653543307087 29.19685039370079 13.039370078740157 et
230.45669291338584 285.1653543307087 29.19685039370079 13.039370078740157 le
240.3779527559055 285.1653543307087 29.19685039370079 13.039370078740157 même

20.409448818897637 293.1023622047244 66.89763779527559 14.456692913385826 septicisme.
73.98425196850394 293.1023622047244 31.181102362204726 14.456692913385826 Ils
91.84251968503936 293.1023622047244 26.64566929133858 14.456692913385826 ne
105.16535433070867 293.1023622047244 35.71653543307087 14.456692913385826 sont
127.55905511811024 293.1023622047244 35.71653543307087 14.456692913385826 plus
149.66929133858267 293.1023622047244 44.503937007874015 14.456692913385826 isolés
180.8503937007874 293.1023622047244 26.64566929133858 14.456692913385826 et
194.45669291338584 293.1023622047244 26.64566929133858 14.456692913385826 ne
207.7795275590551 293.1023622047244 49.039370078740156 14.456692913385826 veulent
238.96062992125985 293.1023622047244 31.181102362204726 14.456692913385826 pluis

17.291338582677167 306.99212598425197 36.8503937007874 13.039370078740157 l’être.

34.01574803149607 316.9133858267717 32.31496062992126 16.15748031496063 Les
52.44094488188976 316.9133858267717 41.669291338582674 16.15748031496063 voies
80.22047244094489 316.9133858267717 27.77952755905512 16.15748031496063 et
94.11023622047244 316.9133858267717 32.31496062992126 16.15748031496063 les
112.53543307086615 316.9133858267717 46.20472440944882 16.15748031496063 moyens
145.13385826771653 316.9133858267717 27.77952755905512 16.15748031496063 de
159.0236220472441 316.9133858267717 78.80314960629921 16.15748031496063 participation
223.93700787401573 316.9133858267717 37.13385826771653 16.15748031496063 sont
242.36220472440945 316.9133858267717 27.77952755905512 16.15748031496063 ausi

21.826771653543307 330.23622047244095 56.69291338582677 13.039370078740157 multiples
65.19685039370079 330.23622047244095 34.86614173228347 13.039370078740157 chez
87.02362204724409 330.23622047244095 30.614173228346456 13.039370078740157 nos
104.31496062992126 330.23622047244095 43.653543307086615 13.039370078740157 jeunes
134.9291338582677 330.23622047244095 52.15748031496063 13.039370078740157 artistes
174.04724409448818 330.23622047244095 30.614173228346456 13.039370078740157 que
191.6220472440945 330.23622047244095 47.90551181102362 13.039370078740157 partout
221.95275590551182 330.23622047244095 47.90551181102362 13.039370078740157 ailleurs,

21.25984251968504 340.15748031496065 36.28346456692913 15.590551181102363 mais
43.93700787401575 340.15748031496065 31.748031496062993 15.590551181102363 ils
62.07874015748032 340.15748031496065 27.212598425196852 15.590551181102363 ne
75.68503937007874 340.15748031496065 49.889763779527556 15.590551181102363 perdent
111.96850393700787 340.15748031496065 31.748031496062993 15.590551181102363 pas
130.11023622047244 340.15748031496065 27.212598425196852 15.590551181102363 de
143.71653543307087 340.15748031496065 31.748031496062993 15.590551181102363 vue
161.5748031496063 340.15748031496065 31.748031496062993 15.590551181102363 que
179.71653543307087 340.15748031496065 27.212598425196852 15.590551181102363 la
193.3228346456693 340.15748031496065 72.56692913385827 15.590551181102363 flagellation
247.748031496063 340.15748031496065 22.677165354330707 15.590551181102363 des

20.976377952755904 350.0787401574803 53.85826771653543 15.023622047244094 toiles,
60.09448818897638 350.0787401574803 78.23622047244095 15.023622047244094 l’ennivrante
123.59055118110236 350.0787401574803 53.85826771653543 15.023622047244094 torture
162.70866141732284 350.0787401574803 34.2992125984252 15.023622047244094 des
182.26771653543307 350.0787401574803 53.85826771653543 15.023622047244094 pierres
221.38582677165354 350.0787401574803 29.480314960629922 15.023622047244094 et
236.1259842519685 350.0787401574803 29.480314960629922 15.023622047244094 du
246.04724409448818 350.0787401574803 24.37795275590551 15.023622047244094 bos

21.543307086614174 361.13385826771656 54.425196850393704 14.456692913385826 semblent
62.36220472440945 361.13385826771656 63.21259842519685 14.456692913385826 s’épuiser.
111.96850393700787 361.13385826771656 40.818897637795274 14.456692913385826 C’est
139.1811023622047 361.13385826771656 27.212598425196852 14.456692913385826 le
152.78740157480314 361.13385826771656 49.889763779527556 14.456692913385826 recours
189.0708661417323 361.13385826771656 54.425196850393704 14.456692913385826 objectif
229.60629921259843 361.13385826771656 31.748031496062993 14.456692913385826 aux
243.21259842519686 361.13385826771656 27.212598425196852 14.456692913385826 pos-

21.25984251968504 372.4724409448819 64.91338582677166 13.88976377952756 sibilités
71.43307086614173 372.4724409448819 30.04724409448819 13.88976377952756 de
86.1732283464567 372.4724409448819 30.04724409448819 13.88976377952756 ce
101.19685039370079 372.4724409448819 45.07086614173228 13.88976377952756 monde
131.24409448818898 372.4724409448819 30.04724409448819 13.88976377952756 et
146.26771653543307 372.4724409448819 34.86614173228347 13.88976377952756 aux
166.11023622047244 372.4724409448819 84.75590551181102 13.88976377952756 impondérables
236.1259842519685 372.4724409448819 30.04724409448819 13.88976377952756 de
246.04724409448818 372.4724409448819 24.944881889763778 13.88976377952756 nos

22.393700787401574 382.96062992125985 39.968503937007874 15.874015748031496 rêves
49.039370078740156 382.96062992125985 30.89763779527559 15.874015748031496 qui
66.89763779527559 382.96062992125985 75.4015748031496 15.874015748031496 caractérisent
128.9763779527559 382.96062992125985 30.89763779527559 15.874015748031496 les
146.5511811023622 382.96062992125985 44.22047244094488 15.874015748031496 images
177.73228346456693 382.96062992125985 26.64566929133858 15.874015748031496 et
191.0551181102362 382.96062992125985 30.89763779527559 15.874015748031496 les
208.62992125984252 382.96062992125985 62.07874015748032 15.874015748031496 plastiques
252.8503937007874 382.96062992125985 17.858267716535433 15.874015748031496 de

22.11023622047244 396.2834645669291 34.86614173228347 14.173228346456693 nos
42.23622047244095 396.2834645669291 49.889763779527556 14.173228346456693 jeunes
72.0 396.2834645669291 59.811023622047244 14.173228346456693 créateurs.

35.43307086614173 406.48818897637796 49.32283464566929 15.874015748031496 Konrad
69.73228346456693 406.48818897637796 58.960629921259844 15.874015748031496 Klapheck
113.95275590551181 406.48818897637796 29.480314960629922 15.874015748031496 se
128.9763779527559 406.48818897637796 49.32283464566929 15.874015748031496 confie
163.2755905511811 406.48818897637796 34.58267716535433 15.874015748031496 aux
182.83464566929135 406.48818897637796 58.960629921259844 15.874015748031496 machines
227.33858267716536 406.48818897637796 34.58267716535433 15.874015748031496 que
242.07874015748033 406.48818897637796 29.480314960629922 15.874015748031496 nois

22.677165354330707 420.66141732283467 60.94488188976378 12.472440944881889 côtoyons
68.31496062992126 420.66141732283467 50.74015748031496 12.472440944881889 chaque
103.74803149606299 420.66141732283467 40.53543307086614 12.472440944881889 jour
129.25984251968504 420.66141732283467 40.53543307086614 12.472440944881889 chez
154.48818897637796 420.66141732283467 40.53543307086614 12.472440944881889 nous
180.0 420.66141732283467 25.228346456692915 12.472440944881889 à
190.20472440944883 420.66141732283467 30.330708661417322 12.472440944881889 la
205.22834645669292 420.66141732283467 50.74015748031496 12.472440944881889 maison
240.9448818897638 420.66141732283467 30.330708661417322 12.472440944881889 ou
250.86614173228347 420.66141732283467 20.409448818897637 12.472440944881889 au

22.96062992125984 430.01574803149606 50.45669291338583 14.740157480314961 bureau.
59.811023622047244 430.01574803149606 27.496062992125985 14.740157480314961 Il
73.41732283464567 430.01574803149606 32.31496062992126 14.740157480314961 les
91.84251968503936 430.01574803149606 50.45669291338583 14.740157480314961 observe
128.69291338582678 430.01574803149606 27.496062992125985 14.740157480314961 et
142.58267716535434 430.01574803149606 32.31496062992126 14.740157480314961 les
161.00787401574803 430.01574803149606 45.92125984251968 14.740157480314961 décrit
193.03937007874015 430.01574803149606 36.8503937007874 14.740157480314961 avec
216.0 430.01574803149606 22.96062992125984 14.740157480314961 7
220.8188976377953 430.01574803149606 50.45669291338583 14.740157480314961 méticulo-

23.244094488188978 439.0866141732283 39.118110236220474 16.15748031496063 sité
47.62204724409449 439.0866141732283 29.19685039370079 16.15748031496063 et
62.07874015748032 439.0866141732283 34.01574803149607 16.15748031496063 les
81.63779527559055 439.0866141732283 53.574803149606296 16.15748031496063 utilise
120.75590551181102 439.0866141732283 43.93700787401575 16.15748031496063 comme
149.95275590551182 439.0866141732283 48.75590551181102 16.15748031496063 médium
183.96850393700788 439.0866141732283 29.19685039370079 16.15748031496063 de
198.70866141732284 439.0866141732283 34.01574803149607 16.15748031496063 ses
218.26771653543307 439.0866141732283 48.75590551181102 16.15748031496063 désirs
247.46456692913387 439.0866141732283 24.37795275590551 16.15748031496063 se-

23.52755905511811 449.5748031496063 41.38582677165354 17.5748031496063 crets
51.023622047244096 449.5748031496063 27.496062992125985 17.5748031496063 et
64.91338582677166 449.5748031496063 27.496062992125985 17.5748031496063 de
78.80314960629921 449.5748031496063 32.31496062992126 17.5748031496063 ses
97.22834645669292 449.5748031496063 45.92125984251968 17.5748031496063 idées.
129.25984251968504 449.5748031496063 27.496062992125985 17.5748031496063 Si
143.1496062992126 449.5748031496063 36.8503937007874 17.5748031496063 nous
166.11023622047244 449.5748031496063 32.31496062992126 17.5748031496063 les
184.53543307086613 449.5748031496063 78.23622047244095 17.5748031496063 interrogeons,
244.62992125984252 449.5748031496063 27.496062992125985 17.5748031496063 eles

23.52755905511811 460.62992125984255 55.84251968503937 17.5748031496063 parlent
64.06299212598425 460.62992125984255 25.228346456692915 17.5748031496063 à
74.26771653543307 460.62992125984255 45.63779527559055 17.5748031496063 notre
104.5984251968504 460.62992125984255 71.14960629921259 17.5748031496063 conscience
160.44094488188978 460.62992125984255 30.330708661417322 17.5748031496063 ou
175.748031496063 460.62992125984255 45.63779527559055 17.5748031496063 elles
206.07874015748033 460.62992125984255 71.14960629921259 17.5748031496063 commencent
256.81889763779526 460.62992125984255 15.307086614173228 17.5748031496063 à

24.37795275590551 474.23622047244095 38.55118110236221 11.905511811023622 nous
48.47244094488189 474.23622047244095 62.92913385826772 11.905511811023622 persuader
96.94488188976378 474.23622047244095 28.913385826771652 11.905511811023622 de
111.4015748031496 474.23622047244095 28.913385826771652 11.905511811023622 la
125.85826771653544 474.23622047244095 53.29133858267716 11.905511811023622 réalité
164.40944881889763 474.23622047244095 28.913385826771652 11.905511811023622 de
178.86614173228347 474.23622047244095 33.732283464566926 11.905511811023622 nos
193.60629921259843 474.23622047244095 38.55118110236221 11.905511811023622 rêves.

36.0 484.4409448818898 47.338582677165356 17.5748031496063 Jochen
69.16535433070867 484.4409448818898 56.69291338582677 17.5748031496063 Hiltmann
111.68503937007874 484.4409448818898 47.338582677165356 17.5748031496063 libère
144.8503937007874 484.4409448818898 28.346456692913385 17.5748031496063 le
159.0236220472441 484.4409448818898 33.16535433070866 17.5748031496063 feu
178.01574803149606 484.4409448818898 28.346456692913385 17.5748031496063 de
192.18897637795277 484.4409448818898 51.874015748031496 17.5748031496063 l’acier
229.88976377952756 484.4409448818898 28.346456692913385 17.5748031496063 et
239.24409448818898 484.4409448818898 33.16535433070866 17.5748031496063 quand

24.661417322834644 497.76377952755905 26.64566929133858 13.32283464566929 la
37.98425196850393 497.76377952755905 48.75590551181102 13.32283464566929 matière
73.41732283464567 497.76377952755905 30.89763779527559 13.32283464566929 lui
90.99212598425197 497.76377952755905 44.22047244094488 13.32283464566929 obéit,
122.1732283464567 497.76377952755905 26.64566929133858 13.32283464566929 il
135.21259842519686 497.76377952755905 44.22047244094488 13.32283464566929 coule,
166.39370078740157 497.76377952755905 26.64566929133858 13.32283464566929 du
179.43307086614172 497.76377952755905 39.68503937007874 13.32283464566929 métal
206.07874015748033 497.76377952755905 26.64566929133858 13.32283464566929 en
219.4015748031496 497.76377952755905 48.75590551181102 13.32283464566929 fusion,
250.29921259842519 497.76377952755905 22.11023622047244 13.32283464566929 des

24.944881889763778 507.40157480314963 50.45669291338583 15.307086614173228 boulets
61.511811023622045 507.40157480314963 41.38582677165354 15.307086614173228 qu’il
89.29133858267717 507.40157480314963 50.45669291338583 15.307086614173228 attaque
125.85826771653544 507.40157480314963 27.496062992125985 15.307086614173228 au
139.748031496063 507.40157480314963 32.031496062992126 15.307086614173228 fer
158.17322834645668 507.40157480314963 22.96062992125984 15.307086614173228 à
167.24409448818898 507.40157480314963 45.92125984251968 15.307086614173228 souder
199.55905511811022 507.40157480314963 36.8503937007874 15.307086614173228 pour
222.51968503937007 507.40157480314963 50.45669291338583 15.307086614173228 libérer
254.5511811023622 507.40157480314963 18.4251968503937 15.307086614173228 le

24.661417322834644 519.5905511811023 45.63779527559055 13.606299212598426 noyau
54.99212598425197 519.5905511811023 35.43307086614173 13.606299212598426 des
75.4015748031496 519.5905511811023 55.84251968503937 13.606299212598426 scories
115.93700787401575 519.5905511811023 30.330708661417322 13.606299212598426 du
131.24409448818898 519.5905511811023 50.74015748031496 13.606299212598426 moule,
166.6771653543307 519.5905511811023 45.63779527559055 13.606299212598426 tendu
197.00787401574803 519.5905511811023 25.228346456692915 13.606299212598426 à
207.21259842519686 519.5905511811023 30.330708661417322 13.606299212598426 la
222.23622047244095 519.5905511811023 50.74015748031496 13.606299212598426 limite
252.8503937007874 519.5905511811023 20.409448818897637 13.606299212598426 de

25.79527559055118 529.511811023622 73.7007874015748 14.173228346456693 l’éclatement,
86.45669291338582 529.511811023622 52.15748031496063 14.173228346456693 révélant
125.5748031496063 529.511811023622 39.118110236220474 14.173228346456693 ainsi
151.6535433070866 529.511811023622 30.330708661417322 14.173228346456693 des
168.9448818897638 529.511811023622 65.19685039370079 14.173228346456693 trouvailles
216.8503937007874 529.511811023622 56.40944881889764 14.173228346456693 inattendues

38.55118110236221 542.5511811023622 33.44881889763779 15.023622047244094 Les
57.826771653543304 542.5511811023622 52.724409448818896 15.023622047244094 plaques
96.09448818897638 542.5511811023622 62.36220472440945 15.023622047244094 profilées
144.0 542.5511811023622 28.913385826771652 15.023622047244094 de
158.45669291338584 542.5511811023622 57.54330708661417 15.023622047244094 feuilles
201.54330708661416 542.5511811023622 72.0 15.023622047244094 d’aluminium
254.26771653543307 542.5511811023622 19.275590551181104 15.023622047244094 de

26.078740157480315 555.3070866141733 45.354330708661415 13.606299212598426 Heins
56.40944881889764 555.3070866141733 45.354330708661415 13.606299212598426 Macks
86.74015748031496 555.3070866141733 40.25196850393701 13.606299212598426 sont
111.96850393700787 555.3070866141733 35.43307086614173 13.606299212598426 des
132.09448818897638 555.3070866141733 60.661417322834644 13.606299212598426 hommages
177.4488188976378 555.3070866141733 25.228346456692915 13.606299212598426 à
187.6535433070866 555.3070866141733 30.330708661417322 13.606299212598426 la
202.6771653543307 555.3070866141733 60.661417322834644 13.606299212598426 lumière.
242.9291338582677 555.3070866141733 30.330708661417322 13.606299212598426 L’ar

25.79527559055118 563.8110236220473 44.78740157480315 15.874015748031496 tiste
55.84251968503937 563.8110236220473 44.78740157480315 15.874015748031496 donne
85.60629921259843 563.8110236220473 29.763779527559056 15.874015748031496 un
100.34645669291339 563.8110236220473 49.60629921259842 15.874015748031496 rythme
135.21259842519686 563.8110236220473 34.86614173228347 15.874015748031496 aux
155.0551181102362 563.8110236220473 54.70866141732284 15.874015748031496 plaques
194.74015748031496 563.8110236220473 74.55118110236221 15.874015748031496 métalliques
249.16535433070865 563.8110236220473 24.944881889763778 15.874015748031496 en!

27.77952755905512 574.8661417322835 55.275590551181104 14.173228346456693 imprimant
70.2992125984252 574.8661417322835 29.763779527559056 14.173228346456693 des
87.30708661417323 574.8661417322835 63.77952755905512 14.173228346456693 structures,
138.33070866141733 574.8661417322835 25.511811023622048 14.173228346456693 il
151.08661417322836 574.8661417322835 42.51968503937008 14.173228346456693 laisse
180.56692913385828 574.8661417322835 42.51968503937008 14.173228346456693 couler
210.33070866141733 574.8661417322835 25.511811023622048 14.173228346456693 la
223.08661417322836 574.8661417322835 46.77165354330709 14.173228346456693 lumière
252.8503937007874 574.8661417322835 21.25984251968504 14.173228346456693 sur

27.496062992125985 585.9212598425197 46.488188976377955 15.307086614173228 elles,
59.811023622047244 585.9212598425197 32.59842519685039 15.307086614173228 les
78.51968503937007 585.9212598425197 69.73228346456693 15.307086614173228 changements
134.36220472440945 585.9212598425197 27.77952755905512 15.307086614173228 de
148.251968503937 585.9212598425197 27.77952755905512 15.307086614173228 sa
162.14173228346456 585.9212598425197 60.37795275590551 15.307086614173228 direction
208.62992125984252 585.9212598425197 27.77952755905512 15.307086614173228 et
222.8031496062992 585.9212598425197 32.59842519685039 15.307086614173228 les
236.69291338582678 585.9212598425197 37.13385826771653 15.307086614173228 varia-

27.496062992125985 596.4094488188977 43.653543307086615 14.740157480314961 tions
56.40944881889764 596.4094488188977 28.913385826771652 14.740157480314961 de
70.86614173228347 596.4094488188977 33.732283464566926 14.740157480314961 son
90.4251968503937 596.4094488188977 62.92913385826772 14.740157480314961 intensité
138.61417322834646 596.4094488188977 62.92913385826772 14.740157480314961 modifient
187.08661417322836 596.4094488188977 28.913385826771652 14.740157480314961 la
201.54330708661416 596.4094488188977 53.29133858267716 14.740157480314961 surface
240.3779527559055 596.4094488188977 28.913385826771652 14.740157480314961 et
250.01574803149606 596.4094488188977 24.094488188976378 14.740157480314961 les

28.346456692913385 607.4645669291339 53.574803149606296 13.88976377952756 reliefs;
68.5984251968504 607.4645669291339 26.929133858267715 13.88976377952756 et
82.20472440944881 607.4645669291339 26.929133858267715 13.88976377952756 se
95.5275590551181 607.4645669291339 58.110236220472444 13.88976377952756 déplaçant
140.31496062992127 607.4645669291339 26.929133858267715 13.88976377952756 çà
153.63779527559055 607.4645669291339 26.929133858267715 13.88976377952756 et
166.96062992125985 607.4645669291339 31.181102362204726 13.88976377952756 là,
184.8188976377953 607.4645669291339 26.929133858267715 13.88976377952756 la
198.4251968503937 607.4645669291339 40.25196850393701 13.88976377952756 danse
225.0708661417323 607.4645669291339 31.181102362204726 13.88976377952756 des
238.6771653543307 607.4645669291339 35.71653543307087 13.88976377952756 reflet

23.811023622047244 627.5905511811023 20.409448818897637 11.905511811023622 22
