307.84251968503935 672.6614173228346
8.78740157480315 21.826771653543307 97.79527559055119 18.708661417322833 POLOGNE

60.661417322834644 140.31496062992127 74.55118110236221 19.275590551181104 Commissaire
120.4724409448819 140.31496062992127 59.811023622047244 19.275590551181104 général:
165.25984251968504 140.31496062992127 64.62992125984252 19.275590551181104 Stanislaw
210.04724409448818 140.31496062992127 54.70866141732284 19.275590551181104 Teisseyre

62.645669291338585 153.63779527559055 55.84251968503937 20.69291338582677 Professeur
106.58267716535433 153.63779527559055 19.84251968503937 20.69291338582677 à
114.51968503937007 153.63779527559055 43.93700787401575 20.69291338582677 l’Ecole
146.5511811023622 153.63779527559055 55.84251968503937 20.69291338582677 Supérieure
190.20472440944883 153.63779527559055 28.062992125984252 20.69291338582677 des
206.36220472440945 153.63779527559055 32.031496062992126 20.69291338582677 Arts
222.23622047244095 153.63779527559055 51.874015748031496 20.69291338582677 Plastiques

56.125984251968504 164.1259842519685 46.77165354330709 14.173228346456693 Gdansk.

43.653543307086615 200.1259842519685 28.62992125984252 19.559055118110237 Ce
58.110236220472444 200.1259842519685 33.16535433070866 19.559055118110237 qui
77.10236220472441 200.1259842519685 47.62204724409449 19.559055118110237 frappe
110.26771653543307 200.1259842519685 99.77952755905511 19.559055118110237 particulièrement,
195.8740157480315 200.1259842519685 37.98425196850393 19.559055118110237 dans
219.68503937007873 200.1259842519685 28.62992125984252 19.559055118110237 ce
233.85826771653544 200.1259842519685 42.803149606299215 19.559055118110237 choix
257.6692913385827 200.1259842519685 18.992125984251967 19.559055118110237 de

30.330708661417322 210.33070866141733 52.15748031496063 19.84251968503937 travaux
68.31496062992126 210.33070866141733 66.33070866141732 19.84251968503937 d’artistes
120.18897637795276 210.33070866141733 56.69291338582677 19.84251968503937 polonais
162.99212598425197 210.33070866141733 28.346456692913385 19.84251968503937 de
177.16535433070865 210.33070866141733 28.346456692913385 19.84251968503937 la
191.33858267716536 210.33070866141733 42.51968503937008 19.84251968503937 jeune
214.86614173228347 210.33070866141733 61.511811023622045 19.84251968503937 génération,

30.04724409448819 225.35433070866142 42.51968503937008 15.307086614173228 c’est
58.67716535433071 225.35433070866142 28.346456692913385 15.307086614173228 la
72.85039370078741 225.35433070866142 61.511811023622045 15.307086614173228 diversité
120.18897637795276 225.35433070866142 33.16535433070866 15.307086614173228 des
139.1811023622047 225.35433070866142 61.511811023622045 15.307086614173228 tendances
186.51968503937007 225.35433070866142 28.346456692913385 15.307086614173228 et
200.69291338582678 225.35433070866142 33.16535433070866 15.307086614173228 des
214.86614173228347 225.35433070866142 61.511811023622045 15.307086614173228 recherches.

30.89763779527559 233.00787401574803 35.71653543307087 19.275590551181104 Elle
53.29133858267716 233.00787401574803 49.039370078740156 19.275590551181104 résulte
89.00787401574803 233.00787401574803 26.929133858267715 19.275590551181104 de
102.33070866141732 233.00787401574803 44.78740157480315 19.275590551181104 l’élan
133.79527559055117 233.00787401574803 26.929133858267715 19.275590551181104 de
147.11811023622047 233.00787401574803 53.574803149606296 19.275590551181104 nouveaux
187.37007874015748 233.00787401574803 49.039370078740156 19.275590551181104 centres
218.5511811023622 233.00787401574803 58.110236220472444 19.275590551181104 artistiques

29.480314960629922 243.49606299212599 30.614173228346456 13.88976377952756 de
44.78740157480315 243.49606299212599 46.20472440944882 13.88976377952756 notre
70.58267716535433 243.49606299212599 36.0 13.88976377952756 pays.

42.803149606299215 257.6692913385827 70.01574803149606 18.141732283464567 L’envergure
98.64566929133858 257.6692913385827 32.59842519685039 18.141732283464567 des
117.35433070866142 257.6692913385827 60.661417322834644 18.141732283464567 problèmes
164.1259842519685 257.6692913385827 46.77165354330709 18.141732283464567 posés,
197.00787401574803 257.6692913385827 28.062992125984252 18.141732283464567 la
210.89763779527559 257.6692913385827 60.661417322834644 18.141732283464567 diversité
253.13385826771653 257.6692913385827 23.244094488188978 18.141732283464567 des

28.913385826771652 270.1417322834646 52.15748031496063 16.15748031496063 visions
66.89763779527559 270.1417322834646 75.96850393700787 16.15748031496063 artistiques,
128.69291338582678 270.1417322834646 56.976377952755904 16.15748031496063 prouvent
171.49606299212599 270.1417322834646 42.803149606299215 16.15748031496063 qu’il
200.1259842519685 270.1417322834646 47.62204724409449 16.15748031496063 existe
233.29133858267716 270.1417322834646 37.98425196850393 16.15748031496063 chez
252.28346456692913 270.1417322834646 23.811023622047244 16.15748031496063 nos

29.19685039370079 281.4803149606299 61.79527559055118 13.88976377952756 artistes,
76.81889763779527 281.4803149606299 33.16535433070866 13.88976377952756 non
95.81102362204724 281.4803149606299 61.79527559055118 13.88976377952756 seulement
143.43307086614172 281.4803149606299 28.62992125984252 13.88976377952756 un
157.60629921259843 281.4803149606299 56.976377952755904 13.88976377952756 puissant
200.40944881889763 281.4803149606299 52.15748031496063 13.88976377952756 élément
233.5748031496063 281.4803149606299 42.803149606299215 13.88976377952756 créateu

29.480314960629922 291.40157480314963 28.062992125984252 14.173228346456693 et
43.37007874015748 291.40157480314963 32.59842519685039 14.173228346456693 une
62.07874015748032 291.40157480314963 55.84251968503937 14.173228346456693 tendance
103.74803149606299 291.40157480314963 23.244094488188978 14.173228346456693 à
113.10236220472441 291.40157480314963 51.30708661417323 14.173228346456693 vaincre
150.51968503937007 291.40157480314963 28.062992125984252 14.173228346456693 le
164.40944881889763 291.40157480314963 41.95275590551181 14.173228346456693 passé
192.18897637795277 291.40157480314963 28.062992125984252 14.173228346456693 et
206.36220472440945 291.40157480314963 32.59842519685039 14.173228346456693 les
220.251968503937 291.40157480314963 55.84251968503937 14.173228346456693 mouvements

28.913385826771652 301.03937007874015 49.32283464566929 16.724409448818896 encore
63.496062992125985 301.03937007874015 59.24409448818898 16.724409448818896 actuels,
108.0 301.03937007874015 39.68503937007874 16.724409448818896 mais
132.66141732283464 301.03937007874015 34.58267716535433 16.724409448818896 une
152.50393700787401 301.03937007874015 64.34645669291339 16.724409448818896 tentative
201.82677165354332 301.03937007874015 29.763779527559056 16.724409448818896 de
216.8503937007874 301.03937007874015 54.425196850393704 16.724409448818896 définir
251.43307086614172 301.03937007874015 24.661417322834644 16.724409448818896 une

29.480314960629922 311.81102362204723 53.574803149606296 15.307086614173228 position
69.73228346456693 311.81102362204723 40.25196850393701 15.307086614173228 neuve
96.66141732283465 311.81102362204723 26.929133858267715 15.307086614173228 en
109.98425196850394 311.81102362204723 35.71653543307087 15.307086614173228 face
132.3779527559055 311.81102362204723 26.929133858267715 15.307086614173228 de
145.70078740157481 311.81102362204723 26.929133858267715 15.307086614173228 la
159.30708661417322 311.81102362204723 53.574803149606296 15.307086614173228 réalité.
199.55905511811022 311.81102362204723 31.181102362204726 15.307086614173228 Ces
217.41732283464566 311.81102362204723 62.645669291338585 15.307086614173228 tentatives
262.20472440944883 311.81102362204723 13.32283464566929 15.307086614173228 à

28.913385826771652 324.8503937007874 44.503937007874015 14.456692913385826 peine
58.39370078740158 324.8503937007874 73.98425196850394 14.456692913385826 naissantes,
117.63779527559055 324.8503937007874 29.480314960629922 14.456692913385826 ce
132.3779527559055 324.8503937007874 39.40157480314961 14.456692913385826 sont
157.03937007874015 324.8503937007874 44.503937007874015 14.456692913385826 elles
186.8031496062992 324.8503937007874 34.58267716535433 14.456692913385826 qui
206.36220472440945 324.8503937007874 69.16535433070867 14.456692913385826 décideront
255.68503937007873 324.8503937007874 19.84251968503937 14.456692913385826 du

28.913385826771652 335.62204724409446 46.488188976377955 12.472440944881889 chemin
61.511811023622045 335.62204724409446 23.244094488188978 12.472440944881889 à
70.86614173228347 335.62204724409446 51.30708661417323 12.472440944881889 suivre.
108.0 335.62204724409446 28.062992125984252 12.472440944881889 Et
121.88976377952756 335.62204724409446 28.062992125984252 12.472440944881889 il
136.06299212598427 335.62204724409446 51.30708661417323 12.472440944881889 devient
173.1968503937008 335.62204724409446 51.30708661417323 12.472440944881889 évident
210.61417322834646 335.62204724409446 37.41732283464567 12.472440944881889 que,
233.85826771653544 335.62204724409446 37.41732283464567 12.472440944881889 dans
252.56692913385828 335.62204724409446 23.244094488188978 12.472440944881889 les

28.062992125984252 344.40944881889766 46.77165354330709 14.456692913385826 jeunes
60.661417322834644 344.40944881889766 37.41732283464567 14.456692913385826 arts
83.90551181102362 344.40944881889766 70.01574803149606 14.456692913385826 plastiques,
140.03149606299212 344.40944881889766 41.95275590551181 14.456692913385826 c’est
167.81102362204723 344.40944881889766 28.062992125984252 14.456692913385826 la
181.98425196850394 344.40944881889766 60.661417322834644 14.456692913385826 recherche
228.4724409448819 344.40944881889766 37.41732283464567 14.456692913385826 d’un
247.1811023622047 344.40944881889766 28.062992125984252 14.456692913385826 nou-

28.346456692913385 356.31496062992125 37.41732283464567 15.023622047244094 veau
51.59055118110236 356.31496062992125 46.488188976377955 15.023622047244094 modèle
84.18897637795276 356.31496062992125 28.062992125984252 15.023622047244094 de
98.07874015748031 356.31496062992125 41.95275590551181 15.023622047244094 l’art
126.14173228346456 356.31496062992125 60.661417322834644 15.023622047244094 figuratif
172.62992125984252 356.31496062992125 32.59842519685039 15.023622047244094 qui
191.33858267716536 356.31496062992125 55.84251968503937 15.023622047244094 apparaît
233.29133858267716 356.31496062992125 41.95275590551181 15.023622047244094 comme
256.53543307086613 356.31496062992125 18.708661417322833 15.023622047244094 la

26.929133858267715 365.38582677165357 63.21259842519685 15.590551181102363 tendance
69.16535433070867 365.38582677165357 57.826771653543304 15.590551181102363 générale.

41.38582677165354 376.7244094488189 47.62204724409449 18.992125984251967 D’autre
75.96850393700787 376.7244094488189 56.40944881889764 18.992125984251967 part-fait
119.33858267716535 376.7244094488189 34.58267716535433 18.992125984251967 très
141.16535433070865 376.7244094488189 69.44881889763779 18.992125984251967 significatif
197.5748031496063 376.7244094488189 34.58267716535433 18.992125984251967 pour
214.86614173228347 376.7244094488189 60.661417322834644 18.992125984251967 l’atmosphère

27.496062992125985 392.59842519685037 68.03149606299213 12.472440944881889 culturelle
81.07086614173228 392.59842519685037 29.19685039370079 12.472440944881889 de
95.5275590551181 392.59842519685037 43.653543307086615 12.472440944881889 notre
124.7244094488189 392.59842519685037 38.83464566929134 12.472440944881889 pays
149.10236220472441 392.59842519685037 24.37795275590551 12.472440944881889 -
158.74015748031496 392.59842519685037 43.653543307086615 12.472440944881889 notre
187.93700787401573 392.59842519685037 63.21259842519685 12.472440944881889 sélection
231.8740157480315 392.59842519685037 43.653543307086615 12.472440944881889 confime

27.496062992125985 403.37007874015745 43.653543307086615 14.173228346456693 d’une
56.69291338582677 403.37007874015745 53.574803149606296 14.173228346456693 manière
95.5275590551181 403.37007874015745 38.83464566929134 14.173228346456693 très
119.90551181102362 403.37007874015745 43.653543307086615 14.173228346456693 nette
149.10236220472441 403.37007874015745 77.95275590551181 14.173228346456693 l’importance
212.31496062992127 403.37007874015745 29.19685039370079 14.173228346456693 du
221.95275590551182 403.37007874015745 53.574803149606296 14.173228346456693 phénomène

27.212598425196852 412.7244094488189 28.062992125984252 13.606299212598426 de
41.38582677165354 412.7244094488189 28.062992125984252 13.606299212598426 la
55.55905511811024 412.7244094488189 60.94488188976378 13.606299212598426 naissance
102.33070866141732 412.7244094488189 28.062992125984252 13.606299212598426 de
116.22047244094489 412.7244094488189 56.125984251968504 13.606299212598426 nouveaux
158.45669291338584 412.7244094488189 51.59055118110236 13.606299212598426 milieux
195.8740157480315 412.7244094488189 70.2992125984252 13.606299212598426 artistiques
247.46456692913387 412.7244094488189 28.062992125984252 13.606299212598426 fott

27.212598425196852 424.9133858267717 74.83464566929133 10.488188976377952 différenciés
87.8740157480315 424.9133858267717 28.062992125984252 10.488188976377952 et
102.04724409448819 424.9133858267717 37.41732283464567 10.488188976377952 leur
125.29133858267717 424.9133858267717 79.65354330708661 10.488188976377952 développement
190.77165354330708 424.9133858267717 28.062992125984252 10.488188976377952 en
204.9448818897638 424.9133858267717 51.59055118110236 10.488188976377952 centres
237.54330708661416 424.9133858267717 37.41732283464567 10.488188976377952 artis-

26.64566929133858 433.4173228346457 49.60629921259842 14.173228346456693 tiques
61.511811023622045 433.4173228346457 69.44881889763779 14.173228346456693 autonomes.
116.22047244094489 433.4173228346457 29.763779527559056 14.173228346456693 Au
131.24409448818898 433.4173228346457 44.78740157480315 14.173228346456693 cours
161.00787401574803 433.4173228346457 34.86614173228347 14.173228346456693 des
180.8503937007874 433.4173228346457 49.60629921259842 14.173228346456693 années
215.71653543307087 433.4173228346457 29.763779527559056 14.173228346456693 de
225.63779527559055 433.4173228346457 49.60629921259842 14.173228346456693 l’après-

26.929133858267715 444.4724409448819 51.59055118110236 16.15748031496063 guerre,
64.62992125984252 444.4724409448819 42.23622047244095 16.15748031496063 outre
92.69291338582677 444.4724409448819 56.125984251968504 16.15748031496063 Varsovie
134.64566929133858 444.4724409448819 28.062992125984252 16.15748031496063 et
148.8188976377953 444.4724409448819 60.94488188976378 16.15748031496063 Cracovie,
195.59055118110237 444.4724409448819 46.77165354330709 16.15748031496063 villes
228.4724409448819 444.4724409448819 46.77165354330709 16.15748031496063 riches
256.53543307086613 444.4724409448819 18.708661417322833 16.15748031496063 en

26.64566929133858 457.2283464566929 64.62992125984252 13.039370078740157 anciennes
76.53543307086615 457.2283464566929 69.44881889763779 13.039370078740157 traditions
131.24409448818898 457.2283464566929 74.55118110236221 13.039370078740157 artistiques
190.77165354330708 457.2283464566929 79.37007874015748 13.039370078740157 apparaissent
250.29921259842519 457.2283464566929 24.944881889763778 13.039370078740157 des

26.64566929133858 467.43307086614175 53.574803149606296 12.755905511811024 centres
65.48031496062993 467.43307086614175 68.31496062992126 12.755905511811024 dynamiques
119.33858267716535 467.43307086614175 39.118110236220474 12.755905511811024 tels
143.71653543307087 467.43307086614175 34.01574803149607 12.755905511811024 que
162.99212598425197 467.43307086614175 48.75590551181102 12.755905511811024 Gdansk
197.29133858267716 467.43307086614175 34.01574803149607 12.755905511811024 et,
216.8503937007874 467.43307086614175 39.118110236220474 12.755905511811024 plus
236.1259842519685 467.43307086614175 39.118110236220474 12.755905511811024 demiè-

27.496062992125985 477.07086614173227 51.30708661417323 15.307086614173228 rement,
64.62992125984252 477.07086614173227 60.661417322834644 15.307086614173228 certaines
111.4015748031496 477.07086614173227 46.77165354330709 15.307086614173228 villes
144.28346456692913 477.07086614173227 28.062992125984252 15.307086614173228 de
158.17322834645668 477.07086614173227 56.125984251968504 15.307086614173228 Silésie,
200.1259842519685 477.07086614173227 37.41732283464567 15.307086614173228 avec
223.6535433070866 477.07086614173227 51.30708661417323 15.307086614173228 Wroclaw
256.251968503937 477.07086614173227 18.708661417322833 15.307086614173228 en

26.078740157480315 486.99212598425197 39.968503937007874 13.88976377952756 tête
51.023622047244096 486.99212598425197 30.04724409448819 13.88976377952756 et
61.22834645669291 486.99212598425197 44.78740157480315 13.88976377952756 Poznan.

38.267716535433074 500.31496062992125 22.677165354330707 17.858267716535433 A
47.338582677165356 500.31496062992125 27.212598425196852 17.858267716535433 la
60.94488188976378 500.31496062992125 31.748031496062993 17.858267716535433 IVe
79.08661417322834 500.31496062992125 54.70866141732284 17.858267716535433 Biennale
120.18897637795276 500.31496062992125 27.212598425196852 17.858267716535433 de
133.79527559055117 500.31496062992125 45.63779527559055 17.858267716535433 Paris,
165.82677165354332 500.31496062992125 31.748031496062993 17.858267716535433 les
183.96850393700788 500.31496062992125 45.63779527559055 17.858267716535433 jeunes
215.71653543307087 500.31496062992125 54.70866141732284 17.858267716535433 artistes
252.28346456692913 500.31496062992125 22.677165354330707 17.858267716535433 po-

26.64566929133858 510.23622047244095 50.74015748031496 15.307086614173228 lonais,
63.496062992125985 510.23622047244095 73.7007874015748 15.307086614173228 représentant
123.30708661417323 510.23622047244095 69.16535433070867 15.307086614173228 différentes
178.58267716535434 510.23622047244095 64.34645669291339 15.307086614173228 tentatives
229.3228346456693 510.23622047244095 27.496062992125985 15.307086614173228 et
238.39370078740157 510.23622047244095 36.8503937007874 15.307086614173228 divers

26.078740157480315 523.8425196850394 52.724409448818896 10.771653543307087 centres
64.34645669291339 523.8425196850394 76.53543307086615 10.771653543307087 artistiques,
126.70866141732283 523.8425196850394 38.267716535433074 10.771653543307087 nous
150.51968503937007 523.8425196850394 47.90551181102362 10.771653543307087 feront
183.96850393700788 523.8425196850394 62.07874015748032 10.771653543307087 connaître
231.8740157480315 523.8425196850394 33.44881889763779 10.771653543307087 les
246.33070866141733 523.8425196850394 28.62992125984252 10.771653543307087 ten-

26.362204724409448 532.3464566929134 44.503937007874015 18.4251968503937 dances
57.54330708661417 532.3464566929134 57.826771653543304 18.4251968503937 actuelles
102.04724409448819 532.3464566929134 26.64566929133858 18.4251968503937 de
115.37007874015748 532.3464566929134 39.968503937007874 18.4251968503937 notre
142.01574803149606 532.3464566929134 31.181102362204726 18.4251968503937 vie
159.8740157480315 532.3464566929134 62.07874015748032 18.4251968503937 artistique
208.62992125984252 532.3464566929134 26.64566929133858 18.4251968503937 et
217.41732283464566 532.3464566929134 57.826771653543304 18.4251968503937 culturelle.

23.52755905511811 638.0787401574803 22.677165354330707 12.188976377952756 102

180.8503937007874 623.6220472440945 58.110236220472444 16.15748031496063 Stanislaw
221.10236220472441 623.6220472440945 53.574803149606296 16.15748031496063 Teisseyre.
