334.7716535433071 660.7559055118111
41.95275590551181 286.01574803149606 41.669291338582674 20.69291338582677 lundi
69.44881889763779 286.01574803149606 27.77952755905512 20.69291338582677 25
83.33858267716535 286.01574803149606 36.8503937007874 20.69291338582677 oct.
106.58267716535433 286.01574803149606 46.20472440944882 20.69291338582677 Cinéma
138.89763779527559 286.01574803149606 27.77952755905512 20.69291338582677 et
147.96850393700788 286.01574803149606 60.09448818897638 20.69291338582677 Télévision.

197.29133858267716 7.937007874015748 111.11811023622047 14.740157480314961 COLLOQUES

42.23622047244095 134.64566929133858 65.48031496062993 20.69291338582677 Responsable:
95.24409448818898 134.64566929133858 57.25984251968504 20.69291338582677 Georges
136.06299212598427 134.64566929133858 65.48031496062993 20.69291338582677 BOUDAILLE

41.669291338582674 154.20472440944883 26.64566929133858 20.409448818897637 La
54.99212598425197 154.20472440944883 53.29133858267716 20.409448818897637 Biennale
94.96062992125984 154.20472440944883 30.89763779527559 20.409448818897637 n’a
112.53543307086615 154.20472440944883 30.89763779527559 20.409448818897637 pas
130.39370078740157 154.20472440944883 57.54330708661417 20.409448818897637 seulement
174.61417322834646 154.20472440944883 35.43307086614173 20.409448818897637 pour
196.7244094488189 154.20472440944883 30.89763779527559 20.409448818897637 but
214.58267716535434 154.20472440944883 26.64566929133858 20.409448818897637 de
227.90551181102362 154.20472440944883 62.07874015748032 20.409448818897637 confronter
272.12598425196853 154.20472440944883 22.11023622047244 20.409448818897637 des

42.23622047244095 165.54330708661416 42.803149606299215 18.992125984251967 œuvres,
73.41732283464567 165.54330708661416 31.181102362204726 18.992125984251967 elle
92.97637795275591 165.54330708661416 23.244094488188978 18.992125984251967 se
104.5984251968504 165.54330708661416 42.803149606299215 18.992125984251967 propose
135.7795275590551 165.54330708661416 50.74015748031496 18.992125984251967 également
174.61417322834646 165.54330708661416 23.244094488188978 18.992125984251967 de
186.23622047244095 165.54330708661416 38.83464566929134 18.992125984251967 réunir
213.73228346456693 165.54330708661416 27.212598425196852 18.992125984251967 des
229.3228346456693 165.54330708661416 46.77165354330709 18.992125984251967 artistes
264.18897637795277 165.54330708661416 23.244094488188978 18.992125984251967 de
272.12598425196853 165.54330708661416 23.244094488188978 18.992125984251967 tous

42.23622047244095 174.89763779527559 35.71653543307087 20.125984251968504 pays,
66.04724409448819 174.89763779527559 31.748031496062993 20.125984251968504 afin
85.88976377952756 174.89763779527559 27.77952755905512 20.125984251968504 que
101.76377952755905 174.89763779527559 23.811023622047244 20.125984251968504 de
113.38582677165354 174.89763779527559 55.55905511811024 20.125984251968504 véritables
157.03937007874015 174.89763779527559 47.62204724409449 20.125984251968504 échanges
192.75590551181102 174.89763779527559 43.653543307086615 20.125984251968504 d’idées
224.50393700787401 174.89763779527559 47.62204724409449 20.125984251968504 puissent
259.93700787401576 174.89763779527559 39.68503937007874 20.125984251968504 naître
283.748031496063 174.89763779527559 11.905511811023622 20.125984251968504 à

42.803149606299215 190.48818897637796 34.01574803149607 13.88976377952756 cette
61.511811023622045 190.48818897637796 41.669291338582674 13.88976377952756 occasion.

42.23622047244095 203.81102362204723 42.51968503937008 18.708661417322833 lundi
70.58267716535433 203.81102362204723 23.52755905511811 18.708661417322833 4
80.22047244094489 203.81102362204723 37.7007874015748 18.708661417322833 oct.
103.74803149606299 203.81102362204723 70.86614173228347 18.708661417322833 L’Urbanisme
160.44094488188978 203.81102362204723 75.68503937007874 18.708661417322833 Contemporain
221.95275590551182 203.81102362204723 61.511811023622045 18.708661417322833 (Colloque
264.4724409448819 203.81102362204723 33.16535433070866 18.708661417322833 orga-

107.71653543307086 214.58267716535434 32.031496062992126 20.409448818897637 nisé
127.84251968503936 214.58267716535434 20.125984251968504 20.409448818897637 à
135.7795275590551 214.58267716535434 56.125984251968504 20.409448818897637 l’occasion
180.0 214.58267716535434 24.094488188976378 20.409448818897637 du
191.90551181102362 214.58267716535434 44.22047244094488 20.409448818897637 Congrès
223.93700787401573 214.58267716535434 24.094488188976378 20.409448818897637 de
236.1259842519685 214.58267716535434 48.188976377952756 20.409448818897637 l’A.l.C.
268.15748031496065 214.58267716535434 24.094488188976378 20.409448818897637 A.).

41.669291338582674 231.0236220472441 41.669291338582674 25.79527559055118 lundi
69.44881889763779 231.0236220472441 27.77952755905512 25.79527559055118 11
83.33858267716535 231.0236220472441 37.13385826771653 25.79527559055118 oct.
106.58267716535433 231.0236220472441 37.13385826771653 25.79527559055118 Jazz
129.82677165354332 231.0236220472441 27.77952755905512 25.79527559055118 et
143.71653543307087 231.0236220472441 51.023622047244096 25.79527559055118 musique
176.31496062992127 231.0236220472441 74.26771653543307 25.79527559055118 contemporaine.

42.51968503937008 250.58267716535434 40.53543307086614 22.677165354330707 lundi
69.73228346456693 250.58267716535434 27.212598425196852 22.677165354330707 18
83.05511811023622 250.58267716535434 36.0 22.677165354330707 oct.
105.73228346456693 250.58267716535434 31.748031496062993 22.677165354330707 Les
123.8740157480315 250.58267716535434 49.60629921259842 22.677165354330707 Maisons
159.8740157480315 250.58267716535434 27.212598425196852 22.677165354330707 de
173.48031496062993 250.58267716535434 49.60629921259842 22.677165354330707 Culture
209.48031496062993 250.58267716535434 27.212598425196852 22.677165354330707 et
223.08661417322836 250.58267716535434 31.748031496062993 22.677165354330707 les
241.22834645669292 250.58267716535434 49.60629921259842 22.677165354330707 Centres
272.6929133858268 250.58267716535434 27.212598425196852 22.677165354330707 Dra

102.04724409448819 268.4409448818898 56.125984251968504 14.740157480314961 matiques.

43.93700787401575 303.87401574803147 39.68503937007874 20.976377952755904 lundi
70.58267716535433 303.87401574803147 30.89763779527559 20.976377952755904 1er
88.15748031496064 303.87401574803147 35.43307086614173 20.976377952755904 nov.
110.26771653543307 303.87401574803147 70.58267716535433 20.976377952755904 Enseignement
167.5275590551181 303.87401574803147 30.89763779527559 20.976377952755904 des
185.10236220472441 303.87401574803147 61.79527559055118 20.976377952755904 Beaux-Arts
233.85826771653544 303.87401574803147 26.362204724409448 20.976377952755904 et
242.64566929133858 303.87401574803147 48.47244094488189 20.976377952755904 Création.

44.78740157480315 319.18110236220474 32.881889763779526 18.992125984251967 Pour
65.48031496062993 319.18110236220474 24.661417322834644 18.992125984251967 le
77.95275590551181 319.18110236220474 53.574803149606296 18.992125984251967 programme
119.05511811023622 319.18110236220474 49.32283464566929 18.992125984251967 détaillé
155.90551181102362 319.18110236220474 24.661417322834644 18.992125984251967 de
168.3779527559055 319.18110236220474 41.10236220472441 18.992125984251967 chaque
197.00787401574803 319.18110236220474 53.574803149606296 18.992125984251967 Colloque,
238.11023622047244 319.18110236220474 24.661417322834644 18.992125984251967 se
250.58267716535434 319.18110236220474 49.32283464566929 18.992125984251967 reporter
283.46456692913387 319.18110236220474 16.440944881889763 18.992125984251967 au

44.78740157480315 330.8031496062992 54.14173228346457 15.023622047244094 calendrier
87.30708661417323 330.8031496062992 23.244094488188978 15.023622047244094 de
98.92913385826772 330.8031496062992 23.244094488188978 15.023622047244094 la
110.55118110236221 330.8031496062992 46.488188976377955 15.023622047244094 Biennale
145.41732283464566 330.8031496062992 23.244094488188978 15.023622047244094 et
157.03937007874015 330.8031496062992 23.244094488188978 15.023622047244094 au
168.66141732283464 330.8031496062992 42.51968503937008 15.023622047244094 tableau
199.55905511811022 330.8031496062992 58.110236220472444 15.023622047244094 d’affichage
246.04724409448818 330.8031496062992 19.275590551181104 15.023622047244094 à
253.70078740157481 330.8031496062992 46.488188976377955 15.023622047244094 l’entrée
284.59842519685037 330.8031496062992 15.590551181102363 15.023622047244094 du

44.503937007874015 342.99212598425197 43.93700787401575 15.307086614173228 Théâtre
76.53543307086615 342.99212598425197 47.90551181102362 15.307086614173228 d’Essai,
112.53543307086615 342.99212598425197 36.0 15.307086614173228 ainsi
136.3464566929134 342.99212598425197 36.0 15.307086614173228 qu’au
160.44094488188978 342.99212598425197 51.874015748031496 15.307086614173228 programme
200.40944881889763 342.99212598425197 51.874015748031496 15.307086614173228 distribué
240.3779527559055 342.99212598425197 32.031496062992126 15.307086614173228 dans
260.503937007874 342.99212598425197 24.094488188976378 15.307086614173228 la
268.4409448818898 342.99212598425197 32.031496062992126 15.307086614173228 salle.
