300.755905511811 645.1653543307086
191.33858267716536 16.15748031496063 89.00787401574803 16.440944881889763 CANADA

28.346456692913385 125.00787401574803 67.74803149606299 14.456692913385826 Commissaire
82.48818897637796 125.00787401574803 54.14173228346457 14.456692913385826 général:
123.02362204724409 125.00787401574803 72.28346456692914 14.456692913385826 Jean-Paul
177.16535433070865 125.00787401574803 63.21259842519685 14.456692913385826 Morisset

29.19685039370079 141.4488188976378 48.188976377952756 10.488188976377952 Délégué
64.06299212598425 141.4488188976378 26.362204724409448 10.488188976377952 de
77.38582677165354 141.4488188976378 26.362204724409448 10.488188976377952 la
90.4251968503937 141.4488188976378 48.188976377952756 10.488188976377952 Galerie
125.5748031496063 141.4488188976378 56.976377952755904 10.488188976377952 nationale
169.51181102362204 141.4488188976378 26.362204724409448 10.488188976377952 du
182.5511811023622 141.4488188976378 43.93700787401575 10.488188976377952 Canada
213.4488188976378 141.4488188976378 35.1496062992126 10.488188976377952 dans
231.0236220472441 141.4488188976378 30.614173228346456 10.488188976377952 l’Est

28.346456692913385 150.23622047244095 27.77952755905512 13.039370078740157 du
37.41732283464567 150.23622047244095 32.59842519685039 13.039370078740157 Pays.

12.472440944881889 189.92125984251967 25.79527559055118 13.039370078740157 A
22.677165354330707 189.92125984251967 67.18110236220473 13.039370078740157 mi-chemin
74.55118110236221 189.92125984251967 36.28346456692913 13.039370078740157 des
95.24409448818898 189.92125984251967 72.56692913385827 13.039370078740157 influences
152.2204724409449 189.92125984251967 36.28346456692913 13.039370078740157 qui
172.91338582677164 189.92125984251967 41.38582677165354 13.039370078740157 leur
198.70866141732284 189.92125984251967 62.07874015748032 13.039370078740157 viennent
240.09448818897638 189.92125984251967 20.69291338582677 13.039370078740157 de

1.7007874015748032 199.84251968503938 39.968503937007874 13.88976377952756 Newv
26.64566929133858 199.84251968503938 39.968503937007874 13.88976377952756 York
51.59055118110236 199.84251968503938 44.78740157480315 13.88976377952756 aussi
81.63779527559055 199.84251968503938 39.968503937007874 13.88976377952756 bien
106.58267716535433 199.84251968503938 34.86614173228347 13.88976377952756 que
126.4251968503937 199.84251968503938 30.04724409448819 13.88976377952756 de
141.4488188976378 199.84251968503938 49.889763779527556 13.88976377952756 Paris,
176.31496062992127 199.84251968503938 30.04724409448819 13.88976377952756 de
191.33858267716536 199.84251968503938 34.86614173228347 13.88976377952756 San
206.36220472440945 199.84251968503938 54.70866141732284 13.88976377952756 Francisco

0.8503937007874016 212.03149606299212 30.614173228346456 12.188976377952756 ou
16.15748031496063 212.03149606299212 40.818897637795274 12.188976377952756 même
41.669291338582674 212.03149606299212 30.614173228346456 12.188976377952756 de
56.976377952755904 212.03149606299212 51.023622047244096 12.188976377952756 Tokyo,
92.40944881889764 212.03149606299212 35.71653543307087 12.188976377952756 les
112.81889763779527 212.03149606299212 61.22834645669291 12.188976377952756 artistes
158.74015748031496 212.03149606299212 30.614173228346456 12.188976377952756 du
174.04724409448818 212.03149606299212 51.023622047244096 12.188976377952756 Canada
204.3779527559055 212.03149606299212 56.125984251968504 12.188976377952756 cherchent

1.4173228346456692 222.51968503937007 59.52755905511811 12.755905511811024 durement
45.92125984251968 222.51968503937007 39.68503937007874 12.755905511811024 leur
65.76377952755905 222.51968503937007 34.58267716535433 12.755905511811024 voie.

14.456692913385826 233.29133858267716 38.55118110236221 13.606299212598426 Des
36.28346456692913 233.29133858267716 66.04724409448819 13.606299212598426 peintres
85.88976377952756 233.29133858267716 49.60629921259842 13.606299212598426 comme
118.77165354330708 233.29133858267716 66.04724409448819 13.606299212598426 Borduas,
168.3779527559055 233.29133858267716 60.661417322834644 13.606299212598426 Pellan,
206.9291338582677 233.29133858267716 54.99212598425197 13.606299212598426 Riopelle

1.984251968503937 246.04724409448818 33.16535433070866 12.472440944881889 ont
20.976377952755904 246.04724409448818 51.874015748031496 12.472440944881889 atteint
58.67716535433071 246.04724409448818 47.05511811023622 12.472440944881889 depuis
91.84251968503936 246.04724409448818 61.22834645669291 12.472440944881889 longtemps
138.89763779527559 246.04724409448818 28.346456692913385 12.472440944881889 le
153.0708661417323 246.04724409448818 42.51968503937008 12.472440944881889 seuil
181.41732283464566 246.04724409448818 28.346456692913385 12.472440944881889 de
195.59055118110237 246.04724409448818 28.346456692913385 12.472440944881889 la
204.9448818897638 246.04724409448818 56.69291338582677 12.472440944881889 cosmogonie

1.984251968503937 257.9527559055118 76.53543307086615 11.622047244094489 personnelle.
64.34645669291339 257.9527559055118 62.36220472440945 11.622047244094489 D’autres,
112.25196850393701 257.9527559055118 52.724409448818896 11.622047244094489 parfois
150.51968503937007 257.9527559055118 43.08661417322835 11.622047244094489 leurs
179.43307086614172 257.9527559055118 52.724409448818896 11.622047244094489 élèves,
217.70078740157481 257.9527559055118 33.44881889763779 11.622047244094489 ont
232.15748031496062 257.9527559055118 28.62992125984252 11.622047244094489 éga-

1.984251968503937 266.45669291338584 47.338582677165356 14.173228346456693 lement
35.1496062992126 266.45669291338584 47.338582677165356 14.173228346456693 réussi
68.31496062992126 266.45669291338584 23.52755905511811 14.173228346456693 à
77.66929133858268 266.45669291338584 42.51968503937008 14.173228346456693 créer
106.01574803149606 266.45669291338584 37.7007874015748 14.173228346456693 leur
129.82677165354332 266.45669291338584 47.338582677165356 14.173228346456693 propre
162.99212598425197 266.45669291338584 47.338582677165356 14.173228346456693 monde,
195.8740157480315 266.45669291338584 28.346456692913385 14.173228346456693 et
210.04724409448818 266.45669291338584 23.52755905511811 14.173228346456693 à
219.68503937007873 266.45669291338584 28.346456692913385 14.173228346456693 le
229.03937007874015 266.45669291338584 33.16535433070866 14.173228346456693 créer

1.984251968503937 279.7795275590551 29.480314960629922 9.921259842519685 au
16.724409448818896 279.7795275590551 39.118110236220474 9.921259842519685 même
41.10236220472441 279.7795275590551 49.039370078740156 9.921259842519685 niveau
75.4015748031496 279.7795275590551 29.480314960629922 9.921259842519685 de
89.85826771653544 279.7795275590551 58.67716535433071 9.921259842519685 qualité.
134.07874015748033 279.7795275590551 63.496062992125985 9.921259842519685 L’ont-ils
182.83464566929135 279.7795275590551 39.118110236220474 9.921259842519685 fait
207.21259842519686 279.7795275590551 39.118110236220474 9.921259842519685 avec
226.77165354330708 279.7795275590551 34.2992125984252 9.921259842519685 moins

1.984251968503937 288.2834645669291 56.69291338582677 12.472440944881889 d’éclat?
44.503937007874015 288.2834645669291 28.346456692913385 12.472440944881889 Il
58.67716535433071 288.2834645669291 47.05511811023622 12.472440944881889 semble
91.55905511811024 288.2834645669291 51.874015748031496 12.472440944881889 parfois
129.25984251968504 288.2834645669291 47.05511811023622 12.472440944881889 qu’ils
162.4251968503937 288.2834645669291 56.69291338582677 12.472440944881889 prennent
204.66141732283464 288.2834645669291 23.52755905511811 12.472440944881889 -
214.29921259842519 288.2834645669291 28.346456692913385 12.472440944881889 ou
223.6535433070866 288.2834645669291 37.7007874015748 12.472440944881889 qu’ils

1.4173228346456692 299.62204724409446 54.99212598425197 11.905511811023622 veulent
41.669291338582674 299.62204724409446 54.99212598425197 11.905511811023622 prendre
81.63779527559055 299.62204724409446 24.944881889763778 11.905511811023622 -
91.55905511811024 299.62204724409446 45.07086614173228 11.905511811023622 comme
121.60629921259843 299.62204724409446 45.07086614173228 11.905511811023622 point
151.6535433070866 299.62204724409446 30.04724409448819 11.905511811023622 de
166.6771653543307 299.62204724409446 49.889763779527556 11.905511811023622 départ
201.54330708661416 299.62204724409446 30.04724409448819 11.905511811023622 ce
216.56692913385828 299.62204724409446 35.1496062992126 11.905511811023622 qui
231.59055118110237 299.62204724409446 30.04724409448819 11.905511811023622 pour

1.7007874015748032 308.6929133858268 54.70866141732284 12.188976377952756 d’autre
41.669291338582674 308.6929133858268 44.78740157480315 12.188976377952756 avait
71.71653543307086 308.6929133858268 34.86614173228347 12.188976377952756 été
91.55905511811024 308.6929133858268 30.04724409448819 12.188976377952756 un
106.58267716535433 308.6929133858268 74.83464566929133 12.188976377952756 achèvement,
166.39370078740157 308.6929133858268 30.04724409448819 12.188976377952756 un
181.41732283464566 308.6929133858268 49.889763779527556 12.188976377952756 sommet
211.1811023622047 308.6929133858268 49.889763779527556 12.188976377952756 diffici-

3.1181102362204722 320.31496062992125 52.724409448818896 12.472440944881889 lement
40.25196850393701 320.31496062992125 63.496062992125985 12.472440944881889 conquis:
87.8740157480315 320.31496062992125 31.748031496062993 12.472440944881889 le
103.74803149606299 320.31496062992125 89.85826771653544 12.472440944881889 dépouillement
177.73228346456693 320.31496062992125 31.748031496062993 12.472440944881889 de
193.60629921259843 320.31496062992125 63.496062992125985 12.472440944881889 Borduas,
235.84251968503938 320.31496062992125 26.362204724409448 12.472440944881889 par

1.7007874015748032 332.78740157480314 67.74803149606299 10.204724409448819 exemple.
52.44094488188976 332.78740157480314 33.732283464566926 10.204724409448819 Au
69.44881889763779 332.78740157480314 56.40944881889764 10.204724409448819 Canada
108.85039370078741 332.78740157480314 50.74015748031496 10.204724409448819 comme
142.86614173228347 332.78740157480314 73.41732283464567 10.204724409448819 ailleurs,
199.2755905511811 332.78740157480314 33.732283464566926 10.204724409448819 on
210.61417322834646 332.78740157480314 50.74015748031496 10.204724409448819 cherche

3.1181102362204722 342.4251968503937 65.76377952755905 11.622047244094489 l’écriture
54.99212598425197 342.4251968503937 28.062992125984252 11.622047244094489 du
68.88188976377953 342.4251968503937 32.881889763779526 11.622047244094489 XXe
87.8740157480315 342.4251968503937 51.59055118110236 11.622047244094489 siècle,
125.29133858267717 342.4251968503937 65.76377952755905 11.622047244094489 l’alphabet
177.16535433070865 342.4251968503937 28.062992125984252 11.622047244094489 de
191.0551181102362 342.4251968503937 42.23622047244095 11.622047244094489 l’âge
214.58267716535434 342.4251968503937 47.05511811023622 11.622047244094489 nouveau;

2.267716535433071 353.1968503937008 30.04724409448819 11.338582677165354 on
17.291338582677167 353.1968503937008 54.70866141732284 11.338582677165354 analyse
57.25984251968504 353.1968503937008 30.04724409448819 11.338582677165354 le
72.28346456692914 353.1968503937008 44.78740157480315 11.338582677165354 monde
102.04724409448819 353.1968503937008 49.889763779527556 11.338582677165354 infini
136.91338582677164 353.1968503937008 34.86614173228347 11.338582677165354 des
157.03937007874015 353.1968503937008 64.91338582677166 11.338582677165354 possibles
201.82677165354332 353.1968503937008 59.811023622047244 11.338582677165354 picturaux.

3.1181102362204722 363.68503937007875 28.62992125984252 11.622047244094489 On
17.5748031496063 363.68503937007875 47.90551181102362 11.622047244094489 repart
51.023622047244096 363.68503937007875 24.094488188976378 11.622047244094489 à
60.661417322834644 363.68503937007875 43.08661417322835 11.622047244094489 zéro-
89.29133858267717 363.68503937007875 47.90551181102362 11.622047244094489 chacun
123.02362204724409 363.68503937007875 24.094488188976378 11.622047244094489 a
132.66141732283464 363.68503937007875 33.44881889763779 11.622047244094489 son
151.6535433070866 363.68503937007875 47.90551181102362 11.622047244094489 propre
185.38582677165354 363.68503937007875 43.08661417322835 11.622047244094489 2éro.
209.1968503937008 363.68503937007875 52.724409448818896 11.622047244094489 L’exploi-

3.1181102362204722 372.755905511811 47.90551181102362 12.188976377952756 tation
36.8503937007874 372.755905511811 28.913385826771652 12.188976377952756 du
51.023622047244096 372.755905511811 52.724409448818896 12.188976377952756 hasard,
89.5748031496063 372.755905511811 28.913385826771652 12.188976377952756 ou
103.74803149606299 372.755905511811 47.90551181102362 12.188976377952756 plutôt
137.48031496062993 372.755905511811 28.913385826771652 12.188976377952756 de
151.93700787401573 372.755905511811 62.36220472440945 12.188976377952756 l’inertie
199.84251968503938 372.755905511811 47.90551181102362 12.188976377952756 propre
233.29133858267716 372.755905511811 28.913385826771652 12.188976377952756 de
242.9291338582677 372.755905511811 19.275590551181104 12.188976377952756 la

3.1181102362204722 382.6771653543307 51.874015748031496 15.023622047244094 matière
40.818897637795274 382.6771653543307 61.22834645669291 15.023622047244094 (peinture
87.8740157480315 382.6771653543307 28.346456692913385 15.023622047244094 au
102.04724409448819 382.6771653543307 42.51968503937008 15.023622047244094 jet),
130.39370078740157 382.6771653543307 37.7007874015748 15.023622047244094 chez
153.92125984251967 382.6771653543307 51.874015748031496 15.023622047244094 Gorman,
191.6220472440945 382.6771653543307 32.881889763779526 15.023622047244094 est
210.33070866141733 382.6771653543307 37.7007874015748 15.023622047244094 bien
229.3228346456693 382.6771653543307 32.881889763779526 15.023622047244094 éloi-

4.251968503937008 393.73228346456693 38.267716535433074 13.88976377952756 gnée
28.346456692913385 393.73228346456693 28.62992125984252 13.88976377952756 de
42.51968503937008 393.73228346456693 81.35433070866142 13.88976377952756 l’exploration
109.7007874015748 393.73228346456693 62.36220472440945 13.88976377952756 graphique
157.3228346456693 393.73228346456693 28.62992125984252 13.88976377952756 de
171.7795275590551 393.73228346456693 62.36220472440945 13.88976377952756 Meredith;
219.68503937007873 393.73228346456693 38.267716535433074 13.88976377952756 elle
238.96062992125985 393.73228346456693 23.811023622047244 13.88976377952756 est

3.4015748031496065 404.503937007874 55.55905511811024 13.88976377952756 pourtant
45.07086614173228 404.503937007874 41.669291338582674 13.88976377952756 aussi
72.85039370078741 404.503937007874 73.98425196850394 13.88976377952756 élémentaire,
132.9448818897638 404.503937007874 27.77952755905512 13.88976377952756 et
146.83464566929135 404.503937007874 41.669291338582674 13.88976377952756 aussi
174.61417322834646 404.503937007874 87.8740157480315 13.88976377952756 caractéristique
244.06299212598427 404.503937007874 18.4251968503937 13.88976377952756 de

3.4015748031496065 413.8582677165354 30.614173228346456 13.606299212598426 ce
18.708661417322833 413.8582677165354 35.43307086614173 13.606299212598426 qui
39.118110236220474 413.8582677165354 30.614173228346456 13.606299212598426 se
54.14173228346457 413.8582677165354 40.53543307086614 13.606299212598426 fait
79.65354330708661 413.8582677165354 25.511811023622048 13.606299212598426 à
89.85826771653544 413.8582677165354 66.04724409448819 13.606299212598426 Montréal,
140.5984251968504 413.8582677165354 25.511811023622048 13.606299212598426 à
150.8031496062992 413.8582677165354 50.74015748031496 13.606299212598426 Regina
186.23622047244095 413.8582677165354 30.614173228346456 13.606299212598426 et
201.54330708661416 413.8582677165354 25.511811023622048 13.606299212598426 à
206.64566929133858 413.8582677165354 55.84251968503937 13.606299212598426 Vancouver

3.4015748031496065 426.0472440944882 41.669291338582674 16.440944881889763 qu’à
29.480314960629922 426.0472440944882 62.645669291338585 16.440944881889763 Toronto,
76.25196850393701 426.0472440944882 41.669291338582674 16.440944881889763 dans
102.33070866141732 426.0472440944882 31.181102362204726 16.440944881889763 la
117.92125984251969 426.0472440944882 57.25984251968504 16.440944881889763 plupart
159.59055118110237 426.0472440944882 36.56692913385827 16.440944881889763 des
180.56692913385828 426.0472440944882 67.74803149606299 16.440944881889763 ateliers.
232.7244094488189 426.0472440944882 26.078740157480315 16.440944881889763 —

15.874015748031496 437.9527559055118 29.480314960629922 15.023622047244094 La
30.614173228346456 437.9527559055118 58.960629921259844 15.023622047244094 gravure,
74.83464566929133 437.9527559055118 29.480314960629922 15.023622047244094 la
89.5748031496063 437.9527559055118 63.77952755905512 15.023622047244094 sculpture
138.61417322834646 437.9527559055118 54.14173228346457 15.023622047244094 suivent
177.73228346456693 437.9527559055118 34.2992125984252 15.023622047244094 des
197.5748031496063 437.9527559055118 44.22047244094488 15.023622047244094 voies
221.95275590551182 437.9527559055118 39.40157480314961 15.023622047244094 paral-

3.6850393700787403 449.29133858267716 47.90551181102362 12.188976377952756 lèles,
37.13385826771653 449.29133858267716 38.267716535433074 12.188976377952756 mais
61.22834645669291 449.29133858267716 62.07874015748032 12.188976377952756 davantage
108.85039370078741 449.29133858267716 62.07874015748032 12.188976377952756 orientées
156.75590551181102 449.29133858267716 33.44881889763779 12.188976377952756 par
175.748031496063 449.29133858267716 33.44881889763779 12.188976377952756 les
195.0236220472441 449.29133858267716 52.724409448818896 12.188976377952756 données
228.4724409448819 449.29133858267716 33.44881889763779 12.188976377952756 tech

-1.1338582677165354 461.4803149606299 45.07086614173228 13.32283464566929 niques.

16.15748031496063 469.98425196850394 41.10236220472441 17.858267716535433 Quant
43.37007874015748 469.98425196850394 27.212598425196852 17.858267716535433 au
56.976377952755904 469.98425196850394 41.10236220472441 17.858267716535433 film,
84.4724409448819 469.98425196850394 27.212598425196852 17.858267716535433 il
98.07874015748031 469.98425196850394 27.212598425196852 17.858267716535433 se
111.68503937007874 469.98425196850394 50.173228346456696 17.858267716535433 ressent
148.251968503937 469.98425196850394 31.748031496062993 17.858267716535433 ici
166.39370078740157 469.98425196850394 41.10236220472441 17.858267716535433 aussi
193.60629921259843 469.98425196850394 27.212598425196852 17.858267716535433 du
202.6771653543307 469.98425196850394 59.24409448818898 17.858267716535433 rajeunisse-

4.251968503937008 487.84251968503935 40.53543307086614 10.771653543307087 ment
29.480314960629922 487.84251968503935 35.43307086614173 10.771653543307087 que
49.889763779527556 487.84251968503935 30.330708661417322 10.771653543307087 la
64.91338582677166 487.84251968503935 25.228346456692915 10.771653543307087 7
75.11811023622047 487.84251968503935 60.661417322834644 10.771653543307087 nouvelle
120.4724409448819 487.84251968503935 50.45669291338583 10.771653543307087 vague—
155.90551181102362 487.84251968503935 30.330708661417322 10.771653543307087 et
170.9291338582677 487.84251968503935 60.661417322834644 10.771653543307087 quelques
216.56692913385828 487.84251968503935 50.45669291338583 10.771653543307087 autres-

3.6850393700787403 496.62992125984255 25.79527559055118 14.173228346456693 a
13.88976377952756 496.62992125984255 51.30708661417323 14.173228346456693 laissé
49.889763779527556 496.62992125984255 30.89763779527559 14.173228346456693 au
65.48031496062993 496.62992125984255 46.20472440944882 14.173228346456693 monde
96.09448818897638 496.62992125984255 30.89763779527559 14.173228346456693 du
106.58267716535433 496.62992125984255 46.20472440944882 14.173228346456693 cinéma.

16.440944881889763 505.98425196850394 28.346456692913385 17.007874015748033 La
30.614173228346456 505.98425196850394 61.22834645669291 17.007874015748033 quatrième
77.95275590551181 505.98425196850394 56.69291338582677 17.007874015748033 Biennale
120.18897637795276 505.98425196850394 28.346456692913385 17.007874015748033 de
134.36220472440945 505.98425196850394 42.51968503937008 17.007874015748033 Paris
162.70866141732284 505.98425196850394 23.52755905511811 17.007874015748033 a
172.06299212598427 505.98425196850394 32.881889763779526 17.007874015748033 été
191.0551181102362 505.98425196850394 37.7007874015748 17.007874015748033 pour
214.58267716535434 505.98425196850394 28.346456692913385 17.007874015748033 le
223.93700787401573 505.98425196850394 37.7007874015748 17.007874015748033 Canada

4.535433070866142 519.5905511811023 65.76377952755905 13.32283464566929 l’occasion
56.125984251968504 519.5905511811023 28.062992125984252 13.32283464566929 de
70.2992125984252 519.5905511811023 42.23622047244095 13.32283464566929 faire
98.36220472440945 519.5905511811023 28.062992125984252 13.32283464566929 le
112.53543307086615 519.5905511811023 42.23622047244095 13.32283464566929 point
140.5984251968504 519.5905511811023 32.881889763779526 13.32283464566929 sur
159.30708661417322 519.5905511811023 28.062992125984252 13.32283464566929 sa
173.48031496062993 519.5905511811023 79.65354330708661 13.32283464566929 participation
238.96062992125985 519.5905511811023 23.52755905511811 13.32283464566929 à
243.7795275590551 519.5905511811023 18.708661417322833 13.32283464566929 ce

4.251968503937008 531.2125984251968 62.36220472440945 11.622047244094489 carrefour
52.15748031496063 531.2125984251968 81.35433070866142 11.622047244094489 international
119.05511811023622 531.2125984251968 33.44881889763779 11.622047244094489 des
138.33070866141733 531.2125984251968 38.267716535433074 11.622047244094489 arts
162.14173228346456 531.2125984251968 28.62992125984252 11.622047244094489 et
176.5984251968504 531.2125984251968 33.44881889763779 11.622047244094489 des
195.8740157480315 531.2125984251968 62.36220472440945 11.622047244094489 artistes.
238.96062992125985 531.2125984251968 23.811023622047244 11.622047244094489 Cet

3.6850393700787403 540.5669291338583 52.724409448818896 13.039370078740157 examen
40.818897637795274 540.5669291338583 37.13385826771653 13.039370078740157 m’a
61.79527559055118 540.5669291338583 47.62204724409449 13.039370078740157 amené
93.54330708661418 540.5669291338583 26.362204724409448 13.039370078740157 à
104.31496062992126 540.5669291338583 63.496062992125985 13.039370078740157 formuler
151.6535433070866 540.5669291338583 31.748031496062993 13.039370078740157 un
167.5275590551181 540.5669291338583 58.110236220472444 13.039370078740157 certain
210.04724409448818 540.5669291338583 52.724409448818896 13.039370078740157 nombre
241.51181102362204 540.5669291338583 21.25984251968504 13.039370078740157 de

3.968503937007874 552.4724409448819 102.04724409448819 12.472440944881889 recommandations
89.85826771653544 552.4724409448819 37.7007874015748 12.472440944881889 qui
111.4015748031496 552.4724409448819 80.50393700787401 12.472440944881889 deviendront
176.03149606299212 552.4724409448819 43.08661417322835 12.472440944881889 pour
202.6771653543307 552.4724409448819 32.31496062992126 12.472440944881889 la
213.4488188976378 552.4724409448819 48.47244094488189 12.472440944881889 plupart

4.535433070866142 562.1102362204724 63.21259842519685 12.188976377952756 sensibles
53.00787401574803 562.1102362204724 24.37795275590551 12.188976377952756 à
62.645669291338585 562.1102362204724 48.47244094488189 12.188976377952756 partir
96.66141732283465 562.1102362204724 29.19685039370079 12.188976377952756 de
111.4015748031496 562.1102362204724 43.653543307086615 12.188976377952756 1967,
140.5984251968504 562.1102362204724 68.03149606299213 12.188976377952756 coincidant
193.88976377952756 562.1102362204724 43.653543307086615 12.188976377952756 ainsi
223.08661417322836 562.1102362204724 38.83464566929134 12.188976377952756 avec
242.36220472440945 562.1102362204724 19.559055118110237 12.188976377952756 le

5.102362204724409 573.7322834645669 63.21259842519685 13.32283464566929 renouveau
53.574803149606296 573.7322834645669 34.01574803149607 13.32283464566929 que
73.13385826771653 573.7322834645669 38.83464566929134 13.32283464566929 veut
97.22834645669292 573.7322834645669 38.83464566929134 13.32283464566929 être
121.60629921259843 573.7322834645669 38.83464566929134 13.32283464566929 pour
145.98425196850394 573.7322834645669 29.19685039370079 13.32283464566929 le
160.44094488188978 573.7322834645669 48.47244094488189 13.32283464566929 Canada
194.45669291338584 573.7322834645669 29.19685039370079 13.32283464566929 le
204.09448818897638 573.7322834645669 58.39370078740158 13.32283464566929 centenaire

4.535433070866142 584.2204724409448 30.330708661417322 13.32283464566929 de
19.84251968503937 584.2204724409448 30.330708661417322 13.32283464566929 sa
30.04724409448819 584.2204724409448 81.07086614173228 13.32283464566929 Confédération.

159.0236220472441 605.4803149606299 66.89763779527559 17.007874015748033 Jean-Paul
205.22834645669292 605.4803149606299 56.69291338582677 17.007874015748033 Morisset.

240.9448818897638 622.7716535433071 22.11023622047244 13.039370078740157 37
