<alto xmlns:xsi="http://www.w3.org/2001/XMLSchema-instance" xmlns="http://www.loc.gov/standards/alto/ns-v2#" xmlns:page="http://schema.primaresearch.org/PAGE/gts/pagecontent/2013-07-15" xsi:schemaLocation="http://www.loc.gov/standards/alto/ns-v2# http://www.loc.gov/standards/alto/alto.xsd">
  <Description>
    <MeasurementUnit>pixel</MeasurementUnit>
    <sourceImageInformation>
         <fileName>Cat_Paris_1965-0161.xml</fileName>
      </sourceImageInformation>
    <OCRProcessing ID="IdOcr">
      <ocrProcessingStep>
        <processingDateTime>2020-07-02T15:32:29.071+02:00</processingDateTime>
        <processingSoftware>
               <softwareCreator>CONTRIBUTORS</softwareCreator>
               <softwareName>pdfalto</softwareName>
               <softwareVersion>0.1</softwareVersion>
            </processingSoftware>
      </ocrProcessingStep>
    </OCRProcessing>
  </Description>
  <Styles>
     <TextStyle ID="FONT0" FONTFAMILY="unknown" FONTSIZE="unknown" FONTTYPE="unknown" FONTWIDTH="unknown" FONTCOLOR="unknown" FONTSTYLE=""/>
     <TextStyle ID="FONT1" FONTFAMILY="unknown" FONTSIZE="unknown" FONTTYPE="unknown" FONTWIDTH="unknown" FONTCOLOR="unknown" FONTSTYLE="bold"/>
     <TextStyle ID="FONT2" FONTFAMILY="unknown" FONTSIZE="unknown" FONTTYPE="unknown" FONTWIDTH="unknown" FONTCOLOR="unknown" FONTSTYLE="italics"/>
</Styles>
  <Tags/>
  <Layout>
    <Page ID="Page1" PHYSICAL_IMG_NR="1" HEIGHT="672.6614173228346" WIDTH="307.84251968503935">
      <PrintSpace HEIGHT="672.6614173228346" WIDTH="307.84251968503935" VPOS="0.0" HPOS="0.0">
        <TextBlock ID="r_2_1" HEIGHT="38.267716535433074" WIDTH="240.9448818897638" VPOS="126.14173228346456" HPOS="53.85826771653543">
          <TextLine ID="tl_1" BASELINE="503" HEIGHT="17.5748031496063" WIDTH="242.36220472440945" VPOS="125.00787401574803" HPOS="53.85826771653543">
            <String HEIGHT="17.5748031496063" WIDTH="34.01574803149607" VPOS="125.00787401574803" HPOS="49.60629921259842" CONTENT="Dans" ID="tl_1_1" STYLEREFS="FONT0"/>
            <SP HEIGHT="17.5748031496063" WIDTH="4.251968503937008" VPOS="125.00787401574803" HPOS="83.62204724409449"/>
            <String HEIGHT="17.5748031496063" WIDTH="29.763779527559056" VPOS="125.00787401574803" HPOS="70.86614173228347" CONTENT="une" ID="tl_1_2" STYLEREFS="FONT0"/>
            <SP HEIGHT="17.5748031496063" WIDTH="4.251968503937008" VPOS="125.00787401574803" HPOS="100.62992125984252"/>
            <String HEIGHT="17.5748031496063" WIDTH="42.51968503937008" VPOS="125.00787401574803" HPOS="87.8740157480315" CONTENT="cabine" ID="tl_1_3" STYLEREFS="FONT0"/>
            <SP HEIGHT="17.5748031496063" WIDTH="4.251968503937008" VPOS="125.00787401574803" HPOS="130.39370078740157"/>
            <String HEIGHT="17.5748031496063" WIDTH="59.52755905511811" VPOS="125.00787401574803" HPOS="117.63779527559055" CONTENT="d’audition" ID="tl_1_4" STYLEREFS="FONT0"/>
            <SP HEIGHT="17.5748031496063" WIDTH="4.251968503937008" VPOS="125.00787401574803" HPOS="177.16535433070865"/>
            <String HEIGHT="17.5748031496063" WIDTH="25.511811023622048" VPOS="125.00787401574803" HPOS="164.40944881889763" CONTENT="et" ID="tl_1_5" STYLEREFS="FONT0"/>
            <SP HEIGHT="17.5748031496063" WIDTH="4.251968503937008" VPOS="125.00787401574803" HPOS="189.92125984251967"/>
            <String HEIGHT="17.5748031496063" WIDTH="29.763779527559056" VPOS="125.00787401574803" HPOS="177.16535433070865" CONTENT="une" ID="tl_1_6" STYLEREFS="FONT0"/>
            <SP HEIGHT="17.5748031496063" WIDTH="4.251968503937008" VPOS="125.00787401574803" HPOS="206.9291338582677"/>
            <String HEIGHT="17.5748031496063" WIDTH="38.267716535433074" VPOS="125.00787401574803" HPOS="194.17322834645668" CONTENT="salle" ID="tl_1_7" STYLEREFS="FONT0"/>
            <SP HEIGHT="17.5748031496063" WIDTH="4.251968503937008" VPOS="125.00787401574803" HPOS="232.44094488188978"/>
            <String HEIGHT="17.5748031496063" WIDTH="42.51968503937008" VPOS="125.00787401574803" HPOS="219.68503937007873" CONTENT="située" ID="tl_1_8" STYLEREFS="FONT0"/>
            <SP HEIGHT="17.5748031496063" WIDTH="4.251968503937008" VPOS="125.00787401574803" HPOS="262.20472440944883"/>
            <String HEIGHT="17.5748031496063" WIDTH="25.511811023622048" VPOS="125.00787401574803" HPOS="249.4488188976378" CONTENT="au" ID="tl_1_9" STYLEREFS="FONT0"/>
            <SP HEIGHT="17.5748031496063" WIDTH="4.251968503937008" VPOS="125.00787401574803" HPOS="274.96062992125985"/>
            <String HEIGHT="17.5748031496063" WIDTH="38.267716535433074" VPOS="125.00787401574803" HPOS="257.9527559055118" CONTENT="premier" ID="tl_1_10" STYLEREFS="FONT0"/>
          </TextLine>
          <TextLine ID="tl_2" BASELINE="534" HEIGHT="16.440944881889763" WIDTH="243.49606299212599" VPOS="134.9291338582677" HPOS="53.00787401574803">
            <String HEIGHT="16.440944881889763" WIDTH="36.56692913385827" VPOS="134.9291338582677" HPOS="49.039370078740156" CONTENT="étage" ID="tl_2_1" STYLEREFS="FONT0"/>
            <SP HEIGHT="16.440944881889763" WIDTH="3.968503937007874" VPOS="134.9291338582677" HPOS="85.60629921259843"/>
            <String HEIGHT="16.440944881889763" WIDTH="24.37795275590551" VPOS="134.9291338582677" HPOS="73.41732283464567" CONTENT="du" ID="tl_2_2" STYLEREFS="FONT0"/>
            <SP HEIGHT="16.440944881889763" WIDTH="3.968503937007874" VPOS="134.9291338582677" HPOS="97.51181102362204"/>
            <String HEIGHT="16.440944881889763" WIDTH="40.53543307086614" VPOS="134.9291338582677" HPOS="85.60629921259843" CONTENT="musée," ID="tl_2_3" STYLEREFS="FONT0"/>
            <SP HEIGHT="16.440944881889763" WIDTH="3.968503937007874" VPOS="134.9291338582677" HPOS="126.14173228346456"/>
            <String HEIGHT="16.440944881889763" WIDTH="24.37795275590551" VPOS="134.9291338582677" HPOS="113.95275590551181" CONTENT="on" ID="tl_2_4" STYLEREFS="FONT0"/>
            <SP HEIGHT="16.440944881889763" WIDTH="3.968503937007874" VPOS="134.9291338582677" HPOS="138.33070866141733"/>
            <String HEIGHT="16.440944881889763" WIDTH="40.53543307086614" VPOS="134.9291338582677" HPOS="126.14173228346456" CONTENT="pourra" ID="tl_2_5" STYLEREFS="FONT0"/>
            <SP HEIGHT="16.440944881889763" WIDTH="3.968503937007874" VPOS="134.9291338582677" HPOS="166.6771653543307"/>
            <String HEIGHT="16.440944881889763" WIDTH="48.75590551181102" VPOS="134.9291338582677" HPOS="154.48818897637796" CONTENT="entendre" ID="tl_2_6" STYLEREFS="FONT0"/>
            <SP HEIGHT="16.440944881889763" WIDTH="3.968503937007874" VPOS="134.9291338582677" HPOS="203.24409448818898"/>
            <String HEIGHT="16.440944881889763" WIDTH="32.59842519685039" VPOS="134.9291338582677" HPOS="191.0551181102362" CONTENT="tous" ID="tl_2_7" STYLEREFS="FONT0"/>
            <SP HEIGHT="16.440944881889763" WIDTH="3.968503937007874" VPOS="134.9291338582677" HPOS="223.37007874015748"/>
            <String HEIGHT="16.440944881889763" WIDTH="28.346456692913385" VPOS="134.9291338582677" HPOS="211.1811023622047" CONTENT="les" ID="tl_2_8" STYLEREFS="FONT0"/>
            <SP HEIGHT="16.440944881889763" WIDTH="3.968503937007874" VPOS="134.9291338582677" HPOS="239.81102362204723"/>
            <String HEIGHT="16.440944881889763" WIDTH="36.56692913385827" VPOS="134.9291338582677" HPOS="227.6220472440945" CONTENT="jours" ID="tl_2_9" STYLEREFS="FONT0"/>
            <SP HEIGHT="16.440944881889763" WIDTH="3.968503937007874" VPOS="134.9291338582677" HPOS="263.90551181102364"/>
            <String HEIGHT="16.440944881889763" WIDTH="20.409448818897637" VPOS="134.9291338582677" HPOS="252.0" CONTENT="à" ID="tl_2_10" STYLEREFS="FONT0"/>
            <SP HEIGHT="16.440944881889763" WIDTH="3.968503937007874" VPOS="134.9291338582677" HPOS="272.12598425196853"/>
            <String HEIGHT="16.440944881889763" WIDTH="24.37795275590551" VPOS="134.9291338582677" HPOS="259.93700787401576" CONTENT="12" ID="tl_2_11" STYLEREFS="FONT0"/>
            <SP HEIGHT="16.440944881889763" WIDTH="3.968503937007874" VPOS="134.9291338582677" HPOS="284.31496062992125"/>
            <String HEIGHT="16.440944881889763" WIDTH="24.37795275590551" VPOS="134.9291338582677" HPOS="272.12598425196853" CONTENT="h." ID="tl_2_12" STYLEREFS="FONT0"/>
            <SP HEIGHT="16.440944881889763" WIDTH="3.968503937007874" VPOS="134.9291338582677" HPOS="296.503937007874"/>
            <String HEIGHT="16.440944881889763" WIDTH="16.15748031496063" VPOS="134.9291338582677" HPOS="280.34645669291336" CONTENT="et" ID="tl_2_13" STYLEREFS="FONT0"/>
          </TextLine>
          <TextLine ID="tl_3" BASELINE="575" HEIGHT="19.275590551181104" WIDTH="243.7795275590551" VPOS="143.71653543307087" HPOS="52.44094488188976">
            <String HEIGHT="19.275590551181104" WIDTH="21.25984251968504" VPOS="143.71653543307087" HPOS="48.188976377952756" CONTENT="à" ID="tl_3_1" STYLEREFS="FONT0"/>
            <SP HEIGHT="19.275590551181104" WIDTH="4.251968503937008" VPOS="143.71653543307087" HPOS="69.44881889763779"/>
            <String HEIGHT="19.275590551181104" WIDTH="25.79527559055118" VPOS="143.71653543307087" HPOS="56.69291338582677" CONTENT="15" ID="tl_3_2" STYLEREFS="FONT0"/>
            <SP HEIGHT="19.275590551181104" WIDTH="4.251968503937008" VPOS="143.71653543307087" HPOS="82.48818897637796"/>
            <String HEIGHT="19.275590551181104" WIDTH="25.79527559055118" VPOS="143.71653543307087" HPOS="69.44881889763779" CONTENT="h." ID="tl_3_3" STYLEREFS="FONT0"/>
            <SP HEIGHT="19.275590551181104" WIDTH="4.251968503937008" VPOS="143.71653543307087" HPOS="95.24409448818898"/>
            <String HEIGHT="19.275590551181104" WIDTH="25.79527559055118" VPOS="143.71653543307087" HPOS="82.48818897637796" CONTENT="un" ID="tl_3_4" STYLEREFS="FONT0"/>
            <SP HEIGHT="19.275590551181104" WIDTH="4.251968503937008" VPOS="143.71653543307087" HPOS="108.0"/>
            <String HEIGHT="19.275590551181104" WIDTH="55.55905511811024" VPOS="143.71653543307087" HPOS="95.24409448818898" CONTENT="programme" ID="tl_3_5" STYLEREFS="FONT0"/>
            <SP HEIGHT="19.275590551181104" WIDTH="4.251968503937008" VPOS="143.71653543307087" HPOS="150.8031496062992"/>
            <String HEIGHT="19.275590551181104" WIDTH="34.2992125984252" VPOS="143.71653543307087" HPOS="138.04724409448818" CONTENT="fixe" ID="tl_3_6" STYLEREFS="FONT0"/>
            <SP HEIGHT="19.275590551181104" WIDTH="4.251968503937008" VPOS="143.71653543307087" HPOS="172.06299212598427"/>
            <String HEIGHT="19.275590551181104" WIDTH="25.79527559055118" VPOS="143.71653543307087" HPOS="159.30708661417322" CONTENT="de" ID="tl_3_7" STYLEREFS="FONT0"/>
            <SP HEIGHT="19.275590551181104" WIDTH="4.251968503937008" VPOS="143.71653543307087" HPOS="185.10236220472441"/>
            <String HEIGHT="19.275590551181104" WIDTH="47.05511811023622" VPOS="143.71653543307087" HPOS="172.06299212598427" CONTENT="musique" ID="tl_3_8" STYLEREFS="FONT0"/>
            <SP HEIGHT="19.275590551181104" WIDTH="4.251968503937008" VPOS="143.71653543307087" HPOS="219.11811023622047"/>
            <String HEIGHT="19.275590551181104" WIDTH="64.06299212598425" VPOS="143.71653543307087" HPOS="206.36220472440945" CONTENT="enregistrée" ID="tl_3_9" STYLEREFS="FONT0"/>
            <SP HEIGHT="19.275590551181104" WIDTH="4.251968503937008" VPOS="143.71653543307087" HPOS="270.4251968503937"/>
            <String HEIGHT="19.275590551181104" WIDTH="30.04724409448819" VPOS="143.71653543307087" HPOS="257.6692913385827" CONTENT="des" ID="tl_3_10" STYLEREFS="FONT0"/>
            <SP HEIGHT="19.275590551181104" WIDTH="4.251968503937008" VPOS="143.71653543307087" HPOS="287.7165354330709"/>
            <String HEIGHT="19.275590551181104" WIDTH="25.79527559055118" VPOS="143.71653543307087" HPOS="270.4251968503937" CONTENT="pays" ID="tl_3_11" STYLEREFS="FONT0"/>
          </TextLine>
          <TextLine ID="tl_4" BASELINE="588" HEIGHT="13.32283464566929" WIDTH="52.724409448818896" VPOS="153.35433070866142" HPOS="52.15748031496063">
            <String HEIGHT="13.32283464566929" WIDTH="60.94488188976378" VPOS="153.35433070866142" HPOS="43.93700787401575" CONTENT="participants." ID="tl_4_1" STYLEREFS="FONT0"/>
          </TextLine>
        </TextBlock>
        <TextBlock ID="r_2_2" HEIGHT="23.811023622047244" WIDTH="240.66141732283464" VPOS="168.09448818897638" HPOS="54.14173228346457">
          <TextLine ID="tl_5" BASELINE="649" HEIGHT="17.291338582677167" WIDTH="242.64566929133858" VPOS="166.6771653543307" HPOS="53.29133858267716">
            <String HEIGHT="17.291338582677167" WIDTH="32.881889763779526" VPOS="166.6771653543307" HPOS="49.039370078740156" CONTENT="Pour" ID="tl_5_1" STYLEREFS="FONT0"/>
            <SP HEIGHT="17.291338582677167" WIDTH="4.251968503937008" VPOS="166.6771653543307" HPOS="82.20472440944881"/>
            <String HEIGHT="17.291338582677167" WIDTH="24.661417322834644" VPOS="166.6771653543307" HPOS="69.73228346456693" CONTENT="le" ID="tl_5_2" STYLEREFS="FONT0"/>
            <SP HEIGHT="17.291338582677167" WIDTH="4.251968503937008" VPOS="166.6771653543307" HPOS="94.39370078740157"/>
            <String HEIGHT="17.291338582677167" WIDTH="53.574803149606296" VPOS="166.6771653543307" HPOS="82.20472440944881" CONTENT="programme" ID="tl_5_3" STYLEREFS="FONT0"/>
            <SP HEIGHT="17.291338582677167" WIDTH="4.251968503937008" VPOS="166.6771653543307" HPOS="135.49606299212599"/>
            <String HEIGHT="17.291338582677167" WIDTH="53.574803149606296" VPOS="166.6771653543307" HPOS="123.30708661417323" CONTENT="détaillé," ID="tl_5_4" STYLEREFS="FONT0"/>
            <SP HEIGHT="17.291338582677167" WIDTH="4.251968503937008" VPOS="166.6771653543307" HPOS="176.5984251968504"/>
            <String HEIGHT="17.291338582677167" WIDTH="24.661417322834644" VPOS="166.6771653543307" HPOS="164.40944881889763" CONTENT="se" ID="tl_5_5" STYLEREFS="FONT0"/>
            <SP HEIGHT="17.291338582677167" WIDTH="4.251968503937008" VPOS="166.6771653543307" HPOS="189.0708661417323"/>
            <String HEIGHT="17.291338582677167" WIDTH="49.32283464566929" VPOS="166.6771653543307" HPOS="176.5984251968504" CONTENT="reporter" ID="tl_5_6" STYLEREFS="FONT0"/>
            <SP HEIGHT="17.291338582677167" WIDTH="4.251968503937008" VPOS="166.6771653543307" HPOS="225.92125984251967"/>
            <String HEIGHT="17.291338582677167" WIDTH="24.661417322834644" VPOS="166.6771653543307" HPOS="213.73228346456693" CONTENT="au" ID="tl_5_7" STYLEREFS="FONT0"/>
            <SP HEIGHT="17.291338582677167" WIDTH="4.251968503937008" VPOS="166.6771653543307" HPOS="238.39370078740157"/>
            <String HEIGHT="17.291338582677167" WIDTH="57.54330708661417" VPOS="166.6771653543307" HPOS="225.92125984251967" CONTENT="calendrier" ID="tl_5_8" STYLEREFS="FONT0"/>
            <SP HEIGHT="17.291338582677167" WIDTH="4.251968503937008" VPOS="166.6771653543307" HPOS="283.46456692913387"/>
            <String HEIGHT="17.291338582677167" WIDTH="24.661417322834644" VPOS="166.6771653543307" HPOS="271.2755905511811" CONTENT="de" ID="tl_5_9" STYLEREFS="FONT0"/>
            <SP HEIGHT="17.291338582677167" WIDTH="4.251968503937008" VPOS="166.6771653543307" HPOS="295.93700787401576"/>
            <String HEIGHT="17.291338582677167" WIDTH="16.440944881889763" VPOS="166.6771653543307" HPOS="279.496062992126" CONTENT="la" ID="tl_5_10" STYLEREFS="FONT0"/>
          </TextLine>
          <TextLine ID="tl_6" BASELINE="684" HEIGHT="17.5748031496063" WIDTH="242.9291338582677" VPOS="176.31496062992127" HPOS="53.00787401574803">
            <String HEIGHT="17.5748031496063" WIDTH="44.78740157480315" VPOS="176.31496062992127" HPOS="49.32283464566929" CONTENT="Biennale" ID="tl_6_1" STYLEREFS="FONT0"/>
            <SP HEIGHT="17.5748031496063" WIDTH="3.6850393700787403" VPOS="176.31496062992127" HPOS="94.11023622047244"/>
            <String HEIGHT="17.5748031496063" WIDTH="22.393700787401574" VPOS="176.31496062992127" HPOS="82.77165354330708" CONTENT="et" ID="tl_6_2" STYLEREFS="FONT0"/>
            <SP HEIGHT="17.5748031496063" WIDTH="3.6850393700787403" VPOS="176.31496062992127" HPOS="105.44881889763779"/>
            <String HEIGHT="17.5748031496063" WIDTH="22.393700787401574" VPOS="176.31496062992127" HPOS="94.11023622047244" CONTENT="au" ID="tl_6_3" STYLEREFS="FONT0"/>
            <SP HEIGHT="17.5748031496063" WIDTH="3.6850393700787403" VPOS="176.31496062992127" HPOS="116.50393700787401"/>
            <String HEIGHT="17.5748031496063" WIDTH="41.10236220472441" VPOS="176.31496062992127" HPOS="105.44881889763779" CONTENT="tableau" ID="tl_6_4" STYLEREFS="FONT0"/>
            <SP HEIGHT="17.5748031496063" WIDTH="3.6850393700787403" VPOS="176.31496062992127" HPOS="146.5511811023622"/>
            <String HEIGHT="17.5748031496063" WIDTH="56.125984251968504" VPOS="176.31496062992127" HPOS="135.21259842519686" CONTENT="d’affichage" ID="tl_6_5" STYLEREFS="FONT0"/>
            <SP HEIGHT="17.5748031496063" WIDTH="3.6850393700787403" VPOS="176.31496062992127" HPOS="191.33858267716536"/>
            <String HEIGHT="17.5748031496063" WIDTH="18.708661417322833" VPOS="176.31496062992127" HPOS="180.0" CONTENT="à" ID="tl_6_6" STYLEREFS="FONT0"/>
            <SP HEIGHT="17.5748031496063" WIDTH="3.6850393700787403" VPOS="176.31496062992127" HPOS="198.70866141732284"/>
            <String HEIGHT="17.5748031496063" WIDTH="44.78740157480315" VPOS="176.31496062992127" HPOS="187.6535433070866" CONTENT="l’entrée" ID="tl_6_7" STYLEREFS="FONT0"/>
            <SP HEIGHT="17.5748031496063" WIDTH="3.6850393700787403" VPOS="176.31496062992127" HPOS="232.44094488188978"/>
            <String HEIGHT="17.5748031496063" WIDTH="22.393700787401574" VPOS="176.31496062992127" HPOS="221.10236220472441" CONTENT="du" ID="tl_6_8" STYLEREFS="FONT0"/>
            <SP HEIGHT="17.5748031496063" WIDTH="3.6850393700787403" VPOS="176.31496062992127" HPOS="243.49606299212599"/>
            <String HEIGHT="17.5748031496063" WIDTH="41.10236220472441" VPOS="176.31496062992127" HPOS="232.44094488188978" CONTENT="Théâtre" ID="tl_6_9" STYLEREFS="FONT0"/>
            <SP HEIGHT="17.5748031496063" WIDTH="3.6850393700787403" VPOS="176.31496062992127" HPOS="273.54330708661416"/>
            <String HEIGHT="17.5748031496063" WIDTH="37.41732283464567" VPOS="176.31496062992127" HPOS="258.5196850393701" CONTENT="d’essai." ID="tl_6_10" STYLEREFS="FONT0"/>
          </TextLine>
        </TextBlock>
        <TextBlock ID="r_2_3" HEIGHT="43.37007874015748" WIDTH="242.07874015748033" VPOS="190.77165354330708" HPOS="53.00787401574803">
          <TextLine ID="tl_7" BASELINE="724" HEIGHT="15.307086614173228" WIDTH="244.06299212598427" VPOS="189.92125984251967" HPOS="52.15748031496063">
            <String HEIGHT="15.307086614173228" WIDTH="20.976377952755904" VPOS="189.92125984251967" HPOS="47.90551181102362" CONTENT="A" ID="tl_7_1" STYLEREFS="FONT0"/>
            <SP HEIGHT="15.307086614173228" WIDTH="4.251968503937008" VPOS="189.92125984251967" HPOS="68.88188976377953"/>
            <String HEIGHT="15.307086614173228" WIDTH="41.95275590551181" VPOS="189.92125984251967" HPOS="56.40944881889764" CONTENT="partir" ID="tl_7_2" STYLEREFS="FONT0"/>
            <SP HEIGHT="15.307086614173228" WIDTH="4.251968503937008" VPOS="189.92125984251967" HPOS="98.36220472440945"/>
            <String HEIGHT="15.307086614173228" WIDTH="25.228346456692915" VPOS="189.92125984251967" HPOS="85.88976377952756" CONTENT="de" ID="tl_7_3" STYLEREFS="FONT0"/>
            <SP HEIGHT="15.307086614173228" WIDTH="4.251968503937008" VPOS="189.92125984251967" HPOS="111.11811023622047"/>
            <String HEIGHT="15.307086614173228" WIDTH="25.228346456692915" VPOS="189.92125984251967" HPOS="98.36220472440945" CONTENT="18" ID="tl_7_4" STYLEREFS="FONT0"/>
            <SP HEIGHT="15.307086614173228" WIDTH="4.251968503937008" VPOS="189.92125984251967" HPOS="123.59055118110236"/>
            <String HEIGHT="15.307086614173228" WIDTH="46.20472440944882" VPOS="189.92125984251967" HPOS="111.11811023622047" CONTENT="heures," ID="tl_7_5" STYLEREFS="FONT0"/>
            <SP HEIGHT="15.307086614173228" WIDTH="4.251968503937008" VPOS="189.92125984251967" HPOS="157.3228346456693"/>
            <String HEIGHT="15.307086614173228" WIDTH="25.228346456692915" VPOS="189.92125984251967" HPOS="144.8503937007874" CONTENT="le" ID="tl_7_6" STYLEREFS="FONT0"/>
            <SP HEIGHT="15.307086614173228" WIDTH="4.251968503937008" VPOS="189.92125984251967" HPOS="170.07874015748033"/>
            <String HEIGHT="15.307086614173228" WIDTH="41.95275590551181" VPOS="189.92125984251967" HPOS="157.3228346456693" CONTENT="public" ID="tl_7_7" STYLEREFS="FONT0"/>
            <SP HEIGHT="15.307086614173228" WIDTH="4.251968503937008" VPOS="189.92125984251967" HPOS="199.55905511811022"/>
            <String HEIGHT="15.307086614173228" WIDTH="41.95275590551181" VPOS="189.92125984251967" HPOS="186.8031496062992" CONTENT="pourra" ID="tl_7_8" STYLEREFS="FONT0"/>
            <SP HEIGHT="15.307086614173228" WIDTH="4.251968503937008" VPOS="189.92125984251967" HPOS="228.75590551181102"/>
            <String HEIGHT="15.307086614173228" WIDTH="50.45669291338583" VPOS="189.92125984251967" HPOS="216.28346456692913" CONTENT="demander" ID="tl_7_9" STYLEREFS="FONT0"/>
            <SP HEIGHT="15.307086614173228" WIDTH="4.251968503937008" VPOS="189.92125984251967" HPOS="266.74015748031496"/>
            <String HEIGHT="15.307086614173228" WIDTH="20.976377952755904" VPOS="189.92125984251967" HPOS="254.26771653543307" CONTENT="à" ID="tl_7_10" STYLEREFS="FONT0"/>
            <SP HEIGHT="15.307086614173228" WIDTH="4.251968503937008" VPOS="189.92125984251967" HPOS="275.244094488189"/>
            <String HEIGHT="15.307086614173228" WIDTH="37.98425196850393" VPOS="189.92125984251967" HPOS="258.23622047244095" CONTENT="entende" ID="tl_7_11" STYLEREFS="FONT0"/>
          </TextLine>
          <TextLine ID="tl_8" BASELINE="762" HEIGHT="16.440944881889763" WIDTH="243.49606299212599" VPOS="199.55905511811022" HPOS="52.44094488188976">
            <String HEIGHT="16.440944881889763" WIDTH="28.346456692913385" VPOS="199.55905511811022" HPOS="48.47244094488189" CONTENT="les" ID="tl_8_1" STYLEREFS="FONT0"/>
            <SP HEIGHT="16.440944881889763" WIDTH="3.968503937007874" VPOS="199.55905511811022" HPOS="76.81889763779527"/>
            <String HEIGHT="16.440944881889763" WIDTH="77.10236220472441" VPOS="199.55905511811022" HPOS="64.62992125984252" CONTENT="enregistrements" ID="tl_8_2" STYLEREFS="FONT0"/>
            <SP HEIGHT="16.440944881889763" WIDTH="3.968503937007874" VPOS="199.55905511811022" HPOS="141.73228346456693"/>
            <String HEIGHT="16.440944881889763" WIDTH="24.37795275590551" VPOS="199.55905511811022" HPOS="129.54330708661416" CONTENT="de" ID="tl_8_3" STYLEREFS="FONT0"/>
            <SP HEIGHT="16.440944881889763" WIDTH="3.968503937007874" VPOS="199.55905511811022" HPOS="153.92125984251967"/>
            <String HEIGHT="16.440944881889763" WIDTH="28.346456692913385" VPOS="199.55905511811022" HPOS="141.73228346456693" CONTENT="son" ID="tl_8_4" STYLEREFS="FONT0"/>
            <SP HEIGHT="16.440944881889763" WIDTH="3.968503937007874" VPOS="199.55905511811022" HPOS="170.07874015748033"/>
            <String HEIGHT="16.440944881889763" WIDTH="40.53543307086614" VPOS="199.55905511811022" HPOS="157.88976377952756" CONTENT="choix." ID="tl_8_5" STYLEREFS="FONT0"/>
            <SP HEIGHT="16.440944881889763" WIDTH="3.968503937007874" VPOS="199.55905511811022" HPOS="198.4251968503937"/>
            <String HEIGHT="16.440944881889763" WIDTH="28.346456692913385" VPOS="199.55905511811022" HPOS="186.23622047244095" CONTENT="Les" ID="tl_8_6" STYLEREFS="FONT0"/>
            <SP HEIGHT="16.440944881889763" WIDTH="3.968503937007874" VPOS="199.55905511811022" HPOS="214.86614173228347"/>
            <String HEIGHT="16.440944881889763" WIDTH="48.75590551181102" VPOS="199.55905511811022" HPOS="202.6771653543307" CONTENT="demandes" ID="tl_8_7" STYLEREFS="FONT0"/>
            <SP HEIGHT="16.440944881889763" WIDTH="3.968503937007874" VPOS="199.55905511811022" HPOS="251.43307086614172"/>
            <String HEIGHT="16.440944881889763" WIDTH="40.53543307086614" VPOS="199.55905511811022" HPOS="239.24409448818898" CONTENT="seront" ID="tl_8_8" STYLEREFS="FONT0"/>
            <SP HEIGHT="16.440944881889763" WIDTH="3.968503937007874" VPOS="199.55905511811022" HPOS="279.7795275590551"/>
            <String HEIGHT="16.440944881889763" WIDTH="32.59842519685039" VPOS="199.55905511811022" HPOS="263.33858267716533" CONTENT="satis" SUBS_TYPE="HypPart1" SUBS_CONTENT="satisfaites" ID="tl_8_9" STYLEREFS="FONT0"/>
            <HYP CONTENT="-"/>
          </TextLine>
          <TextLine ID="tl_9" BASELINE="797" HEIGHT="16.440944881889763" WIDTH="244.91338582677164" VPOS="209.48031496062993" HPOS="51.59055118110236">
            <String HEIGHT="16.440944881889763" WIDTH="40.818897637795274" VPOS="209.48031496062993" HPOS="47.62204724409449" CONTENT="faites" SUBS_TYPE="HypPart2" SUBS_CONTENT="satisfaites" ID="tl_9_1" STYLEREFS="FONT0"/>
            <SP HEIGHT="16.440944881889763" WIDTH="3.968503937007874" VPOS="209.48031496062993" HPOS="88.44094488188976"/>
            <String HEIGHT="16.440944881889763" WIDTH="32.59842519685039" VPOS="209.48031496062993" HPOS="75.96850393700787" CONTENT="dans" ID="tl_9_2" STYLEREFS="FONT0"/>
            <SP HEIGHT="16.440944881889763" WIDTH="3.968503937007874" VPOS="209.48031496062993" HPOS="108.85039370078741"/>
            <String HEIGHT="16.440944881889763" WIDTH="44.78740157480315" VPOS="209.48031496062993" HPOS="96.37795275590551" CONTENT="l’ordre" ID="tl_9_3" STYLEREFS="FONT0"/>
            <SP HEIGHT="16.440944881889763" WIDTH="3.968503937007874" VPOS="209.48031496062993" HPOS="141.4488188976378"/>
            <String HEIGHT="16.440944881889763" WIDTH="32.59842519685039" VPOS="209.48031496062993" HPOS="129.25984251968504" CONTENT="dans" ID="tl_9_4" STYLEREFS="FONT0"/>
            <SP HEIGHT="16.440944881889763" WIDTH="3.968503937007874" VPOS="209.48031496062993" HPOS="161.85826771653544"/>
            <String HEIGHT="16.440944881889763" WIDTH="40.818897637795274" VPOS="209.48031496062993" HPOS="149.66929133858267" CONTENT="lequel" ID="tl_9_5" STYLEREFS="FONT0"/>
            <SP HEIGHT="16.440944881889763" WIDTH="3.968503937007874" VPOS="209.48031496062993" HPOS="190.48818897637796"/>
            <String HEIGHT="16.440944881889763" WIDTH="36.8503937007874" VPOS="209.48031496062993" HPOS="178.01574803149606" CONTENT="elles" ID="tl_9_6" STYLEREFS="FONT0"/>
            <SP HEIGHT="16.440944881889763" WIDTH="3.968503937007874" VPOS="209.48031496062993" HPOS="214.86614173228347"/>
            <String HEIGHT="16.440944881889763" WIDTH="40.818897637795274" VPOS="209.48031496062993" HPOS="202.6771653543307" CONTENT="auront" ID="tl_9_7" STYLEREFS="FONT0"/>
            <SP HEIGHT="16.440944881889763" WIDTH="3.968503937007874" VPOS="209.48031496062993" HPOS="243.49606299212599"/>
            <String HEIGHT="16.440944881889763" WIDTH="28.62992125984252" VPOS="209.48031496062993" HPOS="231.30708661417322" CONTENT="été" ID="tl_9_8" STYLEREFS="FONT0"/>
            <SP HEIGHT="16.440944881889763" WIDTH="3.968503937007874" VPOS="209.48031496062993" HPOS="259.65354330708664"/>
            <String HEIGHT="16.440944881889763" WIDTH="53.00787401574803" VPOS="209.48031496062993" HPOS="247.46456692913387" CONTENT="formulées" ID="tl_9_9" STYLEREFS="FONT0"/>
            <SP HEIGHT="16.440944881889763" WIDTH="3.968503937007874" VPOS="209.48031496062993" HPOS="300.4724409448819"/>
            <String HEIGHT="16.440944881889763" WIDTH="12.188976377952756" VPOS="209.48031496062993" HPOS="284.31496062992125" CONTENT="à" ID="tl_9_10" STYLEREFS="FONT0"/>
          </TextLine>
          <TextLine ID="tl_10" BASELINE="831" HEIGHT="16.440944881889763" WIDTH="244.3464566929134" VPOS="219.11811023622047" HPOS="52.15748031496063">
            <String HEIGHT="16.440944881889763" WIDTH="53.00787401574803" VPOS="219.11811023622047" HPOS="48.188976377952756" CONTENT="l’hôtesse" ID="tl_10_1" STYLEREFS="FONT0"/>
            <SP HEIGHT="16.440944881889763" WIDTH="3.968503937007874" VPOS="219.11811023622047" HPOS="100.91338582677166"/>
            <String HEIGHT="16.440944881889763" WIDTH="24.37795275590551" VPOS="219.11811023622047" HPOS="88.7244094488189" CONTENT="de" ID="tl_10_2" STYLEREFS="FONT0"/>
            <SP HEIGHT="16.440944881889763" WIDTH="3.968503937007874" VPOS="219.11811023622047" HPOS="113.38582677165354"/>
            <String HEIGHT="16.440944881889763" WIDTH="48.75590551181102" VPOS="219.11811023622047" HPOS="100.91338582677166" CONTENT="l’Office" ID="tl_10_3" STYLEREFS="FONT0"/>
            <SP HEIGHT="16.440944881889763" WIDTH="3.968503937007874" VPOS="219.11811023622047" HPOS="149.95275590551182"/>
            <String HEIGHT="16.440944881889763" WIDTH="24.37795275590551" VPOS="219.11811023622047" HPOS="137.76377952755905" CONTENT="de" ID="tl_10_4" STYLEREFS="FONT0"/>
            <SP HEIGHT="16.440944881889763" WIDTH="3.968503937007874" VPOS="219.11811023622047" HPOS="162.14173228346456"/>
            <String HEIGHT="16.440944881889763" WIDTH="73.41732283464567" VPOS="219.11811023622047" HPOS="149.95275590551182" CONTENT="Radiodiffusion" ID="tl_10_5" STYLEREFS="FONT0"/>
            <SP HEIGHT="16.440944881889763" WIDTH="3.968503937007874" VPOS="219.11811023622047" HPOS="223.08661417322836"/>
            <String HEIGHT="16.440944881889763" WIDTH="56.976377952755904" VPOS="219.11811023622047" HPOS="210.89763779527559" CONTENT="Télévision" ID="tl_10_6" STYLEREFS="FONT0"/>
            <SP HEIGHT="16.440944881889763" WIDTH="3.968503937007874" VPOS="219.11811023622047" HPOS="267.87401574803147"/>
            <String HEIGHT="16.440944881889763" WIDTH="44.78740157480315" VPOS="219.11811023622047" HPOS="251.71653543307087" CONTENT="Française" ID="tl_10_7" STYLEREFS="FONT0"/>
          </TextLine>
        </TextBlock>
        <TextBlock ID="r_3_1" HEIGHT="11.622047244094489" WIDTH="196.7244094488189" VPOS="290.5511811023622" HPOS="31.748031496062993">
          <TextLine ID="tl_11" BASELINE="1073" HEIGHT="17.858267716535433" WIDTH="199.55905511811022" VPOS="286.2992125984252" HPOS="30.330708661417322">
            <String HEIGHT="17.858267716535433" WIDTH="89.29133858267717" VPOS="286.2992125984252" HPOS="24.944881889763778" CONTENT="REPUBLIQUE" ID="tl_11_1" STYLEREFS="FONT1"/>
            <SP HEIGHT="17.858267716535433" WIDTH="5.3858267716535435" VPOS="286.2992125984252" HPOS="114.23622047244095"/>
            <String HEIGHT="17.858267716535433" WIDTH="62.92913385826772" VPOS="286.2992125984252" HPOS="98.64566929133858" CONTENT="FEDERALE" ID="tl_11_2" STYLEREFS="FONT1"/>
            <SP HEIGHT="17.858267716535433" WIDTH="5.3858267716535435" VPOS="286.2992125984252" HPOS="161.5748031496063"/>
            <String HEIGHT="17.858267716535433" WIDTH="89.29133858267717" VPOS="286.2992125984252" HPOS="140.5984251968504" CONTENT="D’ALLEMAGNE" ID="tl_11_3" STYLEREFS="FONT1"/>
          </TextLine>
        </TextBlock>
        <TextBlock ID="r_3_2" HEIGHT="38.55118110236221" WIDTH="244.3464566929134" VPOS="313.51181102362204" HPOS="51.30708661417323">
          <TextLine ID="tl_12" BASELINE="1150" HEIGHT="16.440944881889763" WIDTH="227.6220472440945" VPOS="309.54330708661416" HPOS="51.023622047244096">
            <String HEIGHT="16.440944881889763" WIDTH="52.724409448818896" VPOS="309.54330708661416" HPOS="47.05511811023622" CONTENT="Roland" ID="tl_12_1" STYLEREFS="FONT1"/>
            <SP HEIGHT="16.440944881889763" WIDTH="3.968503937007874" VPOS="309.54330708661416" HPOS="99.77952755905511"/>
            <String HEIGHT="16.440944881889763" WIDTH="52.724409448818896" VPOS="309.54330708661416" HPOS="87.59055118110236" CONTENT="KAYN" ID="tl_12_2" STYLEREFS="FONT1"/>
            <SP HEIGHT="16.440944881889763" WIDTH="3.968503937007874" VPOS="309.54330708661416" HPOS="140.31496062992127"/>
            <String HEIGHT="16.440944881889763" WIDTH="24.37795275590551" VPOS="309.54330708661416" HPOS="128.1259842519685" CONTENT="né" ID="tl_12_3" STYLEREFS="FONT0"/>
            <SP HEIGHT="16.440944881889763" WIDTH="3.968503937007874" VPOS="309.54330708661416" HPOS="152.50393700787401"/>
            <String HEIGHT="16.440944881889763" WIDTH="24.37795275590551" VPOS="309.54330708661416" HPOS="140.31496062992127" CONTENT="en" ID="tl_12_4" STYLEREFS="FONT0"/>
            <SP HEIGHT="16.440944881889763" WIDTH="3.968503937007874" VPOS="309.54330708661416" HPOS="164.9763779527559"/>
            <String HEIGHT="16.440944881889763" WIDTH="32.59842519685039" VPOS="309.54330708661416" HPOS="152.50393700787401" CONTENT="1933" ID="tl_12_5" STYLEREFS="FONT0"/>
            <SP HEIGHT="16.440944881889763" WIDTH="3.968503937007874" VPOS="309.54330708661416" HPOS="185.10236220472441"/>
            <String HEIGHT="16.440944881889763" WIDTH="20.409448818897637" VPOS="309.54330708661416" HPOS="172.91338582677164" CONTENT="à" ID="tl_12_6" STYLEREFS="FONT0"/>
            <SP HEIGHT="16.440944881889763" WIDTH="3.968503937007874" VPOS="309.54330708661416" HPOS="193.3228346456693"/>
            <String HEIGHT="16.440944881889763" WIDTH="56.976377952755904" VPOS="309.54330708661416" HPOS="181.13385826771653" CONTENT="Reutlingen" ID="tl_12_7" STYLEREFS="FONT0"/>
            <SP HEIGHT="16.440944881889763" WIDTH="3.968503937007874" VPOS="309.54330708661416" HPOS="238.11023622047244"/>
            <String HEIGHT="16.440944881889763" WIDTH="56.976377952755904" VPOS="309.54330708661416" HPOS="221.66929133858267" CONTENT="(Allemagne)." ID="tl_12_8" STYLEREFS="FONT0"/>
          </TextLine>
          <TextLine ID="tl_13" BASELINE="1188" HEIGHT="13.606299212598426" WIDTH="245.76377952755905" VPOS="323.1496062992126" HPOS="50.74015748031496">
            <String HEIGHT="13.606299212598426" WIDTH="63.77952755905512" VPOS="323.1496062992126" HPOS="46.20472440944882" CONTENT="Ondulation" ID="tl_13_1" STYLEREFS="FONT0"/>
            <SP HEIGHT="13.606299212598426" WIDTH="4.535433070866142" VPOS="323.1496062992126" HPOS="109.98425196850394"/>
            <String HEIGHT="13.606299212598426" WIDTH="36.28346456692913" VPOS="323.1496062992126" HPOS="96.37795275590551" CONTENT="pour" ID="tl_13_2" STYLEREFS="FONT0"/>
            <SP HEIGHT="13.606299212598426" WIDTH="4.535433070866142" VPOS="323.1496062992126" HPOS="132.66141732283464"/>
            <String HEIGHT="13.606299212598426" WIDTH="22.677165354330707" VPOS="323.1496062992126" HPOS="119.05511811023622" CONTENT="5" ID="tl_13_3" STYLEREFS="FONT0"/>
            <SP HEIGHT="13.606299212598426" WIDTH="4.535433070866142" VPOS="323.1496062992126" HPOS="141.73228346456693"/>
            <String HEIGHT="13.606299212598426" WIDTH="50.173228346456696" VPOS="323.1496062992126" HPOS="128.1259842519685" CONTENT="groupes" ID="tl_13_4" STYLEREFS="FONT0"/>
            <SP HEIGHT="13.606299212598426" WIDTH="4.535433070866142" VPOS="323.1496062992126" HPOS="178.29921259842519"/>
            <String HEIGHT="13.606299212598426" WIDTH="27.212598425196852" VPOS="323.1496062992126" HPOS="164.40944881889763" CONTENT="de" ID="tl_13_5" STYLEREFS="FONT0"/>
            <SP HEIGHT="13.606299212598426" WIDTH="4.535433070866142" VPOS="323.1496062992126" HPOS="191.90551181102362"/>
            <String HEIGHT="13.606299212598426" WIDTH="59.24409448818898" VPOS="323.1496062992126" HPOS="178.29921259842519" CONTENT="sonorité," ID="tl_13_6" STYLEREFS="FONT0"/>
            <SP HEIGHT="13.606299212598426" WIDTH="4.535433070866142" VPOS="323.1496062992126" HPOS="237.25984251968504"/>
            <String HEIGHT="13.606299212598426" WIDTH="41.10236220472441" VPOS="323.1496062992126" HPOS="223.6535433070866" CONTENT="1961." ID="tl_13_7" STYLEREFS="FONT0"/>
            <SP HEIGHT="13.606299212598426" WIDTH="4.535433070866142" VPOS="323.1496062992126" HPOS="264.755905511811"/>
            <String HEIGHT="13.606299212598426" WIDTH="50.173228346456696" VPOS="323.1496062992126" HPOS="246.33070866141733" CONTENT="Orchestre" ID="tl_13_8" STYLEREFS="FONT0"/>
          </TextLine>
          <TextLine ID="tl_14" BASELINE="1216" HEIGHT="11.622047244094489" WIDTH="246.61417322834646" VPOS="333.07086614173227" HPOS="50.173228346456696">
            <String HEIGHT="11.622047244094489" WIDTH="66.04724409448819" VPOS="333.07086614173227" HPOS="45.63779527559055" CONTENT="symphonique" ID="tl_14_1" STYLEREFS="FONT0"/>
            <SP HEIGHT="11.622047244094489" WIDTH="4.535433070866142" VPOS="333.07086614173227" HPOS="111.96850393700787"/>
            <String HEIGHT="11.622047244094489" WIDTH="26.362204724409448" VPOS="333.07086614173227" HPOS="98.64566929133858" CONTENT="de" ID="tl_14_2" STYLEREFS="FONT0"/>
            <SP HEIGHT="11.622047244094489" WIDTH="4.535433070866142" VPOS="333.07086614173227" HPOS="125.00787401574803"/>
            <String HEIGHT="11.622047244094489" WIDTH="26.362204724409448" VPOS="333.07086614173227" HPOS="111.68503937007874" CONTENT="la" ID="tl_14_3" STYLEREFS="FONT0"/>
            <SP HEIGHT="11.622047244094489" WIDTH="4.535433070866142" VPOS="333.07086614173227" HPOS="138.33070866141733"/>
            <String HEIGHT="11.622047244094489" WIDTH="79.37007874015748" VPOS="333.07086614173227" HPOS="125.00787401574803" CONTENT="Radiodiffusion" ID="tl_14_4" STYLEREFS="FONT0"/>
            <SP HEIGHT="11.622047244094489" WIDTH="4.535433070866142" VPOS="333.07086614173227" HPOS="204.3779527559055"/>
            <String HEIGHT="11.622047244094489" WIDTH="26.362204724409448" VPOS="333.07086614173227" HPOS="191.0551181102362" CONTENT="du" ID="tl_14_5" STYLEREFS="FONT0"/>
            <SP HEIGHT="11.622047244094489" WIDTH="4.535433070866142" VPOS="333.07086614173227" HPOS="217.41732283464566"/>
            <String HEIGHT="11.622047244094489" WIDTH="35.1496062992126" VPOS="333.07086614173227" HPOS="204.3779527559055" CONTENT="nord" ID="tl_14_6" STYLEREFS="FONT0"/>
            <SP HEIGHT="11.622047244094489" WIDTH="4.535433070866142" VPOS="333.07086614173227" HPOS="239.5275590551181"/>
            <String HEIGHT="11.622047244094489" WIDTH="26.362204724409448" VPOS="333.07086614173227" HPOS="226.20472440944883" CONTENT="de" ID="tl_14_7" STYLEREFS="FONT0"/>
            <SP HEIGHT="11.622047244094489" WIDTH="4.535433070866142" VPOS="333.07086614173227" HPOS="252.8503937007874"/>
            <String HEIGHT="11.622047244094489" WIDTH="61.79527559055118" VPOS="333.07086614173227" HPOS="235.2755905511811" CONTENT="l’Allemagne," ID="tl_14_8" STYLEREFS="FONT0"/>
          </TextLine>
          <TextLine ID="tl_15" BASELINE="1252" HEIGHT="13.606299212598426" WIDTH="47.62204724409449" VPOS="341.29133858267716" HPOS="50.74015748031496">
            <String HEIGHT="13.606299212598426" WIDTH="58.110236220472444" VPOS="341.29133858267716" HPOS="40.25196850393701" CONTENT="Hambourg." ID="tl_15_1" STYLEREFS="FONT0"/>
          </TextLine>
        </TextBlock>
        <TextBlock ID="r_3_3" HEIGHT="39.40157480314961" WIDTH="244.06299212598427" VPOS="358.5826771653543" HPOS="51.30708661417323">
          <TextLine ID="tl_16" BASELINE="1313" HEIGHT="15.590551181102363" WIDTH="236.9763779527559" VPOS="356.59842519685037" HPOS="50.45669291338583">
            <String HEIGHT="15.590551181102363" WIDTH="54.99212598425197" VPOS="356.59842519685037" HPOS="46.20472440944882" CONTENT="Dieter" ID="tl_16_1" STYLEREFS="FONT1"/>
            <SP HEIGHT="15.590551181102363" WIDTH="4.251968503937008" VPOS="356.59842519685037" HPOS="101.19685039370079"/>
            <String HEIGHT="15.590551181102363" WIDTH="76.25196850393701" VPOS="356.59842519685037" HPOS="88.44094488188976" CONTENT="SCHONBACH" ID="tl_16_2" STYLEREFS="FONT1"/>
            <SP HEIGHT="15.590551181102363" WIDTH="4.251968503937008" VPOS="356.59842519685037" HPOS="164.69291338582678"/>
            <String HEIGHT="15.590551181102363" WIDTH="25.511811023622048" VPOS="356.59842519685037" HPOS="151.93700787401573" CONTENT="né" ID="tl_16_3" STYLEREFS="FONT0"/>
            <SP HEIGHT="15.590551181102363" WIDTH="4.251968503937008" VPOS="356.59842519685037" HPOS="177.4488188976378"/>
            <String HEIGHT="15.590551181102363" WIDTH="25.511811023622048" VPOS="356.59842519685037" HPOS="164.69291338582678" CONTENT="en" ID="tl_16_4" STYLEREFS="FONT0"/>
            <SP HEIGHT="15.590551181102363" WIDTH="4.251968503937008" VPOS="356.59842519685037" HPOS="190.20472440944883"/>
            <String HEIGHT="15.590551181102363" WIDTH="33.732283464566926" VPOS="356.59842519685037" HPOS="177.4488188976378" CONTENT="1931" ID="tl_16_5" STYLEREFS="FONT0"/>
            <SP HEIGHT="15.590551181102363" WIDTH="4.251968503937008" VPOS="356.59842519685037" HPOS="211.1811023622047"/>
            <String HEIGHT="15.590551181102363" WIDTH="21.25984251968504" VPOS="356.59842519685037" HPOS="198.70866141732284" CONTENT="à" ID="tl_16_6" STYLEREFS="FONT0"/>
            <SP HEIGHT="15.590551181102363" WIDTH="4.251968503937008" VPOS="356.59842519685037" HPOS="219.68503937007873"/>
            <String HEIGHT="15.590551181102363" WIDTH="37.98425196850393" VPOS="356.59842519685037" HPOS="206.9291338582677" CONTENT="Stolp" ID="tl_16_7" STYLEREFS="FONT0"/>
            <SP HEIGHT="15.590551181102363" WIDTH="4.251968503937008" VPOS="356.59842519685037" HPOS="245.1968503937008"/>
            <String HEIGHT="15.590551181102363" WIDTH="59.24409448818898" VPOS="356.59842519685037" HPOS="228.18897637795277" CONTENT="(Allemagne)." ID="tl_16_8" STYLEREFS="FONT0"/>
          </TextLine>
          <TextLine ID="tl_17" BASELINE="1346" HEIGHT="14.456692913385826" WIDTH="246.04724409448818" VPOS="367.0866141732283" HPOS="50.45669291338583">
            <String HEIGHT="14.456692913385826" WIDTH="49.32283464566929" VPOS="367.0866141732283" HPOS="46.488188976377955" CONTENT="Canticum" ID="tl_17_1" STYLEREFS="FONT0"/>
            <SP HEIGHT="14.456692913385826" WIDTH="3.968503937007874" VPOS="367.0866141732283" HPOS="95.5275590551181"/>
            <String HEIGHT="14.456692913385826" WIDTH="41.10236220472441" VPOS="367.0866141732283" HPOS="83.33858267716535" CONTENT="psalmi" ID="tl_17_2" STYLEREFS="FONT0"/>
            <SP HEIGHT="14.456692913385826" WIDTH="3.968503937007874" VPOS="367.0866141732283" HPOS="124.15748031496064"/>
            <String HEIGHT="14.456692913385826" WIDTH="24.661417322834644" VPOS="367.0866141732283" HPOS="111.96850393700787" CONTENT="ad" ID="tl_17_3" STYLEREFS="FONT0"/>
            <SP HEIGHT="14.456692913385826" WIDTH="3.968503937007874" VPOS="367.0866141732283" HPOS="136.62992125984252"/>
            <String HEIGHT="14.456692913385826" WIDTH="41.10236220472441" VPOS="367.0866141732283" HPOS="124.15748031496064" CONTENT="laudes" ID="tl_17_4" STYLEREFS="FONT0"/>
            <SP HEIGHT="14.456692913385826" WIDTH="3.968503937007874" VPOS="367.0866141732283" HPOS="165.25984251968504"/>
            <String HEIGHT="14.456692913385826" WIDTH="32.881889763779526" VPOS="367.0866141732283" HPOS="153.0708661417323" CONTENT="pour" ID="tl_17_5" STYLEREFS="FONT0"/>
            <SP HEIGHT="14.456692913385826" WIDTH="3.968503937007874" VPOS="367.0866141732283" HPOS="185.66929133858267"/>
            <String HEIGHT="14.456692913385826" WIDTH="45.07086614173228" VPOS="367.0866141732283" HPOS="173.48031496062993" CONTENT="soprano" ID="tl_17_6" STYLEREFS="FONT0"/>
            <SP HEIGHT="14.456692913385826" WIDTH="3.968503937007874" VPOS="367.0866141732283" HPOS="218.5511811023622"/>
            <String HEIGHT="14.456692913385826" WIDTH="24.661417322834644" VPOS="367.0866141732283" HPOS="206.36220472440945" CONTENT="et" ID="tl_17_7" STYLEREFS="FONT0"/>
            <SP HEIGHT="14.456692913385826" WIDTH="3.968503937007874" VPOS="367.0866141732283" HPOS="231.0236220472441"/>
            <String HEIGHT="14.456692913385826" WIDTH="65.48031496062993" VPOS="367.0866141732283" HPOS="218.5511811023622" CONTENT="instruments," ID="tl_17_8" STYLEREFS="FONT0"/>
            <SP HEIGHT="14.456692913385826" WIDTH="3.968503937007874" VPOS="367.0866141732283" HPOS="284.31496062992125"/>
            <String HEIGHT="14.456692913385826" WIDTH="28.62992125984252" VPOS="367.0866141732283" HPOS="267.87401574803147" CONTENT="1964." ID="tl_17_9" STYLEREFS="FONT0"/>
          </TextLine>
          <TextLine ID="tl_18" BASELINE="1384" HEIGHT="15.023622047244094" WIDTH="246.61417322834646" VPOS="377.29133858267716" HPOS="50.173228346456696">
            <String HEIGHT="15.023622047244094" WIDTH="59.24409448818898" VPOS="377.29133858267716" HPOS="45.63779527559055" CONTENT="Orchestre" ID="tl_18_1" STYLEREFS="FONT0"/>
            <SP HEIGHT="15.023622047244094" WIDTH="4.535433070866142" VPOS="377.29133858267716" HPOS="104.88188976377953"/>
            <String HEIGHT="15.023622047244094" WIDTH="68.5984251968504" VPOS="377.29133858267716" HPOS="91.2755905511811" CONTENT="symphonique" ID="tl_18_2" STYLEREFS="FONT0"/>
            <SP HEIGHT="15.023622047244094" WIDTH="4.535433070866142" VPOS="377.29133858267716" HPOS="159.8740157480315"/>
            <String HEIGHT="15.023622047244094" WIDTH="27.496062992125985" VPOS="377.29133858267716" HPOS="145.98425196850394" CONTENT="de" ID="tl_18_3" STYLEREFS="FONT0"/>
            <SP HEIGHT="15.023622047244094" WIDTH="4.535433070866142" VPOS="377.29133858267716" HPOS="173.48031496062993"/>
            <String HEIGHT="15.023622047244094" WIDTH="27.496062992125985" VPOS="377.29133858267716" HPOS="159.8740157480315" CONTENT="la" ID="tl_18_4" STYLEREFS="FONT0"/>
            <SP HEIGHT="15.023622047244094" WIDTH="4.535433070866142" VPOS="377.29133858267716" HPOS="187.08661417322836"/>
            <String HEIGHT="15.023622047244094" WIDTH="86.74015748031496" VPOS="377.29133858267716" HPOS="173.48031496062993" CONTENT="Radiodiffusuion" ID="tl_18_5" STYLEREFS="FONT0"/>
            <SP HEIGHT="15.023622047244094" WIDTH="4.535433070866142" VPOS="377.29133858267716" HPOS="260.2204724409449"/>
            <String HEIGHT="15.023622047244094" WIDTH="27.496062992125985" VPOS="377.29133858267716" HPOS="246.61417322834646" CONTENT="du" ID="tl_18_6" STYLEREFS="FONT0"/>
            <SP HEIGHT="15.023622047244094" WIDTH="4.535433070866142" VPOS="377.29133858267716" HPOS="273.8267716535433"/>
            <String HEIGHT="15.023622047244094" WIDTH="36.56692913385827" VPOS="377.29133858267716" HPOS="260.2204724409449" CONTENT="nord" ID="tl_18_7" STYLEREFS="FONT0"/>
            <SP HEIGHT="15.023622047244094" WIDTH="4.535433070866142" VPOS="377.29133858267716" HPOS="296.78740157480314"/>
            <String HEIGHT="15.023622047244094" WIDTH="18.141732283464567" VPOS="377.29133858267716" HPOS="278.6456692913386" CONTENT="de" ID="tl_18_8" STYLEREFS="FONT0"/>
          </TextLine>
          <TextLine ID="tl_19" BASELINE="1410" HEIGHT="13.606299212598426" WIDTH="102.04724409448819" VPOS="386.0787401574803" HPOS="49.889763779527556">
            <String HEIGHT="13.606299212598426" WIDTH="74.26771653543307" VPOS="386.0787401574803" HPOS="45.354330708661415" CONTENT="l’Allemagne," ID="tl_19_1" STYLEREFS="FONT0"/>
            <SP HEIGHT="13.606299212598426" WIDTH="4.535433070866142" VPOS="386.0787401574803" HPOS="119.33858267716535"/>
            <String HEIGHT="13.606299212598426" WIDTH="51.023622047244096" VPOS="386.0787401574803" HPOS="100.91338582677166" CONTENT="Hambourg." ID="tl_19_2" STYLEREFS="FONT0"/>
          </TextLine>
        </TextBlock>
        <TextBlock ID="r_3_4" HEIGHT="30.89763779527559" WIDTH="244.06299212598427" VPOS="396.56692913385825" HPOS="51.023622047244096">
          <TextLine ID="tl_20" BASELINE="1447" HEIGHT="13.88976377952756" WIDTH="245.76377952755905" VPOS="396.2834645669291" HPOS="50.74015748031496">
            <String HEIGHT="13.88976377952756" WIDTH="65.76377952755905" VPOS="396.2834645669291" HPOS="46.488188976377955" CONTENT="Ritournelle" ID="tl_20_1" STYLEREFS="FONT0"/>
            <SP HEIGHT="13.88976377952756" WIDTH="4.251968503937008" VPOS="396.2834645669291" HPOS="112.25196850393701"/>
            <String HEIGHT="13.88976377952756" WIDTH="21.826771653543307" VPOS="396.2834645669291" HPOS="98.92913385826772" CONTENT=":" ID="tl_20_2" STYLEREFS="FONT0"/>
            <SP HEIGHT="13.88976377952756" WIDTH="4.251968503937008" VPOS="396.2834645669291" HPOS="121.03937007874016"/>
            <String HEIGHT="13.88976377952756" WIDTH="21.826771653543307" VPOS="396.2834645669291" HPOS="107.71653543307086" CONTENT="7" ID="tl_20_3" STYLEREFS="FONT0"/>
            <SP HEIGHT="13.88976377952756" WIDTH="4.251968503937008" VPOS="396.2834645669291" HPOS="129.82677165354332"/>
            <String HEIGHT="13.88976377952756" WIDTH="43.93700787401575" VPOS="396.2834645669291" HPOS="116.50393700787401" CONTENT="pièces" ID="tl_20_4" STYLEREFS="FONT0"/>
            <SP HEIGHT="13.88976377952756" WIDTH="4.251968503937008" VPOS="396.2834645669291" HPOS="160.44094488188978"/>
            <String HEIGHT="13.88976377952756" WIDTH="35.1496062992126" VPOS="396.2834645669291" HPOS="147.4015748031496" CONTENT="pour" ID="tl_20_5" STYLEREFS="FONT0"/>
            <SP HEIGHT="13.88976377952756" WIDTH="4.251968503937008" VPOS="396.2834645669291" HPOS="182.26771653543307"/>
            <String HEIGHT="13.88976377952756" WIDTH="61.511811023622045" VPOS="396.2834645669291" HPOS="169.22834645669292" CONTENT="orchestre," ID="tl_20_6" STYLEREFS="FONT0"/>
            <SP HEIGHT="13.88976377952756" WIDTH="4.251968503937008" VPOS="396.2834645669291" HPOS="230.74015748031496"/>
            <String HEIGHT="13.88976377952756" WIDTH="43.93700787401575" VPOS="396.2834645669291" HPOS="217.41732283464566" CONTENT="dédiée" ID="tl_20_7" STYLEREFS="FONT0"/>
            <SP HEIGHT="13.88976377952756" WIDTH="4.251968503937008" VPOS="396.2834645669291" HPOS="261.3543307086614"/>
            <String HEIGHT="13.88976377952756" WIDTH="21.826771653543307" VPOS="396.2834645669291" HPOS="248.31496062992127" CONTENT="à" ID="tl_20_8" STYLEREFS="FONT0"/>
            <SP HEIGHT="13.88976377952756" WIDTH="4.251968503937008" VPOS="396.2834645669291" HPOS="270.1417322834646"/>
            <String HEIGHT="13.88976377952756" WIDTH="43.93700787401575" VPOS="396.2834645669291" HPOS="252.56692913385828" CONTENT="Woligang" ID="tl_20_9" STYLEREFS="FONT0"/>
          </TextLine>
          <TextLine ID="tl_21" BASELINE="1472" HEIGHT="11.05511811023622" WIDTH="246.33070866141733" VPOS="406.20472440944883" HPOS="50.173228346456696">
            <String HEIGHT="11.05511811023622" WIDTH="51.874015748031496" VPOS="406.20472440944883" HPOS="45.92125984251968" CONTENT="Fortner," ID="tl_21_1" STYLEREFS="FONT0"/>
            <SP HEIGHT="11.05511811023622" WIDTH="4.251968503937008" VPOS="406.20472440944883" HPOS="97.79527559055119"/>
            <String HEIGHT="11.05511811023622" WIDTH="38.83464566929134" VPOS="406.20472440944883" HPOS="84.75590551181102" CONTENT="1961." ID="tl_21_2" STYLEREFS="FONT0"/>
            <SP HEIGHT="11.05511811023622" WIDTH="4.251968503937008" VPOS="406.20472440944883" HPOS="123.59055118110236"/>
            <String HEIGHT="11.05511811023622" WIDTH="56.125984251968504" VPOS="406.20472440944883" HPOS="110.55118110236221" CONTENT="Orchestre" ID="tl_21_3" STYLEREFS="FONT0"/>
            <SP HEIGHT="11.05511811023622" WIDTH="4.251968503937008" VPOS="406.20472440944883" HPOS="166.96062992125985"/>
            <String HEIGHT="11.05511811023622" WIDTH="64.91338582677166" VPOS="406.20472440944883" HPOS="153.92125984251967" CONTENT="symphonique" ID="tl_21_4" STYLEREFS="FONT0"/>
            <SP HEIGHT="11.05511811023622" WIDTH="4.251968503937008" VPOS="406.20472440944883" HPOS="218.83464566929135"/>
            <String HEIGHT="11.05511811023622" WIDTH="25.79527559055118" VPOS="406.20472440944883" HPOS="205.79527559055117" CONTENT="de" ID="tl_21_5" STYLEREFS="FONT0"/>
            <SP HEIGHT="11.05511811023622" WIDTH="4.251968503937008" VPOS="406.20472440944883" HPOS="231.59055118110237"/>
            <String HEIGHT="11.05511811023622" WIDTH="25.79527559055118" VPOS="406.20472440944883" HPOS="218.83464566929135" CONTENT="la" ID="tl_21_6" STYLEREFS="FONT0"/>
            <SP HEIGHT="11.05511811023622" WIDTH="4.251968503937008" VPOS="406.20472440944883" HPOS="244.62992125984252"/>
            <String HEIGHT="11.05511811023622" WIDTH="69.16535433070867" VPOS="406.20472440944883" HPOS="227.33858267716536" CONTENT="Radiodiffusion" ID="tl_21_7" STYLEREFS="FONT0"/>
          </TextLine>
          <TextLine ID="tl_22" BASELINE="1516" HEIGHT="13.88976377952756" WIDTH="150.51968503937007" VPOS="415.84251968503935" HPOS="49.889763779527556">
            <String HEIGHT="13.88976377952756" WIDTH="27.496062992125985" VPOS="415.84251968503935" HPOS="45.354330708661415" CONTENT="du" ID="tl_22_1" STYLEREFS="FONT0"/>
            <SP HEIGHT="13.88976377952756" WIDTH="4.535433070866142" VPOS="415.84251968503935" HPOS="72.56692913385827"/>
            <String HEIGHT="13.88976377952756" WIDTH="36.56692913385827" VPOS="415.84251968503935" HPOS="58.960629921259844" CONTENT="nord" ID="tl_22_2" STYLEREFS="FONT0"/>
            <SP HEIGHT="13.88976377952756" WIDTH="4.535433070866142" VPOS="415.84251968503935" HPOS="95.5275590551181"/>
            <String HEIGHT="13.88976377952756" WIDTH="27.496062992125985" VPOS="415.84251968503935" HPOS="81.92125984251969" CONTENT="de" ID="tl_22_3" STYLEREFS="FONT0"/>
            <SP HEIGHT="13.88976377952756" WIDTH="4.535433070866142" VPOS="415.84251968503935" HPOS="109.13385826771653"/>
            <String HEIGHT="13.88976377952756" WIDTH="72.85039370078741" VPOS="415.84251968503935" HPOS="95.5275590551181" CONTENT="l’Allemagne," ID="tl_22_4" STYLEREFS="FONT0"/>
            <SP HEIGHT="13.88976377952756" WIDTH="4.535433070866142" VPOS="415.84251968503935" HPOS="168.3779527559055"/>
            <String HEIGHT="13.88976377952756" WIDTH="50.173228346456696" VPOS="415.84251968503935" HPOS="150.23622047244095" CONTENT="Hambourg." ID="tl_22_5" STYLEREFS="FONT0"/>
          </TextLine>
        </TextBlock>
        <TextBlock ID="r_3_5" HEIGHT="23.244094488188978" WIDTH="244.91338582677164" VPOS="431.7165354330709" HPOS="50.74015748031496">
          <TextLine ID="tl_23" BASELINE="1574" HEIGHT="14.456692913385826" WIDTH="246.61417322834646" VPOS="431.7165354330709" HPOS="50.45669291338583">
            <String HEIGHT="14.456692913385826" WIDTH="80.78740157480316" VPOS="431.7165354330709" HPOS="46.488188976377955" CONTENT="Ernst-Albrecht" ID="tl_23_1" STYLEREFS="FONT1"/>
            <SP HEIGHT="14.456692913385826" WIDTH="3.968503937007874" VPOS="431.7165354330709" HPOS="127.55905511811024"/>
            <String HEIGHT="14.456692913385826" WIDTH="65.48031496062993" VPOS="431.7165354330709" HPOS="115.93700787401575" CONTENT="STIEBLER" ID="tl_23_2" STYLEREFS="FONT1"/>
            <SP HEIGHT="14.456692913385826" WIDTH="3.968503937007874" VPOS="431.7165354330709" HPOS="181.41732283464566"/>
            <String HEIGHT="14.456692913385826" WIDTH="23.244094488188978" VPOS="431.7165354330709" HPOS="169.79527559055117" CONTENT="né" ID="tl_23_3" STYLEREFS="FONT0"/>
            <SP HEIGHT="14.456692913385826" WIDTH="3.968503937007874" VPOS="431.7165354330709" HPOS="193.03937007874015"/>
            <String HEIGHT="14.456692913385826" WIDTH="23.244094488188978" VPOS="431.7165354330709" HPOS="181.41732283464566" CONTENT="en" ID="tl_23_4" STYLEREFS="FONT0"/>
            <SP HEIGHT="14.456692913385826" WIDTH="3.968503937007874" VPOS="431.7165354330709" HPOS="204.66141732283464"/>
            <String HEIGHT="14.456692913385826" WIDTH="30.89763779527559" VPOS="431.7165354330709" HPOS="193.03937007874015" CONTENT="1934" ID="tl_23_5" STYLEREFS="FONT0"/>
            <SP HEIGHT="14.456692913385826" WIDTH="3.968503937007874" VPOS="431.7165354330709" HPOS="223.93700787401573"/>
            <String HEIGHT="14.456692913385826" WIDTH="19.275590551181104" VPOS="431.7165354330709" HPOS="212.31496062992127" CONTENT="à" ID="tl_23_6" STYLEREFS="FONT0"/>
            <SP HEIGHT="14.456692913385826" WIDTH="3.968503937007874" VPOS="431.7165354330709" HPOS="231.59055118110237"/>
            <String HEIGHT="14.456692913385826" WIDTH="38.55118110236221" VPOS="431.7165354330709" HPOS="219.96850393700788" CONTENT="Berlin" ID="tl_23_7" STYLEREFS="FONT0"/>
            <SP HEIGHT="14.456692913385826" WIDTH="3.968503937007874" VPOS="431.7165354330709" HPOS="258.5196850393701"/>
            <String HEIGHT="14.456692913385826" WIDTH="53.85826771653543" VPOS="431.7165354330709" HPOS="243.21259842519686" CONTENT="(Allemagne)." ID="tl_23_8" STYLEREFS="FONT0"/>
          </TextLine>
          <TextLine ID="tl_24" BASELINE="1610" HEIGHT="15.590551181102363" WIDTH="237.82677165354332" VPOS="440.78740157480314" HPOS="49.32283464566929">
            <String HEIGHT="15.590551181102363" WIDTH="41.669291338582674" VPOS="440.78740157480314" HPOS="45.07086614173228" CONTENT="Stades" ID="tl_24_1" STYLEREFS="FONT0"/>
            <SP HEIGHT="15.590551181102363" WIDTH="4.251968503937008" VPOS="440.78740157480314" HPOS="86.74015748031496"/>
            <String HEIGHT="15.590551181102363" WIDTH="33.44881889763779" VPOS="440.78740157480314" HPOS="74.26771653543307" CONTENT="pour" ID="tl_24_2" STYLEREFS="FONT0"/>
            <SP HEIGHT="15.590551181102363" WIDTH="4.251968503937008" VPOS="440.78740157480314" HPOS="107.71653543307086"/>
            <String HEIGHT="15.590551181102363" WIDTH="20.976377952755904" VPOS="440.78740157480314" HPOS="95.24409448818898" CONTENT="3" ID="tl_24_3" STYLEREFS="FONT0"/>
            <SP HEIGHT="15.590551181102363" WIDTH="4.251968503937008" VPOS="440.78740157480314" HPOS="116.22047244094489"/>
            <String HEIGHT="15.590551181102363" WIDTH="66.89763779527559" VPOS="440.78740157480314" HPOS="103.46456692913385" CONTENT="clarinettes," ID="tl_24_4" STYLEREFS="FONT0"/>
            <SP HEIGHT="15.590551181102363" WIDTH="4.251968503937008" VPOS="440.78740157480314" HPOS="170.36220472440945"/>
            <String HEIGHT="15.590551181102363" WIDTH="37.41732283464567" VPOS="440.78740157480314" HPOS="157.88976377952756" CONTENT="1961." ID="tl_24_5" STYLEREFS="FONT0"/>
            <SP HEIGHT="15.590551181102363" WIDTH="4.251968503937008" VPOS="440.78740157480314" HPOS="195.30708661417322"/>
            <String HEIGHT="15.590551181102363" WIDTH="75.11811023622047" VPOS="440.78740157480314" HPOS="182.83464566929135" CONTENT="Radiodiffusion" ID="tl_24_6" STYLEREFS="FONT0"/>
            <SP HEIGHT="15.590551181102363" WIDTH="4.251968503937008" VPOS="440.78740157480314" HPOS="257.9527559055118"/>
            <String HEIGHT="15.590551181102363" WIDTH="24.944881889763778" VPOS="440.78740157480314" HPOS="245.48031496062993" CONTENT="de" ID="tl_24_7" STYLEREFS="FONT0"/>
            <SP HEIGHT="15.590551181102363" WIDTH="4.251968503937008" VPOS="440.78740157480314" HPOS="270.4251968503937"/>
            <String HEIGHT="15.590551181102363" WIDTH="33.44881889763779" VPOS="440.78740157480314" HPOS="253.70078740157481" CONTENT="Brême." ID="tl_24_8" STYLEREFS="FONT0"/>
          </TextLine>
        </TextBlock>
        <TextBlock ID="r_4_1" HEIGHT="9.354330708661417" WIDTH="51.59055118110236" VPOS="477.07086614173227" HPOS="30.330708661417322">
          <TextLine ID="tl_25" BASELINE="1729" HEIGHT="15.590551181102363" WIDTH="54.425196850393704" VPOS="474.5196850393701" HPOS="28.913385826771652">
            <String HEIGHT="15.590551181102363" WIDTH="65.19685039370079" VPOS="474.5196850393701" HPOS="18.141732283464567" CONTENT="bAUTRICHE/" ID="tl_25_1" STYLEREFS="FONT0"/>
          </TextLine>
        </TextBlock>
        <TextBlock ID="r_5_1" HEIGHT="22.96062992125984" WIDTH="226.77165354330708" VPOS="498.61417322834643" HPOS="50.74015748031496">
          <TextLine ID="tl_26" BASELINE="1805" HEIGHT="15.307086614173228" WIDTH="229.03937007874015" VPOS="496.34645669291336" HPOS="49.60629921259842">
            <String HEIGHT="15.307086614173228" WIDTH="45.92125984251968" VPOS="496.34645669291336" HPOS="45.354330708661415" CONTENT="Kurt" ID="tl_26_1" STYLEREFS="FONT1"/>
            <SP HEIGHT="15.307086614173228" WIDTH="4.251968503937008" VPOS="496.34645669291336" HPOS="91.2755905511811"/>
            <String HEIGHT="15.307086614173228" WIDTH="79.08661417322834" VPOS="496.34645669291336" HPOS="78.80314960629921" CONTENT="SCHWERTSIK" ID="tl_26_2" STYLEREFS="FONT1"/>
            <SP HEIGHT="15.307086614173228" WIDTH="4.251968503937008" VPOS="496.34645669291336" HPOS="157.88976377952756"/>
            <String HEIGHT="15.307086614173228" WIDTH="24.944881889763778" VPOS="496.34645669291336" HPOS="145.41732283464566" CONTENT="né" ID="tl_26_3" STYLEREFS="FONT0"/>
            <SP HEIGHT="15.307086614173228" WIDTH="4.251968503937008" VPOS="496.34645669291336" HPOS="170.36220472440945"/>
            <String HEIGHT="15.307086614173228" WIDTH="24.944881889763778" VPOS="496.34645669291336" HPOS="157.88976377952756" CONTENT="en" ID="tl_26_4" STYLEREFS="FONT0"/>
            <SP HEIGHT="15.307086614173228" WIDTH="4.251968503937008" VPOS="496.34645669291336" HPOS="182.83464566929135"/>
            <String HEIGHT="15.307086614173228" WIDTH="33.44881889763779" VPOS="496.34645669291336" HPOS="170.36220472440945" CONTENT="1935" ID="tl_26_5" STYLEREFS="FONT0"/>
            <SP HEIGHT="15.307086614173228" WIDTH="4.251968503937008" VPOS="496.34645669291336" HPOS="203.81102362204723"/>
            <String HEIGHT="15.307086614173228" WIDTH="20.69291338582677" VPOS="496.34645669291336" HPOS="191.0551181102362" CONTENT="à" ID="tl_26_6" STYLEREFS="FONT0"/>
            <SP HEIGHT="15.307086614173228" WIDTH="4.251968503937008" VPOS="496.34645669291336" HPOS="212.03149606299212"/>
            <String HEIGHT="15.307086614173228" WIDTH="41.669291338582674" VPOS="496.34645669291336" HPOS="199.55905511811022" CONTENT="Vienne" ID="tl_26_7" STYLEREFS="FONT0"/>
            <SP HEIGHT="15.307086614173228" WIDTH="4.251968503937008" VPOS="496.34645669291336" HPOS="241.22834645669292"/>
            <String HEIGHT="15.307086614173228" WIDTH="54.14173228346457" VPOS="496.34645669291336" HPOS="224.50393700787401" CONTENT="(Autriche)." ID="tl_26_8" STYLEREFS="FONT0"/>
          </TextLine>
          <TextLine ID="tl_27" BASELINE="1845" HEIGHT="14.740157480314961" WIDTH="221.38582677165354" VPOS="508.251968503937" HPOS="49.60629921259842">
            <String HEIGHT="14.740157480314961" WIDTH="39.118110236220474" VPOS="508.251968503937" HPOS="45.354330708661415" CONTENT="Rêves" ID="tl_27_1" STYLEREFS="FONT0"/>
            <SP HEIGHT="14.740157480314961" WIDTH="4.251968503937008" VPOS="508.251968503937" HPOS="84.4724409448819"/>
            <String HEIGHT="14.740157480314961" WIDTH="52.15748031496063" VPOS="508.251968503937" HPOS="71.43307086614173" CONTENT="d’amour," ID="tl_27_2" STYLEREFS="FONT0"/>
            <SP HEIGHT="14.740157480314961" WIDTH="4.251968503937008" VPOS="508.251968503937" HPOS="123.30708661417323"/>
            <String HEIGHT="14.740157480314961" WIDTH="30.330708661417322" VPOS="508.251968503937" HPOS="110.26771653543307" CONTENT="op." ID="tl_27_3" STYLEREFS="FONT0"/>
            <SP HEIGHT="14.740157480314961" WIDTH="4.251968503937008" VPOS="508.251968503937" HPOS="140.88188976377953"/>
            <String HEIGHT="14.740157480314961" WIDTH="26.078740157480315" VPOS="508.251968503937" HPOS="127.84251968503936" CONTENT="7," ID="tl_27_4" STYLEREFS="FONT0"/>
            <SP HEIGHT="14.740157480314961" WIDTH="4.251968503937008" VPOS="508.251968503937" HPOS="153.92125984251967"/>
            <String HEIGHT="14.740157480314961" WIDTH="39.118110236220474" VPOS="508.251968503937" HPOS="140.88188976377953" CONTENT="1963." ID="tl_27_5" STYLEREFS="FONT0"/>
            <SP HEIGHT="14.740157480314961" WIDTH="4.251968503937008" VPOS="508.251968503937" HPOS="179.71653543307087"/>
            <String HEIGHT="14.740157480314961" WIDTH="47.62204724409449" VPOS="508.251968503937" HPOS="166.6771653543307" CONTENT="Edition" ID="tl_27_6" STYLEREFS="FONT0"/>
            <SP HEIGHT="14.740157480314961" WIDTH="4.251968503937008" VPOS="508.251968503937" HPOS="214.58267716535434"/>
            <String HEIGHT="14.740157480314961" WIDTH="47.62204724409449" VPOS="508.251968503937" HPOS="201.54330708661416" CONTENT="Modern," ID="tl_27_7" STYLEREFS="FONT0"/>
            <SP HEIGHT="14.740157480314961" WIDTH="4.251968503937008" VPOS="508.251968503937" HPOS="249.16535433070865"/>
            <String HEIGHT="14.740157480314961" WIDTH="39.118110236220474" VPOS="508.251968503937" HPOS="231.8740157480315" CONTENT="Munich." ID="tl_27_8" STYLEREFS="FONT0"/>
          </TextLine>
        </TextBlock>
        <TextBlock ID="r_6_1" HEIGHT="9.921259842519685" WIDTH="49.60629921259842" VPOS="543.6850393700787" HPOS="30.614173228346456">
          <TextLine ID="tl_28" BASELINE="1963" HEIGHT="15.307086614173228" WIDTH="52.724409448818896" VPOS="541.1338582677165" HPOS="29.19685039370079">
            <String HEIGHT="15.307086614173228" WIDTH="59.811023622047244" VPOS="541.1338582677165" HPOS="22.11023622047244" CONTENT="BELGIQUE" ID="tl_28_1" STYLEREFS="FONT1"/>
          </TextLine>
        </TextBlock>
        <TextBlock ID="r_8_1" HEIGHT="15.023622047244094" WIDTH="244.3464566929134" VPOS="564.0944881889764" HPOS="51.59055118110236">
          <TextLine ID="tl_29" BASELINE="2033" HEIGHT="10.771653543307087" WIDTH="246.89763779527559" VPOS="565.511811023622" HPOS="50.173228346456696">
            <String HEIGHT="10.771653543307087" WIDTH="53.574803149606296" VPOS="565.511811023622" HPOS="45.92125984251968" CONTENT="Pierre" ID="tl_29_1" STYLEREFS="FONT1"/>
            <SP HEIGHT="10.771653543307087" WIDTH="4.251968503937008" VPOS="565.511811023622" HPOS="99.49606299212599"/>
            <String HEIGHT="10.771653543307087" WIDTH="78.23622047244095" VPOS="565.511811023622" HPOS="87.30708661417323" CONTENT="BARTHOLOMEE" ID="tl_29_2" STYLEREFS="FONT1"/>
            <SP HEIGHT="10.771653543307087" WIDTH="4.251968503937008" VPOS="565.511811023622" HPOS="165.25984251968504"/>
            <String HEIGHT="10.771653543307087" WIDTH="24.661417322834644" VPOS="565.511811023622" HPOS="153.0708661417323" CONTENT="né" ID="tl_29_3" STYLEREFS="FONT0"/>
            <SP HEIGHT="10.771653543307087" WIDTH="4.251968503937008" VPOS="565.511811023622" HPOS="177.73228346456693"/>
            <String HEIGHT="10.771653543307087" WIDTH="24.661417322834644" VPOS="565.511811023622" HPOS="165.25984251968504" CONTENT="en" ID="tl_29_4" STYLEREFS="FONT0"/>
            <SP HEIGHT="10.771653543307087" WIDTH="4.251968503937008" VPOS="565.511811023622" HPOS="190.20472440944883"/>
            <String HEIGHT="10.771653543307087" WIDTH="32.881889763779526" VPOS="565.511811023622" HPOS="177.73228346456693" CONTENT="1937" ID="tl_29_5" STYLEREFS="FONT0"/>
            <SP HEIGHT="10.771653543307087" WIDTH="4.251968503937008" VPOS="565.511811023622" HPOS="210.61417322834646"/>
            <String HEIGHT="10.771653543307087" WIDTH="20.69291338582677" VPOS="565.511811023622" HPOS="198.4251968503937" CONTENT="à" ID="tl_29_6" STYLEREFS="FONT0"/>
            <SP HEIGHT="10.771653543307087" WIDTH="4.251968503937008" VPOS="565.511811023622" HPOS="218.83464566929135"/>
            <String HEIGHT="10.771653543307087" WIDTH="53.574803149606296" VPOS="565.511811023622" HPOS="206.64566929133858" CONTENT="Bruxelles" ID="tl_29_7" STYLEREFS="FONT0"/>
            <SP HEIGHT="10.771653543307087" WIDTH="4.251968503937008" VPOS="565.511811023622" HPOS="259.93700787401576"/>
            <String HEIGHT="10.771653543307087" WIDTH="53.574803149606296" VPOS="565.511811023622" HPOS="243.49606299212599" CONTENT="(Belgique)." ID="tl_29_8" STYLEREFS="FONT0"/>
          </TextLine>
        </TextBlock>
        <TextBlock ID="r_8_2" HEIGHT="11.338582677165354" WIDTH="133.51181102362204" VPOS="575.7165354330708" HPOS="50.74015748031496">
          <TextLine ID="tl_30" BASELINE="2080" HEIGHT="14.173228346456693" WIDTH="135.7795275590551" VPOS="575.4330708661417" HPOS="49.889763779527556">
            <String HEIGHT="14.173228346456693" WIDTH="48.188976377952756" VPOS="575.4330708661417" HPOS="45.63779527559055" CONTENT="Chanson" ID="tl_30_1" STYLEREFS="FONT0"/>
            <SP HEIGHT="14.173228346456693" WIDTH="4.251968503937008" VPOS="575.4330708661417" HPOS="93.8267716535433"/>
            <String HEIGHT="14.173228346456693" WIDTH="35.1496062992126" VPOS="575.4330708661417" HPOS="80.50393700787401" CONTENT="pour" ID="tl_30_2" STYLEREFS="FONT0"/>
            <SP HEIGHT="14.173228346456693" WIDTH="4.251968503937008" VPOS="575.4330708661417" HPOS="115.65354330708661"/>
            <String HEIGHT="14.173228346456693" WIDTH="70.01574803149606" VPOS="575.4330708661417" HPOS="102.33070866141732" CONTENT="violoncelle," ID="tl_30_3" STYLEREFS="FONT0"/>
            <SP HEIGHT="14.173228346456693" WIDTH="4.251968503937008" VPOS="575.4330708661417" HPOS="172.62992125984252"/>
            <String HEIGHT="14.173228346456693" WIDTH="30.614173228346456" VPOS="575.4330708661417" HPOS="155.0551181102362" CONTENT="1964." ID="tl_30_4" STYLEREFS="FONT0"/>
          </TextLine>
        </TextBlock>
        <TextBlock ID="r_8_3" HEIGHT="15.307086614173228" WIDTH="244.62992125984252" VPOS="590.1732283464567" HPOS="51.59055118110236">
          <TextLine ID="tl_31" BASELINE="2138" HEIGHT="16.440944881889763" WIDTH="247.1811023622047" VPOS="589.6062992125984" HPOS="50.45669291338583">
            <String HEIGHT="16.440944881889763" WIDTH="64.91338582677166" VPOS="589.6062992125984" HPOS="46.20472440944882" CONTENT="Philippe" ID="tl_31_1" STYLEREFS="FONT1"/>
            <SP HEIGHT="16.440944881889763" WIDTH="4.251968503937008" VPOS="589.6062992125984" HPOS="111.11811023622047"/>
            <String HEIGHT="16.440944881889763" WIDTH="69.44881889763779" VPOS="589.6062992125984" HPOS="98.07874015748031" CONTENT="BOESMANS" ID="tl_31_2" STYLEREFS="FONT1"/>
            <SP HEIGHT="16.440944881889763" WIDTH="4.251968503937008" VPOS="589.6062992125984" HPOS="167.5275590551181"/>
            <String HEIGHT="16.440944881889763" WIDTH="26.078740157480315" VPOS="589.6062992125984" HPOS="154.48818897637796" CONTENT="né" ID="tl_31_3" STYLEREFS="FONT0"/>
            <SP HEIGHT="16.440944881889763" WIDTH="4.251968503937008" VPOS="589.6062992125984" HPOS="180.56692913385828"/>
            <String HEIGHT="16.440944881889763" WIDTH="26.078740157480315" VPOS="589.6062992125984" HPOS="167.5275590551181" CONTENT="en" ID="tl_31_4" STYLEREFS="FONT0"/>
            <SP HEIGHT="16.440944881889763" WIDTH="4.251968503937008" VPOS="589.6062992125984" HPOS="193.60629921259843"/>
            <String HEIGHT="16.440944881889763" WIDTH="34.58267716535433" VPOS="589.6062992125984" HPOS="180.56692913385828" CONTENT="1936" ID="tl_31_5" STYLEREFS="FONT0"/>
            <SP HEIGHT="16.440944881889763" WIDTH="4.251968503937008" VPOS="589.6062992125984" HPOS="215.1496062992126"/>
            <String HEIGHT="16.440944881889763" WIDTH="21.543307086614174" VPOS="589.6062992125984" HPOS="202.11023622047244" CONTENT="à" ID="tl_31_6" STYLEREFS="FONT0"/>
            <SP HEIGHT="16.440944881889763" WIDTH="4.251968503937008" VPOS="589.6062992125984" HPOS="223.93700787401573"/>
            <String HEIGHT="16.440944881889763" WIDTH="47.62204724409449" VPOS="589.6062992125984" HPOS="210.89763779527559" CONTENT="Tongres" ID="tl_31_7" STYLEREFS="FONT0"/>
            <SP HEIGHT="16.440944881889763" WIDTH="4.251968503937008" VPOS="589.6062992125984" HPOS="258.5196850393701"/>
            <String HEIGHT="16.440944881889763" WIDTH="56.40944881889764" VPOS="589.6062992125984" HPOS="241.22834645669292" CONTENT="(Belgique)." ID="tl_31_8" STYLEREFS="FONT0"/>
          </TextLine>
        </TextBlock>
        <TextBlock ID="r_8_4" HEIGHT="11.622047244094489" WIDTH="102.89763779527559" VPOS="601.7952755905512" HPOS="51.023622047244096">
          <TextLine ID="tl_32" BASELINE="2172" HEIGHT="14.740157480314961" WIDTH="105.44881889763779" VPOS="600.9448818897638" HPOS="49.60629921259842">
            <String HEIGHT="14.740157480314961" WIDTH="48.47244094488189" VPOS="600.9448818897638" HPOS="45.354330708661415" CONTENT="Sonance" ID="tl_32_1" STYLEREFS="FONT0"/>
            <SP HEIGHT="14.740157480314961" WIDTH="4.535433070866142" VPOS="600.9448818897638" HPOS="93.54330708661418"/>
            <String HEIGHT="14.740157480314961" WIDTH="22.11023622047244" VPOS="600.9448818897638" HPOS="80.50393700787401" CONTENT="1" ID="tl_32_2" STYLEREFS="FONT0"/>
            <SP HEIGHT="14.740157480314961" WIDTH="4.535433070866142" VPOS="600.9448818897638" HPOS="102.33070866141732"/>
            <String HEIGHT="14.740157480314961" WIDTH="35.1496062992126" VPOS="600.9448818897638" HPOS="89.29133858267717" CONTENT="pour" ID="tl_32_3" STYLEREFS="FONT0"/>
            <SP HEIGHT="14.740157480314961" WIDTH="4.535433070866142" VPOS="600.9448818897638" HPOS="124.44094488188976"/>
            <String HEIGHT="14.740157480314961" WIDTH="22.11023622047244" VPOS="600.9448818897638" HPOS="111.11811023622047" CONTENT="2" ID="tl_32_4" STYLEREFS="FONT0"/>
            <SP HEIGHT="14.740157480314961" WIDTH="4.535433070866142" VPOS="600.9448818897638" HPOS="133.22834645669292"/>
            <String HEIGHT="14.740157480314961" WIDTH="39.68503937007874" VPOS="600.9448818897638" HPOS="115.65354330708661" CONTENT="pianos." ID="tl_32_5" STYLEREFS="FONT0"/>
          </TextLine>
        </TextBlock>
        <TextBlock ID="r_8_5" HEIGHT="14.740157480314961" WIDTH="239.5275590551181" VPOS="616.2519685039371" HPOS="50.74015748031496">
          <TextLine ID="tl_33" BASELINE="2222" HEIGHT="14.740157480314961" WIDTH="242.36220472440945" VPOS="615.1181102362204" HPOS="49.32283464566929">
            <String HEIGHT="14.740157480314961" WIDTH="71.14960629921259" VPOS="615.1181102362204" HPOS="45.07086614173228" CONTENT="Jacqueline" ID="tl_33_1" STYLEREFS="FONT1"/>
            <SP HEIGHT="14.740157480314961" WIDTH="4.251968503937008" VPOS="615.1181102362204" HPOS="116.22047244094489"/>
            <String HEIGHT="14.740157480314961" WIDTH="62.645669291338585" VPOS="615.1181102362204" HPOS="103.74803149606299" CONTENT="FONTIJN" ID="tl_33_2" STYLEREFS="FONT1"/>
            <SP HEIGHT="14.740157480314961" WIDTH="4.251968503937008" VPOS="615.1181102362204" HPOS="166.39370078740157"/>
            <String HEIGHT="14.740157480314961" WIDTH="29.19685039370079" VPOS="615.1181102362204" HPOS="153.92125984251967" CONTENT="née" ID="tl_33_3" STYLEREFS="FONT0"/>
            <SP HEIGHT="14.740157480314961" WIDTH="4.251968503937008" VPOS="615.1181102362204" HPOS="183.11811023622047"/>
            <String HEIGHT="14.740157480314961" WIDTH="24.944881889763778" VPOS="615.1181102362204" HPOS="170.64566929133858" CONTENT="en" ID="tl_33_4" STYLEREFS="FONT0"/>
            <SP HEIGHT="14.740157480314961" WIDTH="4.251968503937008" VPOS="615.1181102362204" HPOS="195.59055118110237"/>
            <String HEIGHT="14.740157480314961" WIDTH="33.44881889763779" VPOS="615.1181102362204" HPOS="183.11811023622047" CONTENT="1930" ID="tl_33_5" STYLEREFS="FONT0"/>
            <SP HEIGHT="14.740157480314961" WIDTH="4.251968503937008" VPOS="615.1181102362204" HPOS="216.56692913385828"/>
            <String HEIGHT="14.740157480314961" WIDTH="20.976377952755904" VPOS="615.1181102362204" HPOS="203.81102362204723" CONTENT="à" ID="tl_33_6" STYLEREFS="FONT0"/>
            <SP HEIGHT="14.740157480314961" WIDTH="4.251968503937008" VPOS="615.1181102362204" HPOS="224.78740157480314"/>
            <String HEIGHT="14.740157480314961" WIDTH="41.669291338582674" VPOS="615.1181102362204" HPOS="212.31496062992127" CONTENT="Anvers" ID="tl_33_7" STYLEREFS="FONT0"/>
            <SP HEIGHT="14.740157480314961" WIDTH="4.251968503937008" VPOS="615.1181102362204" HPOS="253.98425196850394"/>
            <String HEIGHT="14.740157480314961" WIDTH="54.425196850393704" VPOS="615.1181102362204" HPOS="237.25984251968504" CONTENT="(Belgique)." ID="tl_33_8" STYLEREFS="FONT0"/>
          </TextLine>
        </TextBlock>
        <TextBlock ID="r_8_6" HEIGHT="9.921259842519685" WIDTH="65.76377952755905" VPOS="627.8740157480315" HPOS="51.874015748031496">
          <TextLine ID="tl_34" BASELINE="2262" HEIGHT="14.740157480314961" WIDTH="68.88188976377953" VPOS="626.4566929133858" HPOS="50.45669291338583">
            <String HEIGHT="14.740157480314961" WIDTH="59.811023622047244" VPOS="626.4566929133858" HPOS="45.92125984251968" CONTENT="Ebauches," ID="tl_34_1" STYLEREFS="FONT0"/>
            <SP HEIGHT="14.740157480314961" WIDTH="4.535433070866142" VPOS="626.4566929133858" HPOS="105.44881889763779"/>
            <String HEIGHT="14.740157480314961" WIDTH="32.031496062992126" VPOS="626.4566929133858" HPOS="87.30708661417323" CONTENT="1964." ID="tl_34_2" STYLEREFS="FONT0"/>
          </TextLine>
        </TextBlock>
        <TextBlock ID="r_9_1" HEIGHT="6.2362204724409445" WIDTH="11.05511811023622" VPOS="645.1653543307086" HPOS="52.44094488188976">
          <TextLine ID="tl_35" BASELINE="2306" HEIGHT="10.771653543307087" WIDTH="13.32283464566929" VPOS="642.8976377952756" HPOS="51.30708661417323">
            <String HEIGHT="10.771653543307087" WIDTH="22.11023622047244" VPOS="642.8976377952756" HPOS="42.51968503937008" CONTENT="160" ID="tl_35_1" STYLEREFS="FONT0"/>
          </TextLine>
        </TextBlock>
        <GraphicalElement ID="r_10" HEIGHT="1.7007874015748032" WIDTH="57.25984251968504" VPOS="670.9606299212599" HPOS="250.29921259842519"/>
        <GraphicalElement ID="r_11" HEIGHT="1.1338582677165354" WIDTH="118.20472440944881" VPOS="671.5275590551181" HPOS="132.09448818897638"/>
        <GraphicalElement ID="r_12" HEIGHT="1.1338582677165354" WIDTH="81.63779527559055" VPOS="671.5275590551181" HPOS="50.45669291338583"/>
        <GraphicalElement ID="r_13" HEIGHT="204.3779527559055" WIDTH="2.267716535433071" VPOS="98.07874015748031" HPOS="0.0"/>
        <GraphicalElement ID="r_14" HEIGHT="80.22047244094489" WIDTH="1.1338582677165354" VPOS="302.45669291338584" HPOS="0.0"/>
        <GraphicalElement ID="r_15" HEIGHT="140.88188976377953" WIDTH="1.1338582677165354" VPOS="382.6771653543307" HPOS="0.0"/>
        <GraphicalElement ID="r_16" HEIGHT="54.14173228346457" WIDTH="1.1338582677165354" VPOS="523.5590551181102" HPOS="0.0"/>
        <GraphicalElement ID="r_17" HEIGHT="39.68503937007874" WIDTH="1.4173228346456692" VPOS="383.5275590551181" HPOS="8.78740157480315"/>
        <GraphicalElement ID="r_18" HEIGHT="30.614173228346456" WIDTH="1.4173228346456692" VPOS="388.06299212598424" HPOS="11.05511811023622"/>
        <Illustration ID="r_1" HEIGHT="127.84251968503936" WIDTH="307.84251968503935" VPOS="0.0" HPOS="0.0"/>
        <Illustration ID="r_7" HEIGHT="65.76377952755905" WIDTH="32.31496062992126" VPOS="579.1181102362204" HPOS="8.220472440944881"/>
      </PrintSpace>
    </Page>
  </Layout>
</alto>
