<alto xmlns:xsi="http://www.w3.org/2001/XMLSchema-instance" xmlns="http://www.loc.gov/standards/alto/ns-v2#" xmlns:page="http://schema.primaresearch.org/PAGE/gts/pagecontent/2013-07-15" xsi:schemaLocation="http://www.loc.gov/standards/alto/ns-v2# http://www.loc.gov/standards/alto/alto.xsd">
  <Description>
    <MeasurementUnit>pixel</MeasurementUnit>
    <sourceImageInformation>
         <fileName>Cat_Paris_1965-0125.xml</fileName>
      </sourceImageInformation>
    <OCRProcessing ID="IdOcr">
      <ocrProcessingStep>
        <processingDateTime>2020-07-02T15:32:15.377+02:00</processingDateTime>
        <processingSoftware>
               <softwareCreator>CONTRIBUTORS</softwareCreator>
               <softwareName>pdfalto</softwareName>
               <softwareVersion>0.1</softwareVersion>
            </processingSoftware>
      </ocrProcessingStep>
    </OCRProcessing>
  </Description>
  <Styles>
     <TextStyle ID="FONT0" FONTFAMILY="unknown" FONTSIZE="unknown" FONTTYPE="unknown" FONTWIDTH="unknown" FONTCOLOR="unknown" FONTSTYLE=""/>
     <TextStyle ID="FONT1" FONTFAMILY="unknown" FONTSIZE="unknown" FONTTYPE="unknown" FONTWIDTH="unknown" FONTCOLOR="unknown" FONTSTYLE="bold"/>
     <TextStyle ID="FONT2" FONTFAMILY="unknown" FONTSIZE="unknown" FONTTYPE="unknown" FONTWIDTH="unknown" FONTCOLOR="unknown" FONTSTYLE="italics"/>
</Styles>
  <Tags/>
  <Layout>
    <Page ID="Page1" PHYSICAL_IMG_NR="1" HEIGHT="672.6614173228346" WIDTH="307.84251968503935">
      <PrintSpace HEIGHT="648.8503937007874" WIDTH="285.4488188976378" VPOS="23.811023622047244" HPOS="0.0">
        <TextBlock ID="r_1_1" HEIGHT="13.606299212598426" WIDTH="90.4251968503937" VPOS="25.228346456692915" HPOS="23.244094488188978">
          <TextLine ID="tl_1" BASELINE="148" HEIGHT="19.275590551181104" WIDTH="93.25984251968504" VPOS="22.677165354330707" HPOS="21.826771653543307">
            <String HEIGHT="19.275590551181104" WIDTH="70.01574803149606" VPOS="22.677165354330707" HPOS="15.874015748031496" CONTENT="VIET-" ID="tl_1_1" STYLEREFS="FONT1"/>
            <SP HEIGHT="19.275590551181104" WIDTH="5.952755905511811" VPOS="22.677165354330707" HPOS="85.88976377952756"/>
            <String HEIGHT="19.275590551181104" WIDTH="52.44094488188976" VPOS="22.677165354330707" HPOS="62.645669291338585" CONTENT="NAM" ID="tl_1_2" STYLEREFS="FONT1"/>
          </TextLine>
        </TextBlock>
        <TextBlock ID="r_2_1" HEIGHT="16.15748031496063" WIDTH="198.70866141732284" VPOS="133.22834645669292" HPOS="65.76377952755905">
          <TextLine ID="tl_2" BASELINE="537" HEIGHT="22.393700787401574" WIDTH="201.54330708661416" VPOS="129.82677165354332" HPOS="64.62992125984252">
            <String HEIGHT="22.393700787401574" WIDTH="81.63779527559055" VPOS="129.82677165354332" HPOS="59.24409448818898" CONTENT="Commissaire" ID="tl_2_1" STYLEREFS="FONT0"/>
            <SP HEIGHT="22.393700787401574" WIDTH="5.3858267716535435" VPOS="129.82677165354332" HPOS="140.88188976377953"/>
            <String HEIGHT="22.393700787401574" WIDTH="65.48031496062993" VPOS="129.82677165354332" HPOS="124.44094488188976" CONTENT="général:" ID="tl_2_2" STYLEREFS="FONT0"/>
            <SP HEIGHT="22.393700787401574" WIDTH="5.3858267716535435" VPOS="129.82677165354332" HPOS="189.92125984251967"/>
            <String HEIGHT="22.393700787401574" WIDTH="54.425196850393704" VPOS="129.82677165354332" HPOS="173.48031496062993" CONTENT="Nguyen" ID="tl_2_3" STYLEREFS="FONT0"/>
            <SP HEIGHT="22.393700787401574" WIDTH="5.3858267716535435" VPOS="129.82677165354332" HPOS="227.90551181102362"/>
            <String HEIGHT="22.393700787401574" WIDTH="38.267716535433074" VPOS="129.82677165354332" HPOS="211.748031496063" CONTENT="Van" ID="tl_2_4" STYLEREFS="FONT0"/>
            <SP HEIGHT="22.393700787401574" WIDTH="5.3858267716535435" VPOS="129.82677165354332" HPOS="249.73228346456693"/>
            <String HEIGHT="22.393700787401574" WIDTH="38.267716535433074" VPOS="129.82677165354332" HPOS="227.90551181102362" CONTENT="Quyen" ID="tl_2_5" STYLEREFS="FONT0"/>
          </TextLine>
        </TextBlock>
        <TextBlock ID="r_2_2" HEIGHT="21.25984251968504" WIDTH="212.03149606299212" VPOS="151.37007874015748" HPOS="64.62992125984252">
          <TextLine ID="tl_3" BASELINE="591" HEIGHT="18.4251968503937" WIDTH="212.88188976377953" VPOS="149.10236220472441" HPOS="65.19685039370079">
            <String HEIGHT="18.4251968503937" WIDTH="49.32283464566929" VPOS="149.10236220472441" HPOS="61.511811023622045" CONTENT="Président" ID="tl_3_1" STYLEREFS="FONT0"/>
            <SP HEIGHT="18.4251968503937" WIDTH="3.6850393700787403" VPOS="149.10236220472441" HPOS="110.83464566929133"/>
            <String HEIGHT="18.4251968503937" WIDTH="22.677165354330707" VPOS="149.10236220472441" HPOS="99.49606299212599" CONTENT="du" ID="tl_3_2" STYLEREFS="FONT0"/>
            <SP HEIGHT="18.4251968503937" WIDTH="3.6850393700787403" VPOS="149.10236220472441" HPOS="122.1732283464567"/>
            <String HEIGHT="18.4251968503937" WIDTH="37.98425196850393" VPOS="149.10236220472441" HPOS="110.83464566929133" CONTENT="Comité" ID="tl_3_3" STYLEREFS="FONT0"/>
            <SP HEIGHT="18.4251968503937" WIDTH="3.6850393700787403" VPOS="149.10236220472441" HPOS="148.8188976377953"/>
            <String HEIGHT="18.4251968503937" WIDTH="45.63779527559055" VPOS="149.10236220472441" HPOS="137.48031496062993" CONTENT="National" ID="tl_3_4" STYLEREFS="FONT0"/>
            <SP HEIGHT="18.4251968503937" WIDTH="3.6850393700787403" VPOS="149.10236220472441" HPOS="183.11811023622047"/>
            <String HEIGHT="18.4251968503937" WIDTH="26.64566929133858" VPOS="149.10236220472441" HPOS="171.7795275590551" CONTENT="des" ID="tl_3_5" STYLEREFS="FONT0"/>
            <SP HEIGHT="18.4251968503937" WIDTH="3.6850393700787403" VPOS="149.10236220472441" HPOS="198.14173228346456"/>
            <String HEIGHT="18.4251968503937" WIDTH="30.330708661417322" VPOS="149.10236220472441" HPOS="186.8031496062992" CONTENT="Arts" ID="tl_3_6" STYLEREFS="FONT0"/>
            <SP HEIGHT="18.4251968503937" WIDTH="3.6850393700787403" VPOS="149.10236220472441" HPOS="217.13385826771653"/>
            <String HEIGHT="18.4251968503937" WIDTH="56.976377952755904" VPOS="149.10236220472441" HPOS="205.79527559055117" CONTENT="Plastiques," ID="tl_3_7" STYLEREFS="FONT0"/>
            <SP HEIGHT="18.4251968503937" WIDTH="3.6850393700787403" VPOS="149.10236220472441" HPOS="262.7716535433071"/>
            <String HEIGHT="18.4251968503937" WIDTH="30.330708661417322" VPOS="149.10236220472441" HPOS="247.748031496063" CONTENT="Direc" SUBS_TYPE="HypPart1" SUBS_CONTENT="Directeur" ID="tl_3_8" STYLEREFS="FONT0"/>
            <HYP CONTENT="-"/>
          </TextLine>
          <TextLine ID="tl_4" BASELINE="623" HEIGHT="15.023622047244094" WIDTH="164.1259842519685" VPOS="161.5748031496063" HPOS="63.21259842519685">
            <String HEIGHT="15.023622047244094" WIDTH="34.58267716535433" VPOS="161.5748031496063" HPOS="58.960629921259844" CONTENT="teur" SUBS_TYPE="HypPart2" SUBS_CONTENT="Directeur" ID="tl_4_1" STYLEREFS="FONT0"/>
            <SP HEIGHT="15.023622047244094" WIDTH="4.251968503937008" VPOS="161.5748031496063" HPOS="93.54330708661418"/>
            <String HEIGHT="15.023622047244094" WIDTH="25.79527559055118" VPOS="161.5748031496063" HPOS="80.50393700787401" CONTENT="de" ID="tl_4_2" STYLEREFS="FONT0"/>
            <SP HEIGHT="15.023622047244094" WIDTH="4.251968503937008" VPOS="161.5748031496063" HPOS="106.2992125984252"/>
            <String HEIGHT="15.023622047244094" WIDTH="77.66929133858268" VPOS="161.5748031496063" HPOS="93.54330708661418" CONTENT="l’Enseignement" ID="tl_4_3" STYLEREFS="FONT0"/>
            <SP HEIGHT="15.023622047244094" WIDTH="4.251968503937008" VPOS="161.5748031496063" HPOS="171.21259842519686"/>
            <String HEIGHT="15.023622047244094" WIDTH="30.330708661417322" VPOS="161.5748031496063" HPOS="158.17322834645668" CONTENT="des" ID="tl_4_4" STYLEREFS="FONT0"/>
            <SP HEIGHT="15.023622047244094" WIDTH="4.251968503937008" VPOS="161.5748031496063" HPOS="188.50393700787401"/>
            <String HEIGHT="15.023622047244094" WIDTH="56.125984251968504" VPOS="161.5748031496063" HPOS="171.21259842519686" CONTENT="Beaux" ID="tl_4_5" STYLEREFS="FONT0"/>
          </TextLine>
        </TextBlock>
        <TextBlock ID="r_3_1" HEIGHT="87.30708661417323" WIDTH="243.21259842519686" VPOS="198.70866141732284" HPOS="34.01574803149607">
          <TextLine ID="tl_5" BASELINE="755" HEIGHT="17.291338582677167" WIDTH="229.88976377952756" VPOS="196.7244094488189" HPOS="48.188976377952756">
            <String HEIGHT="17.291338582677167" WIDTH="28.062992125984252" VPOS="196.7244094488189" HPOS="43.37007874015748" CONTENT="La" ID="tl_5_1" STYLEREFS="FONT0"/>
            <SP HEIGHT="17.291338582677167" WIDTH="4.818897637795276" VPOS="196.7244094488189" HPOS="71.71653543307086"/>
            <String HEIGHT="17.291338582677167" WIDTH="75.11811023622047" VPOS="196.7244094488189" HPOS="57.54330708661417" CONTENT="participaton" ID="tl_5_2" STYLEREFS="FONT0"/>
            <SP HEIGHT="17.291338582677167" WIDTH="4.818897637795276" VPOS="196.7244094488189" HPOS="132.66141732283464"/>
            <String HEIGHT="17.291338582677167" WIDTH="75.11811023622047" VPOS="196.7244094488189" HPOS="118.48818897637796" CONTENT="vietnamienne" ID="tl_5_3" STYLEREFS="FONT0"/>
            <SP HEIGHT="17.291338582677167" WIDTH="4.818897637795276" VPOS="196.7244094488189" HPOS="193.60629921259843"/>
            <String HEIGHT="17.291338582677167" WIDTH="23.52755905511811" VPOS="196.7244094488189" HPOS="179.43307086614172" CONTENT="à" ID="tl_5_4" STYLEREFS="FONT0"/>
            <SP HEIGHT="17.291338582677167" WIDTH="4.818897637795276" VPOS="196.7244094488189" HPOS="202.96062992125985"/>
            <String HEIGHT="17.291338582677167" WIDTH="28.062992125984252" VPOS="196.7244094488189" HPOS="189.0708661417323" CONTENT="la" ID="tl_5_5" STYLEREFS="FONT0"/>
            <SP HEIGHT="17.291338582677167" WIDTH="4.818897637795276" VPOS="196.7244094488189" HPOS="217.13385826771653"/>
            <String HEIGHT="17.291338582677167" WIDTH="60.94488188976378" VPOS="196.7244094488189" HPOS="202.96062992125985" CONTENT="Quatrième" ID="tl_5_6" STYLEREFS="FONT0"/>
            <SP HEIGHT="17.291338582677167" WIDTH="4.818897637795276" VPOS="196.7244094488189" HPOS="263.90551181102364"/>
            <String HEIGHT="17.291338582677167" WIDTH="32.881889763779526" VPOS="196.7244094488189" HPOS="245.1968503937008" CONTENT="Bien" SUBS_TYPE="HypPart1" SUBS_CONTENT="Biennale" ID="tl_5_7" STYLEREFS="FONT0"/>
            <HYP CONTENT="-"/>
          </TextLine>
          <TextLine ID="tl_6" BASELINE="801" HEIGHT="17.858267716535433" WIDTH="243.49606299212599" VPOS="209.1968503937008" HPOS="34.86614173228347">
            <String HEIGHT="17.858267716535433" WIDTH="36.8503937007874" VPOS="209.1968503937008" HPOS="30.330708661417322" CONTENT="nale" SUBS_TYPE="HypPart2" SUBS_CONTENT="Biennale" ID="tl_6_1" STYLEREFS="FONT0"/>
            <SP HEIGHT="17.858267716535433" WIDTH="4.535433070866142" VPOS="209.1968503937008" HPOS="66.89763779527559"/>
            <String HEIGHT="17.858267716535433" WIDTH="27.496062992125985" VPOS="209.1968503937008" HPOS="53.29133858267716" CONTENT="de" ID="tl_6_2" STYLEREFS="FONT0"/>
            <SP HEIGHT="17.858267716535433" WIDTH="4.535433070866142" VPOS="209.1968503937008" HPOS="80.78740157480316"/>
            <String HEIGHT="17.858267716535433" WIDTH="45.92125984251968" VPOS="209.1968503937008" HPOS="66.89763779527559" CONTENT="Paris," ID="tl_6_3" STYLEREFS="FONT0"/>
            <SP HEIGHT="17.858267716535433" WIDTH="4.535433070866142" VPOS="209.1968503937008" HPOS="113.10236220472441"/>
            <String HEIGHT="17.858267716535433" WIDTH="36.8503937007874" VPOS="209.1968503937008" HPOS="99.21259842519684" CONTENT="avec" ID="tl_6_4" STYLEREFS="FONT0"/>
            <SP HEIGHT="17.858267716535433" WIDTH="4.535433070866142" VPOS="209.1968503937008" HPOS="136.06299212598427"/>
            <String HEIGHT="17.858267716535433" WIDTH="45.92125984251968" VPOS="209.1968503937008" HPOS="122.1732283464567" CONTENT="quatre" ID="tl_6_5" STYLEREFS="FONT0"/>
            <SP HEIGHT="17.858267716535433" WIDTH="4.535433070866142" VPOS="209.1968503937008" HPOS="168.09448818897638"/>
            <String HEIGHT="17.858267716535433" WIDTH="64.34645669291339" VPOS="209.1968503937008" HPOS="154.20472440944883" CONTENT="peintures," ID="tl_6_6" STYLEREFS="FONT0"/>
            <SP HEIGHT="17.858267716535433" WIDTH="4.535433070866142" VPOS="209.1968503937008" HPOS="218.5511811023622"/>
            <String HEIGHT="17.858267716535433" WIDTH="36.8503937007874" VPOS="209.1968503937008" HPOS="204.9448818897638" CONTENT="deux" ID="tl_6_7" STYLEREFS="FONT0"/>
            <SP HEIGHT="17.858267716535433" WIDTH="4.535433070866142" VPOS="209.1968503937008" HPOS="241.51181102362204"/>
            <String HEIGHT="17.858267716535433" WIDTH="54.99212598425197" VPOS="209.1968503937008" HPOS="223.37007874015748" CONTENT="sculptures" ID="tl_6_8" STYLEREFS="FONT0"/>
          </TextLine>
          <TextLine ID="tl_7" BASELINE="837" HEIGHT="15.023622047244094" WIDTH="244.3464566929134" VPOS="222.23622047244095" HPOS="34.01574803149607">
            <String HEIGHT="15.023622047244094" WIDTH="28.062992125984252" VPOS="222.23622047244095" HPOS="29.19685039370079" CONTENT="et" ID="tl_7_1" STYLEREFS="FONT0"/>
            <SP HEIGHT="15.023622047244094" WIDTH="4.818897637795276" VPOS="222.23622047244095" HPOS="57.54330708661417"/>
            <String HEIGHT="15.023622047244094" WIDTH="28.062992125984252" VPOS="222.23622047244095" HPOS="43.37007874015748" CONTENT="un" ID="tl_7_2" STYLEREFS="FONT0"/>
            <SP HEIGHT="15.023622047244094" WIDTH="4.818897637795276" VPOS="222.23622047244095" HPOS="71.71653543307086"/>
            <String HEIGHT="15.023622047244094" WIDTH="37.7007874015748" VPOS="222.23622047244095" HPOS="57.54330708661417" CONTENT="film" ID="tl_7_3" STYLEREFS="FONT0"/>
            <SP HEIGHT="15.023622047244094" WIDTH="4.818897637795276" VPOS="222.23622047244095" HPOS="95.24409448818898"/>
            <String HEIGHT="15.023622047244094" WIDTH="28.062992125984252" VPOS="222.23622047244095" HPOS="81.07086614173228" CONTENT="de" ID="tl_7_4" STYLEREFS="FONT0"/>
            <SP HEIGHT="15.023622047244094" WIDTH="4.818897637795276" VPOS="222.23622047244095" HPOS="109.13385826771653"/>
            <String HEIGHT="15.023622047244094" WIDTH="42.23622047244095" VPOS="222.23622047244095" HPOS="95.24409448818898" CONTENT="court" ID="tl_7_5" STYLEREFS="FONT0"/>
            <SP HEIGHT="15.023622047244094" WIDTH="4.818897637795276" VPOS="222.23622047244095" HPOS="137.48031496062993"/>
            <String HEIGHT="15.023622047244094" WIDTH="56.40944881889764" VPOS="222.23622047244095" HPOS="123.30708661417323" CONTENT="métrage," ID="tl_7_6" STYLEREFS="FONT0"/>
            <SP HEIGHT="15.023622047244094" WIDTH="4.818897637795276" VPOS="222.23622047244095" HPOS="179.71653543307087"/>
            <String HEIGHT="15.023622047244094" WIDTH="28.062992125984252" VPOS="222.23622047244095" HPOS="165.54330708661416" CONTENT="ne" ID="tl_7_7" STYLEREFS="FONT0"/>
            <SP HEIGHT="15.023622047244094" WIDTH="4.818897637795276" VPOS="222.23622047244095" HPOS="193.88976377952756"/>
            <String HEIGHT="15.023622047244094" WIDTH="28.062992125984252" VPOS="222.23622047244095" HPOS="179.71653543307087" CONTENT="se" ID="tl_7_8" STYLEREFS="FONT0"/>
            <SP HEIGHT="15.023622047244094" WIDTH="4.818897637795276" VPOS="222.23622047244095" HPOS="207.7795275590551"/>
            <String HEIGHT="15.023622047244094" WIDTH="51.59055118110236" VPOS="222.23622047244095" HPOS="193.88976377952756" CONTENT="prétend" ID="tl_7_9" STYLEREFS="FONT0"/>
            <SP HEIGHT="15.023622047244094" WIDTH="4.818897637795276" VPOS="222.23622047244095" HPOS="245.48031496062993"/>
            <String HEIGHT="15.023622047244094" WIDTH="51.59055118110236" VPOS="222.23622047244095" HPOS="226.77165354330708" CONTENT="nullement" ID="tl_7_10" STYLEREFS="FONT0"/>
          </TextLine>
          <TextLine ID="tl_8" BASELINE="873" HEIGHT="15.307086614173228" WIDTH="244.3464566929134" VPOS="232.15748031496062" HPOS="34.01574803149607">
            <String HEIGHT="15.307086614173228" WIDTH="86.1732283464567" VPOS="232.15748031496062" HPOS="29.19685039370079" CONTENT="représentative" ID="tl_8_1" STYLEREFS="FONT0"/>
            <SP HEIGHT="15.307086614173228" WIDTH="4.818897637795276" VPOS="232.15748031496062" HPOS="115.37007874015748"/>
            <String HEIGHT="15.307086614173228" WIDTH="28.62992125984252" VPOS="232.15748031496062" HPOS="101.19685039370079" CONTENT="de" ID="tl_8_2" STYLEREFS="FONT0"/>
            <SP HEIGHT="15.307086614173228" WIDTH="4.818897637795276" VPOS="232.15748031496062" HPOS="129.82677165354332"/>
            <String HEIGHT="15.307086614173228" WIDTH="47.90551181102362" VPOS="232.15748031496062" HPOS="115.37007874015748" CONTENT="toutes" ID="tl_8_3" STYLEREFS="FONT0"/>
            <SP HEIGHT="15.307086614173228" WIDTH="4.818897637795276" VPOS="232.15748031496062" HPOS="163.2755905511811"/>
            <String HEIGHT="15.307086614173228" WIDTH="33.44881889763779" VPOS="232.15748031496062" HPOS="149.10236220472441" CONTENT="les" ID="tl_8_4" STYLEREFS="FONT0"/>
            <SP HEIGHT="15.307086614173228" WIDTH="4.818897637795276" VPOS="232.15748031496062" HPOS="182.5511811023622"/>
            <String HEIGHT="15.307086614173228" WIDTH="62.36220472440945" VPOS="232.15748031496062" HPOS="168.09448818897638" CONTENT="tendances" ID="tl_8_5" STYLEREFS="FONT0"/>
            <SP HEIGHT="15.307086614173228" WIDTH="4.818897637795276" VPOS="232.15748031496062" HPOS="230.45669291338584"/>
            <String HEIGHT="15.307086614173228" WIDTH="62.36220472440945" VPOS="232.15748031496062" HPOS="216.0" CONTENT="actuelles" ID="tl_8_6" STYLEREFS="FONT0"/>
            <SP HEIGHT="15.307086614173228" WIDTH="4.818897637795276" VPOS="232.15748031496062" HPOS="278.3622047244094"/>
            <String HEIGHT="15.307086614173228" WIDTH="19.275590551181104" VPOS="232.15748031496062" HPOS="259.0866141732283" CONTENT="de" ID="tl_8_7" STYLEREFS="FONT0"/>
          </TextLine>
          <TextLine ID="tl_9" BASELINE="907" HEIGHT="14.173228346456693" WIDTH="244.06299212598427" VPOS="242.9291338582677" HPOS="34.01574803149607">
            <String HEIGHT="14.173228346456693" WIDTH="31.748031496062993" VPOS="242.9291338582677" HPOS="29.480314960629922" CONTENT="nos" ID="tl_9_1" STYLEREFS="FONT0"/>
            <SP HEIGHT="14.173228346456693" WIDTH="4.535433070866142" VPOS="242.9291338582677" HPOS="61.22834645669291"/>
            <String HEIGHT="14.173228346456693" WIDTH="54.14173228346457" VPOS="242.9291338582677" HPOS="47.62204724409449" CONTENT="artistes" ID="tl_9_2" STYLEREFS="FONT0"/>
            <SP HEIGHT="14.173228346456693" WIDTH="4.535433070866142" VPOS="242.9291338582677" HPOS="101.76377952755905"/>
            <String HEIGHT="14.173228346456693" WIDTH="36.28346456692913" VPOS="242.9291338582677" HPOS="88.15748031496064" CONTENT="qui," ID="tl_9_3" STYLEREFS="FONT0"/>
            <SP HEIGHT="14.173228346456693" WIDTH="4.535433070866142" VPOS="242.9291338582677" HPOS="124.44094488188976"/>
            <String HEIGHT="14.173228346456693" WIDTH="36.28346456692913" VPOS="242.9291338582677" HPOS="110.83464566929133" CONTENT="dans" ID="tl_9_4" STYLEREFS="FONT0"/>
            <SP HEIGHT="14.173228346456693" WIDTH="4.535433070866142" VPOS="242.9291338582677" HPOS="147.11811023622047"/>
            <String HEIGHT="14.173228346456693" WIDTH="31.748031496062993" VPOS="242.9291338582677" HPOS="133.51181102362204" CONTENT="des" ID="tl_9_5" STYLEREFS="FONT0"/>
            <SP HEIGHT="14.173228346456693" WIDTH="4.535433070866142" VPOS="242.9291338582677" HPOS="164.9763779527559"/>
            <String HEIGHT="14.173228346456693" WIDTH="63.21259842519685" VPOS="242.9291338582677" HPOS="151.6535433070866" CONTENT="conditions" ID="tl_9_6" STYLEREFS="FONT0"/>
            <SP HEIGHT="14.173228346456693" WIDTH="4.535433070866142" VPOS="242.9291338582677" HPOS="214.86614173228347"/>
            <String HEIGHT="14.173228346456693" WIDTH="31.748031496062993" VPOS="242.9291338582677" HPOS="201.25984251968504" CONTENT="peu" ID="tl_9_7" STYLEREFS="FONT0"/>
            <SP HEIGHT="14.173228346456693" WIDTH="4.535433070866142" VPOS="242.9291338582677" HPOS="233.00787401574803"/>
            <String HEIGHT="14.173228346456693" WIDTH="63.21259842519685" VPOS="242.9291338582677" HPOS="219.4015748031496" CONTENT="favorables" ID="tl_9_8" STYLEREFS="FONT0"/>
            <SP HEIGHT="14.173228346456693" WIDTH="4.535433070866142" VPOS="242.9291338582677" HPOS="282.61417322834643"/>
            <String HEIGHT="14.173228346456693" WIDTH="13.606299212598426" VPOS="242.9291338582677" HPOS="264.4724409448819" CONTENT="à" ID="tl_9_9" STYLEREFS="FONT0"/>
          </TextLine>
          <TextLine ID="tl_10" BASELINE="946" HEIGHT="17.291338582677167" WIDTH="244.62992125984252" VPOS="250.86614173228347" HPOS="33.732283464566926">
            <String HEIGHT="17.291338582677167" WIDTH="92.40944881889764" VPOS="250.86614173228347" HPOS="29.19685039370079" CONTENT="l’épanouissement" ID="tl_10_1" STYLEREFS="FONT0"/>
            <SP HEIGHT="17.291338582677167" WIDTH="4.535433070866142" VPOS="250.86614173228347" HPOS="121.32283464566929"/>
            <String HEIGHT="17.291338582677167" WIDTH="55.275590551181104" VPOS="250.86614173228347" HPOS="107.71653543307086" CONTENT="intégral" ID="tl_10_2" STYLEREFS="FONT0"/>
            <SP HEIGHT="17.291338582677167" WIDTH="4.535433070866142" VPOS="250.86614173228347" HPOS="162.99212598425197"/>
            <String HEIGHT="17.291338582677167" WIDTH="27.77952755905512" VPOS="250.86614173228347" HPOS="149.10236220472441" CONTENT="de" ID="tl_10_3" STYLEREFS="FONT0"/>
            <SP HEIGHT="17.291338582677167" WIDTH="4.535433070866142" VPOS="250.86614173228347" HPOS="176.88188976377953"/>
            <String HEIGHT="17.291338582677167" WIDTH="36.8503937007874" VPOS="250.86614173228347" HPOS="162.99212598425197" CONTENT="leur" ID="tl_10_4" STYLEREFS="FONT0"/>
            <SP HEIGHT="17.291338582677167" WIDTH="4.535433070866142" VPOS="250.86614173228347" HPOS="199.84251968503938"/>
            <String HEIGHT="17.291338582677167" WIDTH="41.669291338582674" VPOS="250.86614173228347" HPOS="185.95275590551182" CONTENT="riche" ID="tl_10_5" STYLEREFS="FONT0"/>
            <SP HEIGHT="17.291338582677167" WIDTH="4.535433070866142" VPOS="250.86614173228347" HPOS="227.6220472440945"/>
            <String HEIGHT="17.291338582677167" WIDTH="50.74015748031496" VPOS="250.86614173228347" HPOS="213.73228346456693" CONTENT="talent," ID="tl_10_6" STYLEREFS="FONT0"/>
            <SP HEIGHT="17.291338582677167" WIDTH="4.535433070866142" VPOS="250.86614173228347" HPOS="264.4724409448819"/>
            <String HEIGHT="17.291338582677167" WIDTH="32.31496062992126" VPOS="250.86614173228347" HPOS="246.04724409448818" CONTENT="n’ont" ID="tl_10_7" STYLEREFS="FONT0"/>
          </TextLine>
          <TextLine ID="tl_11" BASELINE="987" HEIGHT="17.291338582677167" WIDTH="245.1968503937008" VPOS="262.48818897637796" HPOS="32.881889763779526">
            <String HEIGHT="17.291338582677167" WIDTH="50.173228346456696" VPOS="262.48818897637796" HPOS="27.77952755905512" CONTENT="jamais" ID="tl_11_1" STYLEREFS="FONT0"/>
            <SP HEIGHT="17.291338582677167" WIDTH="5.102362204724409" VPOS="262.48818897637796" HPOS="77.95275590551181"/>
            <String HEIGHT="17.291338582677167" WIDTH="45.07086614173228" VPOS="262.48818897637796" HPOS="62.92913385826772" CONTENT="cessé" ID="tl_11_2" STYLEREFS="FONT0"/>
            <SP HEIGHT="17.291338582677167" WIDTH="5.102362204724409" VPOS="262.48818897637796" HPOS="108.0"/>
            <String HEIGHT="17.291338582677167" WIDTH="64.91338582677166" VPOS="262.48818897637796" HPOS="92.97637795275591" CONTENT="cependant" ID="tl_11_3" STYLEREFS="FONT0"/>
            <SP HEIGHT="17.291338582677167" WIDTH="5.102362204724409" VPOS="262.48818897637796" HPOS="157.88976377952756"/>
            <String HEIGHT="17.291338582677167" WIDTH="30.04724409448819" VPOS="262.48818897637796" HPOS="142.86614173228347" CONTENT="de" ID="tl_11_4" STYLEREFS="FONT0"/>
            <SP HEIGHT="17.291338582677167" WIDTH="5.102362204724409" VPOS="262.48818897637796" HPOS="172.91338582677164"/>
            <String HEIGHT="17.291338582677167" WIDTH="60.09448818897638" VPOS="262.48818897637796" HPOS="157.88976377952756" CONTENT="chercher" ID="tl_11_5" STYLEREFS="FONT0"/>
            <SP HEIGHT="17.291338582677167" WIDTH="5.102362204724409" VPOS="262.48818897637796" HPOS="217.98425196850394"/>
            <String HEIGHT="17.291338582677167" WIDTH="50.173228346456696" VPOS="262.48818897637796" HPOS="202.96062992125985" CONTENT="chacun" ID="tl_11_6" STYLEREFS="FONT0"/>
            <SP HEIGHT="17.291338582677167" WIDTH="5.102362204724409" VPOS="262.48818897637796" HPOS="253.13385826771653"/>
            <String HEIGHT="17.291338582677167" WIDTH="30.04724409448819" VPOS="262.48818897637796" HPOS="238.11023622047244" CONTENT="sa" ID="tl_11_7" STYLEREFS="FONT0"/>
            <SP HEIGHT="17.291338582677167" WIDTH="5.102362204724409" VPOS="262.48818897637796" HPOS="268.15748031496065"/>
            <String HEIGHT="17.291338582677167" WIDTH="30.04724409448819" VPOS="262.48818897637796" HPOS="248.03149606299212" CONTENT="voie" ID="tl_11_8" STYLEREFS="FONT0"/>
          </TextLine>
          <TextLine ID="tl_12" BASELINE="1015" HEIGHT="14.173228346456693" WIDTH="118.48818897637796" VPOS="273.54330708661416" HPOS="33.44881889763779">
            <String HEIGHT="14.173228346456693" WIDTH="52.15748031496063" VPOS="273.54330708661416" HPOS="28.62992125984252" CONTENT="propre," ID="tl_12_1" STYLEREFS="FONT0"/>
            <SP HEIGHT="14.173228346456693" WIDTH="4.818897637795276" VPOS="273.54330708661416" HPOS="80.78740157480316"/>
            <String HEIGHT="14.173228346456693" WIDTH="28.346456692913385" VPOS="273.54330708661416" HPOS="66.61417322834646" CONTENT="de" ID="tl_12_2" STYLEREFS="FONT0"/>
            <SP HEIGHT="14.173228346456693" WIDTH="4.818897637795276" VPOS="273.54330708661416" HPOS="94.96062992125984"/>
            <String HEIGHT="14.173228346456693" WIDTH="28.346456692913385" VPOS="273.54330708661416" HPOS="80.78740157480316" CONTENT="se" ID="tl_12_3" STYLEREFS="FONT0"/>
            <SP HEIGHT="14.173228346456693" WIDTH="4.818897637795276" VPOS="273.54330708661416" HPOS="109.41732283464567"/>
            <String HEIGHT="14.173228346456693" WIDTH="61.511811023622045" VPOS="273.54330708661416" HPOS="90.4251968503937" CONTENT="chercher..." ID="tl_12_4" STYLEREFS="FONT0"/>
          </TextLine>
        </TextBlock>
        <TextBlock ID="r_3_2" HEIGHT="52.44094488188976" WIDTH="243.49606299212599" VPOS="288.0" HPOS="33.16535433070866">
          <TextLine ID="tl_13" BASELINE="1073" HEIGHT="16.15748031496063" WIDTH="231.8740157480315" VPOS="288.0" HPOS="45.63779527559055">
            <String HEIGHT="16.15748031496063" WIDTH="34.58267716535433" VPOS="288.0" HPOS="40.818897637795274" CONTENT="Ces" ID="tl_13_1" STYLEREFS="FONT0"/>
            <SP HEIGHT="16.15748031496063" WIDTH="4.818897637795276" VPOS="288.0" HPOS="75.11811023622047"/>
            <String HEIGHT="16.15748031496063" WIDTH="49.32283464566929" VPOS="288.0" HPOS="60.37795275590551" CONTENT="œuvres" ID="tl_13_2" STYLEREFS="FONT0"/>
            <SP HEIGHT="16.15748031496063" WIDTH="4.818897637795276" VPOS="288.0" HPOS="109.7007874015748"/>
            <String HEIGHT="16.15748031496063" WIDTH="83.90551181102362" VPOS="288.0" HPOS="94.96062992125984" CONTENT="sélectionnées" ID="tl_13_3" STYLEREFS="FONT0"/>
            <SP HEIGHT="16.15748031496063" WIDTH="4.818897637795276" VPOS="288.0" HPOS="178.86614173228347"/>
            <String HEIGHT="16.15748031496063" WIDTH="34.58267716535433" VPOS="288.0" HPOS="164.1259842519685" CONTENT="par" ID="tl_13_4" STYLEREFS="FONT0"/>
            <SP HEIGHT="16.15748031496063" WIDTH="4.818897637795276" VPOS="288.0" HPOS="198.70866141732284"/>
            <String HEIGHT="16.15748031496063" WIDTH="29.480314960629922" VPOS="288.0" HPOS="183.68503937007873" CONTENT="un" ID="tl_13_5" STYLEREFS="FONT0"/>
            <SP HEIGHT="16.15748031496063" WIDTH="4.818897637795276" VPOS="288.0" HPOS="213.4488188976378"/>
            <String HEIGHT="16.15748031496063" WIDTH="39.40157480314961" VPOS="288.0" HPOS="198.70866141732284" CONTENT="jury" ID="tl_13_6" STYLEREFS="FONT0"/>
            <SP HEIGHT="16.15748031496063" WIDTH="4.818897637795276" VPOS="288.0" HPOS="238.11023622047244"/>
            <String HEIGHT="16.15748031496063" WIDTH="29.480314960629922" VPOS="288.0" HPOS="223.37007874015748" CONTENT="de" ID="tl_13_7" STYLEREFS="FONT0"/>
            <SP HEIGHT="16.15748031496063" WIDTH="4.818897637795276" VPOS="288.0" HPOS="252.8503937007874"/>
            <String HEIGHT="16.15748031496063" WIDTH="44.503937007874015" VPOS="288.0" HPOS="233.00787401574803" CONTENT="jeunes," ID="tl_13_8" STYLEREFS="FONT0"/>
          </TextLine>
          <TextLine ID="tl_14" BASELINE="1103" HEIGHT="12.472440944881889" WIDTH="245.1968503937008" VPOS="300.18897637795277" HPOS="32.881889763779526">
            <String HEIGHT="12.472440944881889" WIDTH="64.91338582677166" VPOS="300.18897637795277" HPOS="27.77952755905512" CONTENT="reflètent" ID="tl_14_1" STYLEREFS="FONT0"/>
            <SP HEIGHT="12.472440944881889" WIDTH="5.102362204724409" VPOS="300.18897637795277" HPOS="92.97637795275591"/>
            <String HEIGHT="12.472440944881889" WIDTH="64.91338582677166" VPOS="300.18897637795277" HPOS="77.95275590551181" CONTENT="néanmoins" ID="tl_14_2" STYLEREFS="FONT0"/>
            <SP HEIGHT="12.472440944881889" WIDTH="5.102362204724409" VPOS="300.18897637795277" HPOS="142.86614173228347"/>
            <String HEIGHT="12.472440944881889" WIDTH="45.07086614173228" VPOS="300.18897637795277" HPOS="127.84251968503936" CONTENT="sinon" ID="tl_14_3" STYLEREFS="FONT0"/>
            <SP HEIGHT="12.472440944881889" WIDTH="5.102362204724409" VPOS="300.18897637795277" HPOS="172.91338582677164"/>
            <String HEIGHT="12.472440944881889" WIDTH="54.99212598425197" VPOS="300.18897637795277" HPOS="157.88976377952756" CONTENT="l’image" ID="tl_14_4" STYLEREFS="FONT0"/>
            <SP HEIGHT="12.472440944881889" WIDTH="5.102362204724409" VPOS="300.18897637795277" HPOS="213.16535433070865"/>
            <String HEIGHT="12.472440944881889" WIDTH="50.173228346456696" VPOS="300.18897637795277" HPOS="198.14173228346456" CONTENT="exacte" ID="tl_14_5" STYLEREFS="FONT0"/>
            <SP HEIGHT="12.472440944881889" WIDTH="5.102362204724409" VPOS="300.18897637795277" HPOS="248.03149606299212"/>
            <String HEIGHT="12.472440944881889" WIDTH="30.04724409448819" VPOS="300.18897637795277" HPOS="233.00787401574803" CONTENT="du" ID="tl_14_6" STYLEREFS="FONT0"/>
            <SP HEIGHT="12.472440944881889" WIDTH="5.102362204724409" VPOS="300.18897637795277" HPOS="263.0551181102362"/>
            <String HEIGHT="12.472440944881889" WIDTH="35.1496062992126" VPOS="300.18897637795277" HPOS="242.9291338582677" CONTENT="jeune" ID="tl_14_7" STYLEREFS="FONT0"/>
          </TextLine>
          <TextLine ID="tl_15" BASELINE="1144" HEIGHT="13.32283464566929" WIDTH="244.91338582677164" VPOS="310.96062992125985" HPOS="32.31496062992126">
            <String HEIGHT="13.32283464566929" WIDTH="33.732283464566926" VPOS="310.96062992125985" HPOS="27.496062992125985" CONTENT="art" ID="tl_15_1" STYLEREFS="FONT0"/>
            <SP HEIGHT="13.32283464566929" WIDTH="4.818897637795276" VPOS="310.96062992125985" HPOS="61.22834645669291"/>
            <String HEIGHT="13.32283464566929" WIDTH="72.0" VPOS="310.96062992125985" HPOS="46.77165354330709" CONTENT="vietnamien," ID="tl_15_2" STYLEREFS="FONT0"/>
            <SP HEIGHT="13.32283464566929" WIDTH="4.818897637795276" VPOS="310.96062992125985" HPOS="118.77165354330708"/>
            <String HEIGHT="13.32283464566929" WIDTH="28.913385826771652" VPOS="310.96062992125985" HPOS="104.31496062992126" CONTENT="du" ID="tl_15_3" STYLEREFS="FONT0"/>
            <SP HEIGHT="13.32283464566929" WIDTH="4.818897637795276" VPOS="310.96062992125985" HPOS="133.22834645669292"/>
            <String HEIGHT="13.32283464566929" WIDTH="43.08661417322835" VPOS="310.96062992125985" HPOS="118.77165354330708" CONTENT="moins" ID="tl_15_4" STYLEREFS="FONT0"/>
            <SP HEIGHT="13.32283464566929" WIDTH="4.818897637795276" VPOS="310.96062992125985" HPOS="161.85826771653544"/>
            <String HEIGHT="13.32283464566929" WIDTH="76.81889763779527" VPOS="310.96062992125985" HPOS="147.68503937007873" CONTENT="quelques-uns" ID="tl_15_5" STYLEREFS="FONT0"/>
            <SP HEIGHT="13.32283464566929" WIDTH="4.818897637795276" VPOS="310.96062992125985" HPOS="224.50393700787401"/>
            <String HEIGHT="13.32283464566929" WIDTH="28.913385826771652" VPOS="310.96062992125985" HPOS="210.04724409448818" CONTENT="de" ID="tl_15_6" STYLEREFS="FONT0"/>
            <SP HEIGHT="13.32283464566929" WIDTH="4.818897637795276" VPOS="310.96062992125985" HPOS="238.6771653543307"/>
            <String HEIGHT="13.32283464566929" WIDTH="33.732283464566926" VPOS="310.96062992125985" HPOS="224.50393700787401" CONTENT="ses" ID="tl_15_7" STYLEREFS="FONT0"/>
            <SP HEIGHT="13.32283464566929" WIDTH="4.818897637795276" VPOS="310.96062992125985" HPOS="257.9527559055118"/>
            <String HEIGHT="13.32283464566929" WIDTH="38.55118110236221" VPOS="310.96062992125985" HPOS="238.6771653543307" CONTENT="traits" ID="tl_15_8" STYLEREFS="FONT0"/>
          </TextLine>
          <TextLine ID="tl_16" BASELINE="1179" HEIGHT="14.456692913385826" WIDTH="245.76377952755905" VPOS="319.748031496063" HPOS="31.748031496062993">
            <String HEIGHT="14.456692913385826" WIDTH="98.36220472440945" VPOS="319.748031496063" HPOS="26.929133858267715" CONTENT="caractéristiques" ID="tl_16_1" STYLEREFS="FONT0"/>
            <SP HEIGHT="14.456692913385826" WIDTH="4.818897637795276" VPOS="319.748031496063" HPOS="125.00787401574803"/>
            <String HEIGHT="14.456692913385826" WIDTH="29.480314960629922" VPOS="319.748031496063" HPOS="110.26771653543307" CONTENT="où" ID="tl_16_2" STYLEREFS="FONT0"/>
            <SP HEIGHT="14.456692913385826" WIDTH="4.818897637795276" VPOS="319.748031496063" HPOS="139.748031496063"/>
            <String HEIGHT="14.456692913385826" WIDTH="68.88188976377953" VPOS="319.748031496063" HPOS="125.00787401574803" CONTENT="sobrement," ID="tl_16_3" STYLEREFS="FONT0"/>
            <SP HEIGHT="14.456692913385826" WIDTH="4.818897637795276" VPOS="319.748031496063" HPOS="193.88976377952756"/>
            <String HEIGHT="14.456692913385826" WIDTH="58.960629921259844" VPOS="319.748031496063" HPOS="179.1496062992126" CONTENT="l’Orient" ID="tl_16_4" STYLEREFS="FONT0"/>
            <SP HEIGHT="14.456692913385826" WIDTH="4.818897637795276" VPOS="319.748031496063" HPOS="238.11023622047244"/>
            <String HEIGHT="14.456692913385826" WIDTH="29.480314960629922" VPOS="319.748031496063" HPOS="223.37007874015748" CONTENT="se" ID="tl_16_5" STYLEREFS="FONT0"/>
            <SP HEIGHT="14.456692913385826" WIDTH="4.818897637795276" VPOS="319.748031496063" HPOS="252.8503937007874"/>
            <String HEIGHT="14.456692913385826" WIDTH="44.22047244094488" VPOS="319.748031496063" HPOS="238.11023622047244" CONTENT="marie" ID="tl_16_6" STYLEREFS="FONT0"/>
            <SP HEIGHT="14.456692913385826" WIDTH="4.818897637795276" VPOS="319.748031496063" HPOS="282.3307086614173"/>
            <String HEIGHT="14.456692913385826" WIDTH="14.740157480314961" VPOS="319.748031496063" HPOS="262.7716535433071" CONTENT="à" ID="tl_16_7" STYLEREFS="FONT0"/>
          </TextLine>
          <TextLine ID="tl_17" BASELINE="1214" HEIGHT="14.740157480314961" WIDTH="53.29133858267716" VPOS="329.38582677165357" HPOS="32.59842519685039">
            <String HEIGHT="14.740157480314961" WIDTH="62.92913385826772" VPOS="329.38582677165357" HPOS="22.96062992125984" CONTENT="l’Occident." ID="tl_17_1" STYLEREFS="FONT0"/>
          </TextLine>
        </TextBlock>
        <TextBlock ID="r_3_3" HEIGHT="109.41732283464567" WIDTH="244.06299212598427" VPOS="345.25984251968504" HPOS="31.748031496062993">
          <TextLine ID="tl_18" BASELINE="1266" HEIGHT="15.874015748031496" WIDTH="232.44094488188978" VPOS="342.99212598425197" HPOS="44.503937007874015">
            <String HEIGHT="15.874015748031496" WIDTH="29.19685039370079" VPOS="342.99212598425197" HPOS="39.68503937007874" CONTENT="La" ID="tl_18_1" STYLEREFS="FONT0"/>
            <SP HEIGHT="15.874015748031496" WIDTH="4.818897637795276" VPOS="342.99212598425197" HPOS="68.5984251968504"/>
            <String HEIGHT="15.874015748031496" WIDTH="58.110236220472444" VPOS="342.99212598425197" HPOS="54.14173228346457" CONTENT="Première" ID="tl_18_2" STYLEREFS="FONT0"/>
            <SP HEIGHT="15.874015748031496" WIDTH="4.818897637795276" VPOS="342.99212598425197" HPOS="112.25196850393701"/>
            <String HEIGHT="15.874015748031496" WIDTH="67.74803149606299" VPOS="342.99212598425197" HPOS="97.79527559055119" CONTENT="Exposition" ID="tl_18_3" STYLEREFS="FONT0"/>
            <SP HEIGHT="15.874015748031496" WIDTH="4.818897637795276" VPOS="342.99212598425197" HPOS="165.54330708661416"/>
            <String HEIGHT="15.874015748031496" WIDTH="87.30708661417323" VPOS="342.99212598425197" HPOS="151.08661417322836" CONTENT="Internationale" ID="tl_18_4" STYLEREFS="FONT0"/>
            <SP HEIGHT="15.874015748031496" WIDTH="4.818897637795276" VPOS="342.99212598425197" HPOS="238.11023622047244"/>
            <String HEIGHT="15.874015748031496" WIDTH="34.01574803149607" VPOS="342.99212598425197" HPOS="223.6535433070866" CONTENT="des" ID="tl_18_5" STYLEREFS="FONT0"/>
            <SP HEIGHT="15.874015748031496" WIDTH="4.818897637795276" VPOS="342.99212598425197" HPOS="257.6692913385827"/>
            <String HEIGHT="15.874015748031496" WIDTH="38.83464566929134" VPOS="342.99212598425197" HPOS="238.11023622047244" CONTENT="Beaux" SUBS_TYPE="HypPart1" SUBS_CONTENT="BeauxArts" ID="tl_18_6" STYLEREFS="FONT0"/>
            <HYP CONTENT="-"/>
          </TextLine>
          <TextLine ID="tl_19" BASELINE="1307" HEIGHT="17.5748031496063" WIDTH="246.33070866141733" VPOS="352.9133858267717" HPOS="30.89763779527559">
            <String HEIGHT="17.5748031496063" WIDTH="36.56692913385827" VPOS="352.9133858267717" HPOS="26.362204724409448" CONTENT="Arts" SUBS_TYPE="HypPart2" SUBS_CONTENT="BeauxArts" ID="tl_19_1" STYLEREFS="FONT0"/>
            <SP HEIGHT="17.5748031496063" WIDTH="4.535433070866142" VPOS="352.9133858267717" HPOS="62.92913385826772"/>
            <String HEIGHT="17.5748031496063" WIDTH="27.496062992125985" VPOS="352.9133858267717" HPOS="49.039370078740156" CONTENT="de" ID="tl_19_2" STYLEREFS="FONT0"/>
            <SP HEIGHT="17.5748031496063" WIDTH="4.535433070866142" VPOS="352.9133858267717" HPOS="76.53543307086615"/>
            <String HEIGHT="17.5748031496063" WIDTH="45.63779527559055" VPOS="352.9133858267717" HPOS="62.92913385826772" CONTENT="Saïgon" ID="tl_19_3" STYLEREFS="FONT0"/>
            <SP HEIGHT="17.5748031496063" WIDTH="4.535433070866142" VPOS="352.9133858267717" HPOS="108.56692913385827"/>
            <String HEIGHT="17.5748031496063" WIDTH="27.496062992125985" VPOS="352.9133858267717" HPOS="94.67716535433071" CONTENT="en" ID="tl_19_4" STYLEREFS="FONT0"/>
            <SP HEIGHT="17.5748031496063" WIDTH="4.535433070866142" VPOS="352.9133858267717" HPOS="122.1732283464567"/>
            <String HEIGHT="17.5748031496063" WIDTH="41.10236220472441" VPOS="352.9133858267717" HPOS="108.56692913385827" CONTENT="1962-" ID="tl_19_5" STYLEREFS="FONT0"/>
            <SP HEIGHT="17.5748031496063" WIDTH="4.535433070866142" VPOS="352.9133858267717" HPOS="149.38582677165354"/>
            <String HEIGHT="17.5748031496063" WIDTH="22.677165354330707" VPOS="352.9133858267717" HPOS="135.7795275590551" CONTENT="à" ID="tl_19_6" STYLEREFS="FONT0"/>
            <SP HEIGHT="17.5748031496063" WIDTH="4.535433070866142" VPOS="352.9133858267717" HPOS="158.74015748031496"/>
            <String HEIGHT="17.5748031496063" WIDTH="54.70866141732284" VPOS="352.9133858267717" HPOS="144.8503937007874" CONTENT="laquelle" ID="tl_19_7" STYLEREFS="FONT0"/>
            <SP HEIGHT="17.5748031496063" WIDTH="4.535433070866142" VPOS="352.9133858267717" HPOS="199.55905511811022"/>
            <String HEIGHT="17.5748031496063" WIDTH="27.496062992125985" VPOS="352.9133858267717" HPOS="185.95275590551182" CONTENT="un" ID="tl_19_8" STYLEREFS="FONT0"/>
            <SP HEIGHT="17.5748031496063" WIDTH="4.535433070866142" VPOS="352.9133858267717" HPOS="213.4488188976378"/>
            <String HEIGHT="17.5748031496063" WIDTH="50.173228346456696" VPOS="352.9133858267717" HPOS="199.55905511811022" CONTENT="artiste" ID="tl_19_9" STYLEREFS="FONT0"/>
            <SP HEIGHT="17.5748031496063" WIDTH="4.535433070866142" VPOS="352.9133858267717" HPOS="249.73228346456693"/>
            <String HEIGHT="17.5748031496063" WIDTH="45.63779527559055" VPOS="352.9133858267717" HPOS="231.59055118110237" CONTENT="français" ID="tl_19_10" STYLEREFS="FONT0"/>
          </TextLine>
          <TextLine ID="tl_20" BASELINE="1349" HEIGHT="16.15748031496063" WIDTH="245.1968503937008" VPOS="366.23622047244095" HPOS="31.748031496062993">
            <String HEIGHT="16.15748031496063" WIDTH="22.677165354330707" VPOS="366.23622047244095" HPOS="27.212598425196852" CONTENT="a" ID="tl_20_1" STYLEREFS="FONT0"/>
            <SP HEIGHT="16.15748031496063" WIDTH="4.535433070866142" VPOS="366.23622047244095" HPOS="49.889763779527556"/>
            <String HEIGHT="16.15748031496063" WIDTH="54.425196850393704" VPOS="366.23622047244095" HPOS="36.28346456692913" CONTENT="remporté" ID="tl_20_2" STYLEREFS="FONT0"/>
            <SP HEIGHT="16.15748031496063" WIDTH="4.535433070866142" VPOS="366.23622047244095" HPOS="90.70866141732283"/>
            <String HEIGHT="16.15748031496063" WIDTH="27.212598425196852" VPOS="366.23622047244095" HPOS="77.10236220472441" CONTENT="le" ID="tl_20_3" STYLEREFS="FONT0"/>
            <SP HEIGHT="16.15748031496063" WIDTH="4.535433070866142" VPOS="366.23622047244095" HPOS="104.31496062992126"/>
            <String HEIGHT="16.15748031496063" WIDTH="36.28346456692913" VPOS="366.23622047244095" HPOS="90.70866141732283" CONTENT="plus" ID="tl_20_4" STYLEREFS="FONT0"/>
            <SP HEIGHT="16.15748031496063" WIDTH="4.535433070866142" VPOS="366.23622047244095" HPOS="126.99212598425197"/>
            <String HEIGHT="16.15748031496063" WIDTH="40.818897637795274" VPOS="366.23622047244095" HPOS="113.38582677165354" CONTENT="grand" ID="tl_20_5" STYLEREFS="FONT0"/>
            <SP HEIGHT="16.15748031496063" WIDTH="4.535433070866142" VPOS="366.23622047244095" HPOS="154.48818897637796"/>
            <String HEIGHT="16.15748031496063" WIDTH="40.818897637795274" VPOS="366.23622047244095" HPOS="140.5984251968504" CONTENT="prix-" ID="tl_20_6" STYLEREFS="FONT0"/>
            <SP HEIGHT="16.15748031496063" WIDTH="4.535433070866142" VPOS="366.23622047244095" HPOS="181.70078740157481"/>
            <String HEIGHT="16.15748031496063" WIDTH="22.677165354330707" VPOS="366.23622047244095" HPOS="168.09448818897638" CONTENT="a" ID="tl_20_7" STYLEREFS="FONT0"/>
            <SP HEIGHT="16.15748031496063" WIDTH="4.535433070866142" VPOS="366.23622047244095" HPOS="190.77165354330708"/>
            <String HEIGHT="16.15748031496063" WIDTH="45.354330708661415" VPOS="366.23622047244095" HPOS="177.16535433070865" CONTENT="fourni" ID="tl_20_8" STYLEREFS="FONT0"/>
            <SP HEIGHT="16.15748031496063" WIDTH="4.535433070866142" VPOS="366.23622047244095" HPOS="222.51968503937007"/>
            <String HEIGHT="16.15748031496063" WIDTH="22.677165354330707" VPOS="366.23622047244095" HPOS="208.91338582677164" CONTENT="à" ID="tl_20_9" STYLEREFS="FONT0"/>
            <SP HEIGHT="16.15748031496063" WIDTH="4.535433070866142" VPOS="366.23622047244095" HPOS="231.59055118110237"/>
            <String HEIGHT="16.15748031496063" WIDTH="31.748031496062993" VPOS="366.23622047244095" HPOS="217.98425196850394" CONTENT="nos" ID="tl_20_10" STYLEREFS="FONT0"/>
            <SP HEIGHT="16.15748031496063" WIDTH="4.535433070866142" VPOS="366.23622047244095" HPOS="249.73228346456693"/>
            <String HEIGHT="16.15748031496063" WIDTH="45.354330708661415" VPOS="366.23622047244095" HPOS="231.59055118110237" CONTENT="artistes" ID="tl_20_11" STYLEREFS="FONT0"/>
          </TextLine>
          <TextLine ID="tl_21" BASELINE="1381" HEIGHT="15.590551181102363" WIDTH="245.1968503937008" VPOS="375.87401574803147" HPOS="31.46456692913386">
            <String HEIGHT="15.590551181102363" WIDTH="67.18110236220473" VPOS="375.87401574803147" HPOS="26.64566929133858" CONTENT="l’occasion" ID="tl_21_1" STYLEREFS="FONT0"/>
            <SP HEIGHT="15.590551181102363" WIDTH="4.818897637795276" VPOS="375.87401574803147" HPOS="93.8267716535433"/>
            <String HEIGHT="15.590551181102363" WIDTH="43.37007874015748" VPOS="375.87401574803147" HPOS="79.65354330708661" CONTENT="d’une" ID="tl_21_2" STYLEREFS="FONT0"/>
            <SP HEIGHT="15.590551181102363" WIDTH="4.818897637795276" VPOS="375.87401574803147" HPOS="122.74015748031496"/>
            <String HEIGHT="15.590551181102363" WIDTH="43.37007874015748" VPOS="375.87401574803147" HPOS="108.28346456692914" CONTENT="large" ID="tl_21_3" STYLEREFS="FONT0"/>
            <SP HEIGHT="15.590551181102363" WIDTH="4.818897637795276" VPOS="375.87401574803147" HPOS="151.6535433070866"/>
            <String HEIGHT="15.590551181102363" WIDTH="28.913385826771652" VPOS="375.87401574803147" HPOS="137.1968503937008" CONTENT="et" ID="tl_21_4" STYLEREFS="FONT0"/>
            <SP HEIGHT="15.590551181102363" WIDTH="4.818897637795276" VPOS="375.87401574803147" HPOS="166.11023622047244"/>
            <String HEIGHT="15.590551181102363" WIDTH="67.18110236220473" VPOS="375.87401574803147" HPOS="151.6535433070866" CONTENT="profitable" ID="tl_21_5" STYLEREFS="FONT0"/>
            <SP HEIGHT="15.590551181102363" WIDTH="4.818897637795276" VPOS="375.87401574803147" HPOS="218.83464566929135"/>
            <String HEIGHT="15.590551181102363" WIDTH="76.81889763779527" VPOS="375.87401574803147" HPOS="199.84251968503938" CONTENT="confrontation." ID="tl_21_6" STYLEREFS="FONT0"/>
          </TextLine>
          <TextLine ID="tl_22" BASELINE="1424" HEIGHT="16.724409448818896" WIDTH="245.1968503937008" VPOS="386.92913385826773" HPOS="31.748031496062993">
            <String HEIGHT="16.724409448818896" WIDTH="30.04724409448819" VPOS="386.92913385826773" HPOS="26.64566929133858" CONTENT="Et" ID="tl_22_1" STYLEREFS="FONT0"/>
            <SP HEIGHT="16.724409448818896" WIDTH="5.102362204724409" VPOS="386.92913385826773" HPOS="56.69291338582677"/>
            <String HEIGHT="16.724409448818896" WIDTH="45.07086614173228" VPOS="386.92913385826773" HPOS="41.669291338582674" CONTENT="c’est" ID="tl_22_2" STYLEREFS="FONT0"/>
            <SP HEIGHT="16.724409448818896" WIDTH="5.102362204724409" VPOS="386.92913385826773" HPOS="86.74015748031496"/>
            <String HEIGHT="16.724409448818896" WIDTH="39.968503937007874" VPOS="386.92913385826773" HPOS="71.71653543307086" CONTENT="dans" ID="tl_22_3" STYLEREFS="FONT0"/>
            <SP HEIGHT="16.724409448818896" WIDTH="5.102362204724409" VPOS="386.92913385826773" HPOS="111.68503937007874"/>
            <String HEIGHT="16.724409448818896" WIDTH="30.04724409448819" VPOS="386.92913385826773" HPOS="96.66141732283465" CONTENT="ce" ID="tl_22_4" STYLEREFS="FONT0"/>
            <SP HEIGHT="16.724409448818896" WIDTH="5.102362204724409" VPOS="386.92913385826773" HPOS="126.70866141732283"/>
            <String HEIGHT="16.724409448818896" WIDTH="60.09448818897638" VPOS="386.92913385826773" HPOS="111.68503937007874" CONTENT="contexte" ID="tl_22_5" STYLEREFS="FONT0"/>
            <SP HEIGHT="16.724409448818896" WIDTH="5.102362204724409" VPOS="386.92913385826773" HPOS="171.7795275590551"/>
            <String HEIGHT="16.724409448818896" WIDTH="30.04724409448819" VPOS="386.92913385826773" HPOS="156.75590551181102" CONTENT="et" ID="tl_22_6" STYLEREFS="FONT0"/>
            <SP HEIGHT="16.724409448818896" WIDTH="5.102362204724409" VPOS="386.92913385826773" HPOS="186.8031496062992"/>
            <String HEIGHT="16.724409448818896" WIDTH="39.968503937007874" VPOS="386.92913385826773" HPOS="171.7795275590551" CONTENT="dans" ID="tl_22_7" STYLEREFS="FONT0"/>
            <SP HEIGHT="16.724409448818896" WIDTH="5.102362204724409" VPOS="386.92913385826773" HPOS="212.03149606299212"/>
            <String HEIGHT="16.724409448818896" WIDTH="39.968503937007874" VPOS="386.92913385826773" HPOS="197.00787401574803" CONTENT="leur" ID="tl_22_8" STYLEREFS="FONT0"/>
            <SP HEIGHT="16.724409448818896" WIDTH="5.102362204724409" VPOS="386.92913385826773" HPOS="236.9763779527559"/>
            <String HEIGHT="16.724409448818896" WIDTH="54.99212598425197" VPOS="386.92913385826773" HPOS="221.95275590551182" CONTENT="avidité" ID="tl_22_9" STYLEREFS="FONT0"/>
            <SP HEIGHT="16.724409448818896" WIDTH="5.102362204724409" VPOS="386.92913385826773" HPOS="276.9448818897638"/>
            <String HEIGHT="16.724409448818896" WIDTH="20.125984251968504" VPOS="386.92913385826773" HPOS="256.81889763779526" CONTENT="de" ID="tl_22_10" STYLEREFS="FONT0"/>
          </TextLine>
          <TextLine ID="tl_23" BASELINE="1451" HEIGHT="13.039370078740157" WIDTH="245.48031496062993" VPOS="398.26771653543307" HPOS="30.89763779527559">
            <String HEIGHT="13.039370078740157" WIDTH="62.645669291338585" VPOS="398.26771653543307" HPOS="26.078740157480315" CONTENT="connaître" ID="tl_23_1" STYLEREFS="FONT0"/>
            <SP HEIGHT="13.039370078740157" WIDTH="4.818897637795276" VPOS="398.26771653543307" HPOS="88.7244094488189"/>
            <String HEIGHT="13.039370078740157" WIDTH="38.55118110236221" VPOS="398.26771653543307" HPOS="74.26771653543307" CONTENT="leur" ID="tl_23_2" STYLEREFS="FONT0"/>
            <SP HEIGHT="13.039370078740157" WIDTH="4.818897637795276" VPOS="398.26771653543307" HPOS="112.81889763779527"/>
            <String HEIGHT="13.039370078740157" WIDTH="43.37007874015748" VPOS="398.26771653543307" HPOS="98.36220472440945" CONTENT="place" ID="tl_23_3" STYLEREFS="FONT0"/>
            <SP HEIGHT="13.039370078740157" WIDTH="4.818897637795276" VPOS="398.26771653543307" HPOS="141.73228346456693"/>
            <String HEIGHT="13.039370078740157" WIDTH="67.46456692913385" VPOS="398.26771653543307" HPOS="127.2755905511811" CONTENT="éventuelle" ID="tl_23_4" STYLEREFS="FONT0"/>
            <SP HEIGHT="13.039370078740157" WIDTH="4.818897637795276" VPOS="398.26771653543307" HPOS="194.45669291338584"/>
            <String HEIGHT="13.039370078740157" WIDTH="38.55118110236221" VPOS="398.26771653543307" HPOS="180.0" CONTENT="dans" ID="tl_23_5" STYLEREFS="FONT0"/>
            <SP HEIGHT="13.039370078740157" WIDTH="4.818897637795276" VPOS="398.26771653543307" HPOS="218.5511811023622"/>
            <String HEIGHT="13.039370078740157" WIDTH="33.732283464566926" VPOS="398.26771653543307" HPOS="204.09448818897638" CONTENT="les" ID="tl_23_6" STYLEREFS="FONT0"/>
            <SP HEIGHT="13.039370078740157" WIDTH="4.818897637795276" VPOS="398.26771653543307" HPOS="237.82677165354332"/>
            <String HEIGHT="13.039370078740157" WIDTH="38.55118110236221" VPOS="398.26771653543307" HPOS="223.37007874015748" CONTENT="arts" ID="tl_23_7" STYLEREFS="FONT0"/>
            <SP HEIGHT="13.039370078740157" WIDTH="4.818897637795276" VPOS="398.26771653543307" HPOS="261.9212598425197"/>
            <String HEIGHT="13.039370078740157" WIDTH="33.732283464566926" VPOS="398.26771653543307" HPOS="242.64566929133858" CONTENT="plas" SUBS_TYPE="HypPart1" SUBS_CONTENT="plastiques" ID="tl_23_8" STYLEREFS="FONT0"/>
            <HYP CONTENT="-"/>
          </TextLine>
          <TextLine ID="tl_24" BASELINE="1489" HEIGHT="13.039370078740157" WIDTH="246.04724409448818" VPOS="409.03937007874015" HPOS="30.614173228346456">
            <String HEIGHT="13.039370078740157" WIDTH="48.188976377952756" VPOS="409.03937007874015" HPOS="25.79527559055118" CONTENT="tiques" SUBS_TYPE="HypPart2" SUBS_CONTENT="plastiques" ID="tl_24_1" STYLEREFS="FONT0"/>
            <SP HEIGHT="13.039370078740157" WIDTH="4.818897637795276" VPOS="409.03937007874015" HPOS="73.98425196850394"/>
            <String HEIGHT="13.039370078740157" WIDTH="33.732283464566926" VPOS="409.03937007874015" HPOS="59.52755905511811" CONTENT="que" ID="tl_24_2" STYLEREFS="FONT0"/>
            <SP HEIGHT="13.039370078740157" WIDTH="4.818897637795276" VPOS="409.03937007874015" HPOS="93.25984251968504"/>
            <String HEIGHT="13.039370078740157" WIDTH="33.732283464566926" VPOS="409.03937007874015" HPOS="78.80314960629921" CONTENT="nos" ID="tl_24_3" STYLEREFS="FONT0"/>
            <SP HEIGHT="13.039370078740157" WIDTH="4.818897637795276" VPOS="409.03937007874015" HPOS="112.53543307086615"/>
            <String HEIGHT="13.039370078740157" WIDTH="48.188976377952756" VPOS="409.03937007874015" HPOS="98.07874015748031" CONTENT="jeunes" ID="tl_24_4" STYLEREFS="FONT0"/>
            <SP HEIGHT="13.039370078740157" WIDTH="4.818897637795276" VPOS="409.03937007874015" HPOS="146.26771653543307"/>
            <String HEIGHT="13.039370078740157" WIDTH="57.826771653543304" VPOS="409.03937007874015" HPOS="131.81102362204723" CONTENT="artistes" ID="tl_24_5" STYLEREFS="FONT0"/>
            <SP HEIGHT="13.039370078740157" WIDTH="4.818897637795276" VPOS="409.03937007874015" HPOS="189.92125984251967"/>
            <String HEIGHT="13.039370078740157" WIDTH="67.46456692913385" VPOS="409.03937007874015" HPOS="175.46456692913387" CONTENT="présentent" ID="tl_24_6" STYLEREFS="FONT0"/>
            <SP HEIGHT="13.039370078740157" WIDTH="4.818897637795276" VPOS="409.03937007874015" HPOS="242.9291338582677"/>
            <String HEIGHT="13.039370078740157" WIDTH="33.732283464566926" VPOS="409.03937007874015" HPOS="228.4724409448819" CONTENT="aux" ID="tl_24_7" STYLEREFS="FONT0"/>
            <SP HEIGHT="13.039370078740157" WIDTH="4.818897637795276" VPOS="409.03937007874015" HPOS="262.20472440944883"/>
            <String HEIGHT="13.039370078740157" WIDTH="33.732283464566926" VPOS="409.03937007874015" HPOS="242.9291338582677" CONTENT="visi" SUBS_TYPE="HypPart1" SUBS_CONTENT="visiteurs" ID="tl_24_8" STYLEREFS="FONT0"/>
            <HYP CONTENT="-"/>
          </TextLine>
          <TextLine ID="tl_25" BASELINE="1534" HEIGHT="14.173228346456693" WIDTH="246.04724409448818" VPOS="420.66141732283467" HPOS="30.614173228346456">
            <String HEIGHT="14.173228346456693" WIDTH="46.20472440944882" VPOS="420.66141732283467" HPOS="25.511811023622048" CONTENT="teurs" SUBS_TYPE="HypPart2" SUBS_CONTENT="visiteurs" ID="tl_25_1" STYLEREFS="FONT0"/>
            <SP HEIGHT="14.173228346456693" WIDTH="5.102362204724409" VPOS="420.66141732283467" HPOS="71.71653543307086"/>
            <String HEIGHT="14.173228346456693" WIDTH="30.89763779527559" VPOS="420.66141732283467" HPOS="56.125984251968504" CONTENT="de" ID="tl_25_2" STYLEREFS="FONT0"/>
            <SP HEIGHT="14.173228346456693" WIDTH="5.102362204724409" VPOS="420.66141732283467" HPOS="87.02362204724409"/>
            <String HEIGHT="14.173228346456693" WIDTH="30.89763779527559" VPOS="420.66141732283467" HPOS="71.71653543307086" CONTENT="la" ID="tl_25_3" STYLEREFS="FONT0"/>
            <SP HEIGHT="14.173228346456693" WIDTH="5.102362204724409" VPOS="420.66141732283467" HPOS="102.33070866141732"/>
            <String HEIGHT="14.173228346456693" WIDTH="61.511811023622045" VPOS="420.66141732283467" HPOS="87.02362204724409" CONTENT="Biennale" ID="tl_25_4" STYLEREFS="FONT0"/>
            <SP HEIGHT="14.173228346456693" WIDTH="5.102362204724409" VPOS="420.66141732283467" HPOS="148.53543307086613"/>
            <String HEIGHT="14.173228346456693" WIDTH="87.02362204724409" VPOS="420.66141732283467" HPOS="133.22834645669292" CONTENT="quelques-unes" ID="tl_25_5" STYLEREFS="FONT0"/>
            <SP HEIGHT="14.173228346456693" WIDTH="5.102362204724409" VPOS="420.66141732283467" HPOS="220.251968503937"/>
            <String HEIGHT="14.173228346456693" WIDTH="30.89763779527559" VPOS="420.66141732283467" HPOS="204.9448818897638" CONTENT="de" ID="tl_25_6" STYLEREFS="FONT0"/>
            <SP HEIGHT="14.173228346456693" WIDTH="5.102362204724409" VPOS="420.66141732283467" HPOS="235.55905511811022"/>
            <String HEIGHT="14.173228346456693" WIDTH="46.20472440944882" VPOS="420.66141732283467" HPOS="220.251968503937" CONTENT="leurs" ID="tl_25_7" STYLEREFS="FONT0"/>
            <SP HEIGHT="14.173228346456693" WIDTH="5.102362204724409" VPOS="420.66141732283467" HPOS="266.45669291338584"/>
            <String HEIGHT="14.173228346456693" WIDTH="30.89763779527559" VPOS="420.66141732283467" HPOS="246.04724409448818" CONTENT="très" ID="tl_25_8" STYLEREFS="FONT0"/>
          </TextLine>
          <TextLine ID="tl_26" BASELINE="1574" HEIGHT="14.456692913385826" WIDTH="245.1968503937008" VPOS="431.7165354330709" HPOS="31.181102362204726">
            <String HEIGHT="14.456692913385826" WIDTH="62.645669291338585" VPOS="431.7165354330709" HPOS="26.078740157480315" CONTENT="modestes" ID="tl_26_1" STYLEREFS="FONT0"/>
            <SP HEIGHT="14.456692913385826" WIDTH="5.102362204724409" VPOS="431.7165354330709" HPOS="88.44094488188976"/>
            <String HEIGHT="14.456692913385826" WIDTH="83.33858267716535" VPOS="431.7165354330709" HPOS="72.85039370078741" CONTENT="réalisations" ID="tl_26_2" STYLEREFS="FONT0"/>
            <SP HEIGHT="14.456692913385826" WIDTH="5.102362204724409" VPOS="431.7165354330709" HPOS="156.4724409448819"/>
            <String HEIGHT="14.456692913385826" WIDTH="41.669291338582674" VPOS="431.7165354330709" HPOS="140.5984251968504" CONTENT="dans" ID="tl_26_3" STYLEREFS="FONT0"/>
            <SP HEIGHT="14.456692913385826" WIDTH="5.102362204724409" VPOS="431.7165354330709" HPOS="182.5511811023622"/>
            <String HEIGHT="14.456692913385826" WIDTH="31.181102362204726" VPOS="431.7165354330709" HPOS="166.96062992125985" CONTENT="le" ID="tl_26_4" STYLEREFS="FONT0"/>
            <SP HEIGHT="14.456692913385826" WIDTH="5.102362204724409" VPOS="431.7165354330709" HPOS="198.14173228346456"/>
            <String HEIGHT="14.456692913385826" WIDTH="57.25984251968504" VPOS="431.7165354330709" HPOS="182.5511811023622" CONTENT="domaine" ID="tl_26_5" STYLEREFS="FONT0"/>
            <SP HEIGHT="14.456692913385826" WIDTH="5.102362204724409" VPOS="431.7165354330709" HPOS="239.81102362204723"/>
            <String HEIGHT="14.456692913385826" WIDTH="57.25984251968504" VPOS="431.7165354330709" HPOS="219.11811023622047" CONTENT="pictural," ID="tl_26_6" STYLEREFS="FONT0"/>
          </TextLine>
          <TextLine ID="tl_27" BASELINE="1605" HEIGHT="14.173228346456693" WIDTH="161.29133858267716" VPOS="440.78740157480314" HPOS="30.330708661417322">
            <String HEIGHT="14.173228346456693" WIDTH="70.58267716535433" VPOS="440.78740157480314" HPOS="25.228346456692915" CONTENT="sculptural" ID="tl_27_1" STYLEREFS="FONT0"/>
            <SP HEIGHT="14.173228346456693" WIDTH="5.102362204724409" VPOS="440.78740157480314" HPOS="95.81102362204724"/>
            <String HEIGHT="14.173228346456693" WIDTH="30.330708661417322" VPOS="440.78740157480314" HPOS="80.78740157480316" CONTENT="et" ID="tl_27_2" STYLEREFS="FONT0"/>
            <SP HEIGHT="14.173228346456693" WIDTH="5.102362204724409" VPOS="440.78740157480314" HPOS="111.11811023622047"/>
            <String HEIGHT="14.173228346456693" WIDTH="100.91338582677166" VPOS="440.78740157480314" HPOS="90.70866141732283" CONTENT="cinématographique." ID="tl_27_3" STYLEREFS="FONT0"/>
          </TextLine>
        </TextBlock>
        <TextBlock ID="r_3_4" HEIGHT="12.188976377952756" WIDTH="87.30708661417323" VPOS="461.4803149606299" HPOS="183.4015748031496">
          <TextLine ID="tl_28" BASELINE="1675" HEIGHT="15.307086614173228" WIDTH="89.5748031496063" VPOS="459.496062992126" HPOS="182.26771653543307">
            <String HEIGHT="15.307086614173228" WIDTH="52.724409448818896" VPOS="459.496062992126" HPOS="176.88188976377953" CONTENT="Nguyen" ID="tl_28_1" STYLEREFS="FONT0"/>
            <SP HEIGHT="15.307086614173228" WIDTH="5.3858267716535435" VPOS="459.496062992126" HPOS="229.60629921259843"/>
            <String HEIGHT="15.307086614173228" WIDTH="36.8503937007874" VPOS="459.496062992126" HPOS="214.01574803149606" CONTENT="Van" ID="tl_28_2" STYLEREFS="FONT0"/>
            <SP HEIGHT="15.307086614173228" WIDTH="5.3858267716535435" VPOS="459.496062992126" HPOS="250.86614173228347"/>
            <String HEIGHT="15.307086614173228" WIDTH="42.23622047244095" VPOS="459.496062992126" HPOS="229.60629921259843" CONTENT="Quyen." ID="tl_28_3" STYLEREFS="FONT0"/>
          </TextLine>
        </TextBlock>
        <TextBlock ID="r_4_1" HEIGHT="6.519685039370079" WIDTH="10.771653543307087" VPOS="641.7637795275591" HPOS="32.31496062992126">
          <TextLine ID="tl_29" BASELINE="2293" HEIGHT="13.32283464566929" WIDTH="13.88976377952756" VPOS="636.6614173228346" HPOS="30.89763779527559">
            <String HEIGHT="13.32283464566929" WIDTH="23.244094488188978" VPOS="636.6614173228346" HPOS="21.543307086614174" CONTENT="124" ID="tl_29_1" STYLEREFS="FONT0"/>
          </TextLine>
        </TextBlock>
        <GraphicalElement ID="r_5" HEIGHT="0.5669291338582677" WIDTH="145.70078740157481" VPOS="672.0944881889764" HPOS="107.43307086614173"/>
        <GraphicalElement ID="r_6" HEIGHT="0.5669291338582677" WIDTH="71.43307086614173" VPOS="672.0944881889764" HPOS="36.0"/>
        <GraphicalElement ID="r_7" HEIGHT="142.86614173228347" WIDTH="1.1338582677165354" VPOS="52.724409448818896" HPOS="0.0"/>
        <GraphicalElement ID="r_8" HEIGHT="149.38582677165354" WIDTH="1.7007874015748032" VPOS="195.59055118110237" HPOS="0.0"/>
        <GraphicalElement ID="r_9" HEIGHT="146.83464566929135" WIDTH="1.1338582677165354" VPOS="344.9763779527559" HPOS="0.0"/>
        <GraphicalElement ID="r_10" HEIGHT="108.28346456692914" WIDTH="2.267716535433071" VPOS="491.81102362204723" HPOS="0.0"/>
        <GraphicalElement ID="r_11" HEIGHT="60.09448818897638" WIDTH="1.1338582677165354" VPOS="248.5984251968504" HPOS="284.31496062992125"/>
      </PrintSpace>
    </Page>
  </Layout>
</alto>
