320.88188976377955 672.6614173228346
107.14960629921259 13.88976377952756 102.33070866141732 23.811023622047244 TRAVAUX
180.28346456692913 13.88976377952756 102.33070866141732 23.811023622047244 D’ÉQUIPE

28.62992125984252 45.07086614173228 50.74015748031496 28.913385826771652 Pierre
67.74803149606299 45.07086614173228 62.36220472440945 28.913385826771652 GOUMAIN
118.48818897637796 45.07086614173228 23.52755905511811 28.913385826771652 né
130.11023622047244 45.07086614173228 23.52755905511811 28.913385826771652 en
142.01574803149606 45.07086614173228 31.181102362204726 28.913385826771652 1942
161.5748031496063 45.07086614173228 19.559055118110237 28.913385826771652 à
169.22834645669292 45.07086614173228 46.77165354330709 28.913385826771652 Beyrouth
204.3779527559055 45.07086614173228 43.08661417322835 28.913385826771652 (Liban)
231.8740157480315 45.07086614173228 31.181102362204726 28.913385826771652 Archi

24.661417322834644 71.14960629921259 24.944881889763778 11.622047244094489 tecte

28.913385826771652 70.86614173228347 54.99212598425197 26.929133858267715 Philippe
72.85039370078741 70.86614173228347 47.62204724409449 26.929133858267715 GRAS
109.41732283464567 70.86614173228347 21.826771653543307 26.929133858267715 né
120.4724409448819 70.86614173228347 21.826771653543307 26.929133858267715 en
131.24409448818898 70.86614173228347 29.19685039370079 26.929133858267715 1942
149.66929133858267 70.86614173228347 18.4251968503937 26.929133858267715 à
157.03937007874015 70.86614173228347 32.881889763779526 26.929133858267715 Paris
178.86614173228347 70.86614173228347 43.93700787401575 26.929133858267715 (France)
208.06299212598427 70.86614173228347 47.62204724409449 26.929133858267715 Photographe

29.19685039370079 83.33858267716535 53.29133858267716 29.480314960629922 Bernard
70.86614173228347 83.33858267716535 60.661417322834644 29.480314960629922 HAUMONT
120.18897637795276 83.33858267716535 22.677165354330707 29.480314960629922 né
131.5275590551181 83.33858267716535 22.677165354330707 29.480314960629922 en
142.86614173228347 83.33858267716535 30.330708661417322 29.480314960629922 1942
161.85826771653544 83.33858267716535 18.992125984251967 29.480314960629922 à
169.51181102362204 83.33858267716535 79.65354330708661 29.480314960629922 Neuilly-sur-Seine
234.14173228346456 83.33858267716535 30.330708661417322 29.480314960629922 (Fran-

29.480314960629922 108.0 25.228346456692915 15.307086614173228 ce)
40.25196850393701 108.0 46.77165354330709 15.307086614173228 Sociologue.

29.763779527559056 110.26771653543307 51.30708661417323 26.929133858267715 Daniel
69.44881889763779 110.26771653543307 79.08661417322834 26.929133858267715 LANGENDORFF
136.62992125984252 110.26771653543307 23.811023622047244 26.929133858267715 né
148.53543307086613 110.26771653543307 23.811023622047244 26.929133858267715 en
160.15748031496062 110.26771653543307 31.748031496062993 26.929133858267715 1940
180.0 110.26771653543307 19.84251968503937 26.929133858267715 à
187.93700787401573 110.26771653543307 51.30708661417323 26.929133858267715 Marseille
223.6535433070866 110.26771653543307 43.37007874015748 26.929133858267715 (France).

26.078740157480315 134.07874015748033 42.51968503937008 13.88976377952756 Achitecte.

30.330708661417322 140.5984251968504 41.669291338582674 22.11023622047244 Alain
61.511811023622045 140.5984251968504 48.47244094488189 22.11023622047244 PERSIL
99.77952755905511 140.5984251968504 20.69291338582677 22.11023622047244 né
109.98425196850394 140.5984251968504 20.69291338582677 22.11023622047244 en
120.4724409448819 140.5984251968504 27.77952755905512 22.11023622047244 1942
137.76377952755905 140.5984251968504 17.291338582677167 22.11023622047244 à
144.8503937007874 140.5984251968504 34.58267716535433 22.11023622047244 Cahors
168.9448818897638 140.5984251968504 24.37795275590551 22.11023622047244 (F.
182.83464566929135 140.5984251968504 34.58267716535433 22.11023622047244 ance).
203.81102362204723 140.5984251968504 34.58267716535433 22.11023622047244 Peintre.

30.04724409448819 152.50393700787401 64.62992125984252 23.811023622047244 Jean-Paul
82.48818897637796 152.50393700787401 68.5984251968504 23.811023622047244 RIEUNIER
139.1811023622047 152.50393700787401 24.37795275590551 23.811023622047244 né
151.37007874015748 152.50393700787401 24.37795275590551 23.811023622047244 en
163.2755905511811 152.50393700787401 32.31496062992126 23.811023622047244 1933
183.68503937007873 152.50393700787401 20.125984251968504 23.811023622047244 à
191.6220472440945 152.50393700787401 48.47244094488189 23.811023622047244 Bordeaux
223.93700787401573 152.50393700787401 44.503937007874015 23.811023622047244 (France).

27.212598425196852 174.89763779527559 38.83464566929134 11.905511811023622 Musicien.

30.89763779527559 176.88188976377953 46.20472440944882 23.52755905511811 Henri
65.76377952755905 176.88188976377953 73.41732283464567 23.52755905511811 VERUCHALMY
127.55905511811024 176.88188976377953 23.244094488188978 23.52755905511811 né
139.1811023622047 176.88188976377953 23.244094488188978 23.52755905511811 en
150.8031496062992 176.88188976377953 30.89763779527559 23.52755905511811 1940
170.07874015748033 176.88188976377953 19.275590551181104 23.52755905511811 à
177.73228346456693 176.88188976377953 34.86614173228347 23.52755905511811 Paris
200.9763779527559 176.88188976377953 50.173228346456696 23.52755905511811 (France).
235.55905511811022 176.88188976377953 34.86614173228347 23.52755905511811 Peintre

134.07874015748033 198.99212598425197 39.968503937007874 17.858267716535433 Elèves
162.14173228346456 198.99212598425197 28.062992125984252 17.858267716535433 des
178.01574803149606 198.99212598425197 48.188976377952756 17.858267716535433 Ateliers
214.01574803149606 198.99212598425197 36.0 17.858267716535433 d’Art
234.14173228346456 198.99212598425197 32.031496062992126 17.858267716535433 Sacré.

31.46456692913386 259.93700787401576 41.669291338582674 20.409448818897637 16
59.24409448818898 259.93700787401576 69.44881889763779 20.409448818897637 AMENAGEMENT
114.80314960629921 259.93700787401576 41.669291338582674 20.409448818897637 D’UNE
138.04724409448818 259.93700787401576 55.55905511811024 20.409448818897637 PLAGES

32.59842519685039 274.6771653543307 51.023622047244096 20.125984251968504 présenté
70.86614173228347 274.6771653543307 34.01574803149607 20.125984251968504 sous
92.1259842519685 274.6771653543307 38.267716535433074 20.125984251968504 forme
117.35433070866142 274.6771653543307 25.511811023622048 20.125984251968504 de
130.11023622047244 274.6771653543307 51.023622047244096 20.125984251968504 maquette
168.3779527559055 274.6771653543307 25.511811023622048 20.125984251968504 et
181.13385826771653 274.6771653543307 25.511811023622048 20.125984251968504 de
193.88976377952756 274.6771653543307 63.496062992125985 20.125984251968504 projections
240.3779527559055 274.6771653543307 34.01574803149607 20.125984251968504 audio

30.614173228346456 292.251968503937 36.28346456692913 13.039370078740157 visuelles.

33.44881889763779 304.15748031496065 26.64566929133858 18.708661417322833 Les
48.47244094488189 304.15748031496065 41.95275590551181 18.708661417322833 plages,
79.08661417322834 304.15748031496065 34.2992125984252 18.708661417322833 vrais
101.76377952755905 304.15748031496065 34.2992125984252 18.708661417322833 lieux
124.7244094488189 304.15748031496065 22.96062992125984 18.708661417322833 de
136.06299212598427 304.15748031496065 26.64566929133858 18.708661417322833 nos
151.37007874015748 304.15748031496065 49.60629921259842 18.708661417322833 vacances,
189.35433070866142 304.15748031496065 45.63779527559055 18.708661417322833 méritent
223.6535433070866 304.15748031496065 26.64566929133858 18.708661417322833 une
234.99212598425197 304.15748031496065 41.95275590551181 18.708661417322833 attention

33.16535433070866 313.2283464566929 72.85039370078741 20.125984251968504 particulière.
92.97637795275591 313.2283464566929 25.79527559055118 20.125984251968504 La
106.01574803149606 313.2283464566929 51.30708661417323 20.125984251968504 maquette
144.56692913385828 313.2283464566929 60.09448818897638 20.125984251968504 représente
191.6220472440945 313.2283464566929 72.85039370078741 20.125984251968504 l’aménagement
247.1811023622047 313.2283464566929 30.04724409448819 20.125984251968504 d’une

34.01574803149607 324.0 34.2992125984252 19.559055118110237 plage
56.69291338582677 324.0 53.29133858267716 19.559055118110237 comportant
98.64566929133858 324.0 26.64566929133858 19.559055118110237 des
113.95275590551181 324.0 34.2992125984252 19.559055118110237 zones
136.91338582677164 324.0 45.92125984251968 19.559055118110237 d’ombre,
171.21259842519686 324.0 22.96062992125984 19.559055118110237 un
182.5511811023622 324.0 30.614173228346456 19.559055118110237 bar,
201.82677165354332 324.0 26.64566929133858 19.559055118110237 des
217.13385826771653 324.0 57.25984251968504 19.559055118110237 vestiaires,
259.0866141732283 324.0 18.992125984251967 19.559055118110237 des

33.732283464566926 333.3543307086614 48.75590551181102 17.5748031496063 douches,
70.2992125984252 333.3543307086614 32.59842519685039 17.5748031496063 etc.
90.70866141732283 333.3543307086614 24.37795275590551 17.5748031496063 Un
102.89763779527559 333.3543307086614 44.78740157480315 17.5748031496063 jardin,
135.49606299212599 333.3543307086614 28.346456692913385 17.5748031496063 qui
151.6535433070866 333.3543307086614 40.818897637795274 17.5748031496063 abrite
180.0 333.3543307086614 24.37795275590551 17.5748031496063 un
192.4724409448819 333.3543307086614 32.59842519685039 17.5748031496063 lieu
212.5984251968504 333.3543307086614 24.37795275590551 17.5748031496063 de
224.78740157480314 333.3543307086614 53.00787401574803 17.5748031496063 spectacle
261.6377952755906 333.3543307086614 16.15748031496063 17.5748031496063 en

34.01574803149607 342.4251968503937 36.8503937007874 18.708661417322833 plein
58.39370078740158 342.4251968503937 32.881889763779526 18.708661417322833 air,
78.80314960629921 342.4251968503937 28.62992125984252 18.708661417322833 une
95.24409448818898 342.4251968503937 45.07086614173228 18.708661417322833 piscine
128.1259842519685 342.4251968503937 24.661417322834644 18.708661417322833 et
140.31496062992127 342.4251968503937 24.661417322834644 18.708661417322833 de
152.50393700787401 342.4251968503937 57.25984251968504 18.708661417322833 nombreuses
197.5748031496063 342.4251968503937 61.511811023622045 18.708661417322833 promenades,
242.64566929133858 342.4251968503937 36.8503937007874 18.708661417322833 entoure

34.86614173228347 359.7165354330709 18.708661417322833 12.472440944881889 la
41.10236220472441 359.7165354330709 24.944881889763778 12.472440944881889 plage.

34.86614173228347 367.65354330708664 26.929133858267715 17.291338582677167 Les
50.45669291338583 367.65354330708664 42.23622047244095 17.291338582677167 cabines
81.07086614173228 367.65354330708664 30.614173228346456 17.291338582677167 sont
100.06299212598425 367.65354330708664 49.889763779527556 17.291338582677167 disposées
138.33070866141733 367.65354330708664 22.96062992125984 17.291338582677167 de
149.95275590551182 367.65354330708664 34.58267716535433 17.291338582677167 façon
172.91338582677164 367.65354330708664 19.275590551181104 17.291338582677167 à
180.56692913385828 367.65354330708664 42.23622047244095 17.291338582677167 diviser
211.1811023622047 367.65354330708664 22.96062992125984 17.291338582677167 la
222.51968503937007 367.65354330708664 34.58267716535433 17.291338582677167 plage
245.48031496062993 367.65354330708664 22.96062992125984 17.291338582677167 en
253.13385826771653 367.65354330708664 26.929133858267715 17.291338582677167 plus-

34.2992125984252 377.29133858267716 39.68503937007874 16.440944881889763 sieurs
62.07874015748032 377.29133858267716 43.653543307086615 16.440944881889763 espaces
93.8267716535433 377.29133858267716 31.748031496062993 16.440944881889763 plus
113.95275590551181 377.29133858267716 47.62204724409449 16.440944881889763 intimes,
149.66929133858267 377.29133858267716 31.748031496062993 16.440944881889763 sans
169.51181102362204 377.29133858267716 51.59055118110236 16.440944881889763 toutefois
209.1968503937008 377.29133858267716 43.653543307086615 16.440944881889763 masquer
241.22834645669292 377.29133858267716 23.811023622047244 16.440944881889763 la
253.13385826771653 377.29133858267716 27.77952755905512 16.440944881889763 vue
265.03937007874015 377.29133858267716 15.874015748031496 16.440944881889763 de

35.43307086614173 393.73228346456693 20.125984251968504 11.905511811023622 la
42.23622047244095 393.73228346456693 20.125984251968504 11.905511811023622 mer.

34.2992125984252 399.11811023622045 24.37795275590551 19.84251968503937 Au
46.488188976377955 399.11811023622045 32.59842519685039 19.84251968503937 bout
66.89763779527559 399.11811023622045 24.37795275590551 19.84251968503937 de
79.08661417322834 399.11811023622045 24.37795275590551 19.84251968503937 la
91.2755905511811 399.11811023622045 36.56692913385827 19.84251968503937 jetée
115.65354330708661 399.11811023622045 24.37795275590551 19.84251968503937 un
127.84251968503936 399.11811023622045 36.56692913385827 19.84251968503937 grand
152.2204724409449 399.11811023622045 48.75590551181102 19.84251968503937 signal,,
189.0708661417323 399.11811023622045 61.22834645669291 19.84251968503937 brise-lames
241.79527559055117 399.11811023622045 40.818897637795274 19.84251968503937 marque
266.45669291338584 399.11811023622045 16.15748031496063 19.84251968503937 le

34.86614173228347 410.74015748031496 37.13385826771653 18.708661417322833 point
59.811023622047244 410.74015748031496 24.661417322834644 18.708661417322833 de
72.0 410.74015748031496 41.10236220472441 18.708661417322833 départ
100.91338582677166 410.74015748031496 28.913385826771652 18.708661417322833 des
117.35433070866142 410.74015748031496 49.32283464566929 18.708661417322833 bateaux,
154.20472440944883 410.74015748031496 24.661417322834644 18.708661417322833 du
166.6771653543307 410.74015748031496 28.913385826771652 18.708661417322833 ski
183.11811023622047 410.74015748031496 49.32283464566929 18.708661417322833 nautique
219.96850393700788 410.74015748031496 24.661417322834644 18.708661417322833 et
232.44094488188978 410.74015748031496 49.32283464566929 18.708661417322833 l’entrée
265.3228346456693 410.74015748031496 16.440944881889763 18.708661417322833 du

35.43307086614173 426.8976377952756 51.023622047244096 13.32283464566929 restaurant
72.0 426.8976377952756 47.338582677165356 13.32283464566929 sous

36.56692913385827 446.45669291338584 46.488188976377955 14.456692913385826 Matériaux
68.88188976377953 446.45669291338584 39.40157480314961 14.456692913385826 utilisés:

36.0 455.5275590551181 37.98425196850393 19.559055118110237 bois:
61.22834645669291 455.5275590551181 50.74015748031496 19.559055118110237 éléments
99.49606299212599 455.5275590551181 67.46456692913385 19.559055118110237 préfabriqués
154.20472440944883 455.5275590551181 25.228346456692915 19.559055118110237 en
166.96062992125985 455.5275590551181 71.71653543307086 19.559055118110237 contreplaqué;
225.92125984251967 455.5275590551181 42.23622047244095 19.559055118110237 voiles
251.43307086614172 455.5275590551181 33.732283464566926 19.559055118110237 extra-

35.71653543307087 468.56692913385825 48.188976377952756 16.724409448818896 légères
70.58267716535433 468.56692913385825 35.1496062992126 16.724409448818896 pour
92.69291338582677 468.56692913385825 30.614173228346456 16.724409448818896 les
109.98425196850394 468.56692913385825 39.40157480314961 16.724409448818896 zones
136.3464566929134 468.56692913385825 56.976377952755904 16.724409448818896 d’ombres;
180.28346456692913 468.56692913385825 39.40157480314961 16.724409448818896 verre
206.64566929133858 468.56692913385825 21.826771653543307 16.724409448818896 -
215.43307086614172 468.56692913385825 35.1496062992126 16.724409448818896 avec
232.7244094488189 468.56692913385825 52.724409448818896 16.724409448818896 assemblage

36.28346456692913 480.4724409448819 51.874015748031496 14.456692913385826 métallique
77.10236220472441 480.4724409448819 29.763779527559056 14.456692913385826 pour
95.81102362204724 480.4724409448819 22.393700787401574 14.456692913385826 le
106.86614173228347 480.4724409448819 51.874015748031496 14.456692913385826 restaurant
147.68503937007873 480.4724409448819 22.393700787401574 14.456692913385826 et
158.74015748031496 480.4724409448819 22.393700787401574 14.456692913385826 le
170.07874015748033 480.4724409448819 33.44881889763779 14.456692913385826 grand
188.50393700787401 480.4724409448819 33.44881889763779 14.456692913385826 signal.

35.71653543307087 493.2283464566929 24.661417322834644 16.440944881889763 le
47.90551181102362 493.2283464566929 37.13385826771653 16.440944881889763 grand
72.56692913385827 493.2283464566929 41.10236220472441 16.440944881889763 signal
105.44881889763779 493.2283464566929 61.79527559055118 16.440944881889763 Brise-Lames
154.77165354330708 493.2283464566929 20.69291338582677 16.440944881889763 :
162.99212598425197 493.2283464566929 24.661417322834644 16.440944881889763 en
175.46456692913387 493.2283464566929 37.13385826771653 16.440944881889763 verre
200.1259842519685 493.2283464566929 37.13385826771653 16.440944881889763 usiné
224.78740157480314 493.2283464566929 28.913385826771652 16.440944881889763 est
241.22834645669292 493.2283464566929 45.354330708661415 16.440944881889763 l’œuvre
269.8582677165354 493.2283464566929 16.440944881889763 16.440944881889763 de

36.8503937007874 503.43307086614175 39.68503937007874 18.708661417322833 Vlimos
64.62992125984252 503.43307086614175 27.77952755905512 18.708661417322833 Acs
80.50393700787401 503.43307086614175 23.811023622047244 18.708661417322833 et
92.69291338582677 503.43307086614175 63.77952755905512 18.708661417322833 Robert-Louis
144.28346456692913 503.43307086614175 43.93700787401575 18.708661417322833 Muller.
176.31496062992127 503.43307086614175 23.811023622047244 18.708661417322833 Il
188.2204724409449 503.43307086614175 19.84251968503937 18.708661417322833 a
196.15748031496062 503.43307086614175 27.77952755905512 18.708661417322833 été
212.03149606299212 503.43307086614175 43.93700787401575 18.708661417322833 réalisé
243.7795275590551 503.43307086614175 27.77952755905512 18.708661417322833 par
259.93700787401576 503.43307086614175 23.811023622047244 18.708661417322833 la
267.87401574803147 503.43307086614175 19.84251968503937 18.708661417322833 Cie

31.748031496062993 519.5905511811023 72.0 11.905511811023622 SAINT

33.44881889763779 538.2992125984252 59.52755905511811 16.15748031496063 Responsable:

37.41732283464567 550.7716535433071 51.30708661417323 17.5748031496063 Vilmos
76.81889763779527 550.7716535433071 47.338582677165356 17.5748031496063 ACS
112.53543307086615 550.7716535433071 23.811023622047244 17.5748031496063 né
124.15748031496064 550.7716535433071 23.811023622047244 17.5748031496063 en
136.06299212598427 550.7716535433071 31.46456692913386 17.5748031496063 1936
155.90551181102362 550.7716535433071 19.84251968503937 17.5748031496063 à
163.84251968503938 550.7716535433071 47.338582677165356 17.5748031496063 Budapest
199.2755905511811 550.7716535433071 55.275590551181104 17.5748031496063 (Hongrie).
238.6771653543307 550.7716535433071 51.30708661417323 17.5748031496063 Architecte.

38.267716535433074 564.6614173228346 47.90551181102362 18.141732283464567 Edmée
73.98425196850394 564.6614173228346 55.84251968503937 18.141732283464567 DELSOL
117.92125984251969 564.6614173228346 27.77952755905512 18.141732283464567 née
133.79527559055117 564.6614173228346 23.811023622047244 18.141732283464567 en
145.70078740157481 564.6614173228346 31.748031496062993 18.141732283464567 1939
165.82677165354332 564.6614173228346 19.84251968503937 18.141732283464567 à
173.76377952755905 564.6614173228346 35.71653543307087 18.141732283464567 Paris
197.5748031496063 564.6614173228346 51.874015748031496 18.141732283464567 (France).
233.29133858267716 564.6614173228346 39.968503937007874 18.141732283464567 Peintre.

38.267716535433074 578.8346456692914 57.25984251968504 21.25984251968504 Jacques
83.05511811023622 578.8346456692914 73.41732283464567 21.25984251968504 LALLEMENT
144.28346456692913 578.8346456692914 24.37795275590551 21.25984251968504 né
156.4724409448819 578.8346456692914 24.37795275590551 21.25984251968504 en
168.9448818897638 578.8346456692914 32.59842519685039 21.25984251968504 1934
189.35433070866142 578.8346456692914 20.409448818897637 21.25984251968504 à
197.5748031496063 578.8346456692914 36.8503937007874 21.25984251968504 Paris
221.95275590551182 578.8346456692914 53.00787401574803 21.25984251968504 (France).
258.8031496062992 578.8346456692914 32.59842519685039 21.25984251968504 Archi

35.71653543307087 596.9763779527559 28.062992125984252 11.905511811023622 tecte.

38.83464566929134 599.8110236220473 81.92125984251969 26.078740157480315 Robert-Louis
107.71653543307086 599.8110236220473 60.37795275590551 26.078740157480315 Muller
155.0551181102362 599.8110236220473 25.79527559055118 26.078740157480315 né
168.09448818897638 599.8110236220473 25.79527559055118 26.078740157480315 en
180.8503937007874 599.8110236220473 34.58267716535433 26.078740157480315 1941
202.39370078740157 599.8110236220473 21.543307086614174 26.078740157480315 à
210.89763779527559 599.8110236220473 51.59055118110236 26.078740157480315 St-Avold
245.48031496062993 599.8110236220473 47.338582677165356 26.078740157480315 (France).

35.71653543307087 621.3543307086615 45.92125984251968 12.472440944881889 Sculpteur.

269.5748031496063 630.1417322834645 24.094488188976378 12.472440944881889 149
