307.84251968503935 672.6614173228346
25.511811023622048 17.007874015748033 127.2755905511811 17.291338582677167 SPECTACLES

54.14173228346457 125.29133858267717 24.094488188976378 21.25984251968504 Le
66.04724409448819 125.29133858267717 28.062992125984252 21.25984251968504 but
82.20472440944881 125.29133858267717 28.062992125984252 21.25984251968504 des
98.36220472440945 125.29133858267717 56.125984251968504 21.25984251968504 spectacles
142.29921259842519 125.29133858267717 40.25196850393701 21.25984251968504 donnés
170.36220472440945 125.29133858267717 40.25196850393701 21.25984251968504 chaque
198.4251968503937 125.29133858267717 32.031496062992126 21.25984251968504 soir
218.5511811023622 125.29133858267717 20.125984251968504 21.25984251968504 à
226.48818897637796 125.29133858267717 24.094488188976378 21.25984251968504 21
238.6771653543307 125.29133858267717 40.25196850393701 21.25984251968504 heures
266.74015748031496 125.29133858267717 32.031496062992126 21.25984251968504 dans
282.61417322834643 125.29133858267717 16.15748031496063 21.25984251968504 le

53.85826771653543 136.62992125984252 36.0 19.559055118110237 cadre
77.95275590551181 136.62992125984252 24.094488188976378 19.559055118110237 du
89.85826771653544 136.62992125984252 43.93700787401575 19.559055118110237 Théâtre
121.88976377952756 136.62992125984252 43.93700787401575 19.559055118110237 d’Essai
153.92125984251967 136.62992125984252 24.094488188976378 19.559055118110237 de
165.82677165354332 136.62992125984252 24.094488188976378 19.559055118110237 la
178.01574803149606 136.62992125984252 47.90551181102362 19.559055118110237 Biennale
214.01574803149606 136.62992125984252 24.094488188976378 19.559055118110237 de
225.92125984251967 136.62992125984252 36.0 19.559055118110237 Paris
250.01574803149606 136.62992125984252 28.062992125984252 19.559055118110237 est
265.8897637795276 136.62992125984252 24.094488188976378 19.559055118110237 de
273.8267716535433 136.62992125984252 24.094488188976378 19.559055118110237 per-

53.574803149606296 145.70078740157481 38.83464566929134 19.559055118110237 mettre
80.78740157480316 145.70078740157481 19.275590551181104 19.559055118110237 à
88.44094488188976 145.70078740157481 23.244094488188978 19.559055118110237 de
100.06299212598425 145.70078740157481 38.83464566929134 19.559055118110237 jeunes
127.2755905511811 145.70078740157481 54.14173228346457 19.559055118110237 animateurs
170.07874015748033 145.70078740157481 23.244094488188978 19.559055118110237 et
181.70078740157481 145.70078740157481 19.275590551181104 19.559055118110237 à
189.35433070866142 145.70078740157481 27.212598425196852 19.559055118110237 des
204.9448818897638 145.70078740157481 58.110236220472444 19.559055118110237 compagnies,
251.43307086614172 145.70078740157481 30.89763779527559 19.559055118110237 dont
267.0236220472441 145.70078740157481 30.89763779527559 19.559055118110237 l’act-

53.00787401574803 156.4724409448819 31.748031496062993 18.141732283464567 vité
72.85039370078741 156.4724409448819 47.62204724409449 18.141732283464567 s’exerce
108.56692913385827 156.4724409448819 35.71653543307087 18.141732283464567 aussi
132.09448818897638 156.4724409448819 31.748031496062993 18.141732283464567 bien
151.93700787401573 156.4724409448819 19.84251968503937 18.141732283464567 à
159.8740157480315 156.4724409448819 35.71653543307087 18.141732283464567 Paris
183.68503937007873 156.4724409448819 35.71653543307087 18.141732283464567 qu’en
207.49606299212599 156.4724409448819 51.59055118110236 18.141732283464567 province,
246.89763779527559 156.4724409448819 23.811023622047244 18.141732283464567 de
254.83464566929135 156.4724409448819 43.653543307086615 18.141732283464567 présenter

52.724409448818896 166.11023622047244 24.944881889763778 17.858267716535433 un
65.19685039370079 166.11023622047244 53.85826771653543 17.858267716535433 spectacle
106.86614173228347 166.11023622047244 24.944881889763778 17.858267716535433 en
119.33858267716535 166.11023622047244 41.38582677165354 17.858267716535433 dehors
148.251968503937 166.11023622047244 24.944881889763778 17.858267716535433 de
160.7244094488189 166.11023622047244 37.41732283464567 17.858267716535433 toute
185.66929133858267 166.11023622047244 70.58267716535433 17.858267716535433 préoccupation
239.5275590551181 166.11023622047244 58.110236220472444 17.858267716535433 commerciale.

53.574803149606296 172.91338582677164 22.96062992125984 20.976377952755904 Le
64.91338582677166 172.91338582677164 30.614173228346456 20.976377952755904 rôle
83.90551181102362 172.91338582677164 22.96062992125984 20.976377952755904 de
95.5275590551181 172.91338582677164 22.96062992125984 20.976377952755904 la
106.86614173228347 172.91338582677164 45.92125984251968 20.976377952755904 Biennale
141.16535433070865 172.91338582677164 26.64566929133858 20.976377952755904 est
156.4724409448819 172.91338582677164 22.96062992125984 20.976377952755904 de
167.81102362204723 172.91338582677164 53.29133858267716 20.976377952755904 promouvoir
209.76377952755905 172.91338582677164 49.60629921259842 20.976377952755904 librement
248.03149606299212 172.91338582677164 26.64566929133858 20.976377952755904 ces
259.37007874015745 172.91338582677164 38.267716535433074 20.976377952755904 manifes-

52.15748031496063 184.251968503937 46.77165354330709 18.992125984251967 tations,
87.30708661417323 184.251968503937 46.77165354330709 18.992125984251967 espérant
122.45669291338582 184.251968503937 27.212598425196852 18.992125984251967 que
138.04724409448818 184.251968503937 27.212598425196852 18.992125984251967 les
153.63779527559055 184.251968503937 54.70866141732284 18.992125984251967 meilleures
196.44094488188978 184.251968503937 42.803149606299215 18.992125984251967 d’entre
227.6220472440945 184.251968503937 35.1496062992126 18.992125984251967 elles
251.1496062992126 184.251968503937 46.77165354330709 18.992125984251967 trouvent
282.3307086614173 184.251968503937 15.590551181102363 18.992125984251967 en

52.15748031496063 193.3228346456693 39.118110236220474 18.708661417322833 dehors
79.65354330708661 193.3228346456693 23.52755905511811 18.708661417322833 de
91.2755905511811 193.3228346456693 27.212598425196852 18.708661417322833 son
106.86614173228347 193.3228346456693 39.118110236220474 18.708661417322833 action
134.07874015748033 193.3228346456693 23.52755905511811 18.708661417322833 et
145.98425196850394 193.3228346456693 27.212598425196852 18.708661417322833 par
161.5748031496063 193.3228346456693 23.52755905511811 18.708661417322833 la
173.1968503937008 193.3228346456693 35.1496062992126 18.708661417322833 suite
196.7244094488189 193.3228346456693 23.52755905511811 18.708661417322833 un
208.3464566929134 193.3228346456693 31.181102362204726 18.708661417322833 plus
227.90551181102362 193.3228346456693 35.1496062992126 18.708661417322833 vaste
247.46456692913387 193.3228346456693 50.74015748031496 18.708661417322833 rayonnement

51.874015748031496 202.39370078740157 24.094488188976378 13.606299212598426 et
63.77952755905512 202.39370078740157 28.062992125984252 13.606299212598426 une
79.93700787401575 202.39370078740157 64.34645669291339 13.606299212598426 exploitation
132.3779527559055 202.39370078740157 32.31496062992126 13.606299212598426 plus
148.53543307086613 202.39370078740157 48.188976377952756 13.606299212598426 régulière.

51.59055118110236 218.5511811023622 39.68503937007874 17.5748031496063 Chaque
79.37007874015748 218.5511811023622 51.59055118110236 17.5748031496063 spectacle
119.05511811023622 218.5511811023622 31.748031496062993 17.5748031496063 sera
138.89763779527559 218.5511811023622 55.55905511811024 17.5748031496063 retransmis
182.5511811023622 218.5511811023622 67.46456692913385 17.5748031496063 simultanément
238.11023622047244 218.5511811023622 27.77952755905512 17.5748031496063 sur
253.98425196850394 218.5511811023622 27.77952755905512 17.5748031496063 les
265.8897637795276 218.5511811023622 31.748031496062993 17.5748031496063 récep-

50.173228346456696 230.17322834645668 34.58267716535433 17.858267716535433 teurs
73.41732283464567 230.17322834645668 22.96062992125984 17.858267716535433 de
84.75590551181102 230.17322834645668 53.574803149606296 17.858267716535433 télévision
126.99212598425197 230.17322834645668 53.574803149606296 17.858267716535433 disséminés
168.9448818897638 230.17322834645668 30.614173228346456 17.858267716535433 dans
188.2204724409449 230.17322834645668 26.929133858267715 17.858267716535433 les
203.5275590551181 230.17322834645668 38.267716535433074 17.858267716535433 salles
230.45669291338584 230.17322834645668 22.96062992125984 17.858267716535433 de
241.79527559055117 230.17322834645668 22.96062992125984 17.858267716535433 la
249.4488188976378 230.17322834645668 42.23622047244095 17.858267716535433 Biennale.

50.173228346456696 245.1968503937008 26.929133858267715 19.559055118110237 Un
63.77952755905512 245.1968503937008 44.78740157480315 19.559055118110237 comité
95.24409448818898 245.1968503937008 49.32283464566929 19.559055118110237 composé
130.96062992125985 245.1968503937008 26.929133858267715 19.559055118110237 de
144.56692913385828 245.1968503937008 31.46456692913386 19.559055118110237 MM.
162.4251968503937 245.1968503937008 49.32283464566929 19.559055118110237 Raphaël
198.4251968503937 245.1968503937008 53.85826771653543 19.559055118110237 Deherpe,
238.6771653543307 245.1968503937008 49.32283464566929 19.559055118110237 Georges
270.1417322834646 245.1968503937008 26.929133858267715 19.559055118110237 Ler-

50.173228346456696 257.1023622047244 46.77165354330709 17.5748031496063 minier,
84.18897637795276 257.1023622047244 59.52755905511811 17.5748031496063 Paul-Louis
131.24409448818898 257.1023622047244 46.77165354330709 17.5748031496063 Mignon,
165.25984251968504 257.1023622047244 59.52755905511811 17.5748031496063 Jean-Marie
212.03149606299212 257.1023622047244 46.77165354330709 17.5748031496063 Serreau
246.33070866141733 257.1023622047244 29.763779527559056 17.5748031496063 ont
259.0866141732283 257.1023622047244 38.267716535433074 17.5748031496063 retenu,

49.32283464566929 265.3228346456693 24.661417322834644 15.874015748031496 en
61.79527559055118 265.3228346456693 41.38582677165354 15.874015748031496 accord
90.70866141732283 265.3228346456693 32.881889763779526 15.874015748031496 avec
111.4015748031496 265.3228346456693 24.661417322834644 15.874015748031496 la
123.59055118110236 265.3228346456693 53.574803149606296 15.874015748031496 Biennale,
164.9763779527559 265.3228346456693 28.913385826771652 15.874015748031496 les
181.41732283464566 265.3228346456693 57.826771653543304 15.874015748031496 spectacles
222.8031496062992 265.3228346456693 45.354330708661415 15.874015748031496 suivants:

47.338582677165356 306.99212598425197 42.51968503937008 12.472440944881889 mardi
75.68503937007874 306.99212598425197 28.346456692913385 12.472440944881889 28
85.32283464566929 306.99212598425197 33.16535433070866 12.472440944881889 sept.

46.77165354330709 352.06299212598424 52.15748031496063 15.307086614173228 mercredi
85.60629921259843 352.06299212598424 26.078740157480315 15.307086614173228 29
94.39370078740157 352.06299212598424 30.330708661417322 15.307086614173228 sept.

44.22047244094488 379.84251968503935 47.62204724409449 13.039370078740157 jeudi
75.96850393700787 379.84251968503935 31.748031496062993 13.039370078740157 30
86.74015748031496 379.84251968503935 37.13385826771653 13.039370078740157 sept.

45.354330708661415 390.3307086614173 50.45669291338583 12.755905511811024 vendredi
83.33858267716535 390.3307086614173 29.480314960629922 12.755905511811024 1er
95.81102362204724 390.3307086614173 25.228346456692915 12.755905511811024 oct.

44.22047244094488 400.251968503937 53.29133858267716 15.307086614173228 samedi
81.63779527559055 400.251968503937 26.64566929133858 15.307086614173228 2
87.02362204724409 400.251968503937 32.031496062992126 15.307086614173228 oct.

44.503937007874015 425.76377952755905 54.99212598425197 15.590551181102363 dimanche
85.88976377952756 425.76377952755905 22.96062992125984 15.590551181102363 3
90.4251968503937 425.76377952755905 27.496062992125985 15.590551181102363 oct.

44.78740157480315 436.81889763779526 37.13385826771653 12.755905511811024 lundi
69.44881889763779 436.81889763779526 20.69291338582677 12.755905511811024 4
73.41732283464567 436.81889763779526 24.661417322834644 12.755905511811024 oct.

43.93700787401575 464.31496062992125 38.55118110236221 14.173228346456693 mardi
69.44881889763779 464.31496062992125 21.25984251968504 14.173228346456693 5
73.98425196850394 464.31496062992125 25.79527559055118 14.173228346456693 oct.

43.653543307086615 473.6692913385827 51.023622047244096 15.023622047244094 mercredi
81.92125984251969 473.6692913385827 21.25984251968504 15.023622047244094 6
86.1732283464567 473.6692913385827 25.511811023622048 15.023622047244094 oct.

43.08661417322835 491.244094488189 36.56692913385827 14.173228346456693 jeudi
67.46456692913385 491.244094488189 20.409448818897637 14.173228346456693 7
71.43307086614173 491.244094488189 24.37795275590551 14.173228346456693 oct.

43.08661417322835 538.2992125984252 51.023622047244096 13.88976377952756 vendredi
81.35433070866142 538.2992125984252 21.25984251968504 13.88976377952756 8
85.60629921259843 538.2992125984252 25.511811023622048 13.88976377952756 oct.

43.08661417322835 548.2204724409448 43.653543307086615 10.771653543307087 samedi
73.41732283464567 548.2204724409448 21.826771653543307 10.771653543307087 9
77.95275590551181 548.2204724409448 26.078740157480315 10.771653543307087 oct.

42.23622047244095 557.5748031496063 55.275590551181104 13.32283464566929 dimanche
83.62204724409449 557.5748031496063 27.77952755905512 13.32283464566929 10
92.97637795275591 557.5748031496063 27.77952755905512 13.32283464566929 oct.

41.95275590551181 573.4488188976378 37.41732283464567 13.32283464566929 lundi
66.89763779527559 573.4488188976378 24.944881889763778 13.32283464566929 11
75.11811023622047 573.4488188976378 24.944881889763778 13.32283464566929 oct.

41.669291338582674 584.7874015748032 39.118110236220474 12.755905511811024 mardi
67.74803149606299 584.7874015748032 26.078740157480315 12.755905511811024 12
76.25196850393701 584.7874015748032 26.078740157480315 12.755905511811024 oct.

41.669291338582674 593.2913385826772 51.023622047244096 13.606299212598426 mercredi
79.93700787401575 593.2913385826772 25.511811023622048 13.606299212598426 13
88.44094488188976 593.2913385826772 25.511811023622048 13.606299212598426 oct.

138.89763779527559 307.84251968503935 55.84251968503937 15.874015748031496 Théâtre
182.83464566929135 307.84251968503935 24.094488188976378 15.874015748031496 du
194.74015748031496 307.84251968503935 47.90551181102362 15.874015748031496 Cothurne
230.74015748031496 307.84251968503935 24.094488188976378 15.874015748031496 de
238.6771653543307 307.84251968503935 39.968503937007874 15.874015748031496 Lyon

140.03149606299212 319.46456692913387 53.00787401574803 12.472440944881889 (Marcel
177.73228346456693 319.46456692913387 56.69291338582677 12.472440944881889 Maréchal)

138.04724409448818 328.81889763779526 48.75590551181102 15.590551181102363 Hommage
173.76377952755905 328.81889763779526 22.11023622047244 15.590551181102363 à
182.5511811023622 328.81889763779526 57.826771653543304 15.590551181102363 Audiberti
227.0551181102362 328.81889763779526 48.75590551181102 15.590551181102363 (soirée
258.23622047244095 328.81889763779526 35.43307086614173 15.590551181102363 excep-

138.04724409448818 339.87401574803147 60.37795275590551 12.755905511811024 tionnelle)
185.38582677165354 339.87401574803147 25.79527559055118 12.755905511811024 Le
198.4251968503937 339.87401574803147 51.874015748031496 12.755905511811024 Cavalier
233.00787401574803 339.87401574803147 25.79527559055118 12.755905511811024 seul

139.46456692913387 354.3307086614173 54.99212598425197 15.307086614173228 Théâtre
182.5511811023622 354.3307086614173 43.08661417322835 15.307086614173228 d’Essai
214.01574803149606 354.3307086614173 23.52755905511811 15.307086614173228 de
225.63779527559055 354.3307086614173 23.52755905511811 15.307086614173228 la
233.5748031496063 354.3307086614173 43.08661417322835 15.307086614173228 danse

139.1811023622047 366.23622047244095 62.92913385826772 15.023622047244094 Recherches
184.251968503937 366.23622047244095 80.78740157480316 15.023622047244094 Chorégraphiques.

139.46456692913387 382.3937007874016 58.67716535433071 13.039370078740157 Compagnie
187.08661417322836 382.3937007874016 21.826771653543307 13.039370078740157 A.
198.14173228346456 382.3937007874016 21.826771653543307 13.039370078740157 L.
205.22834645669292 382.3937007874016 54.99212598425197 13.039370078740157 Perinetti

138.89763779527559 392.59842519685037 68.5984251968504 14.740157480314961 L’Evènement
193.60629921259843 392.59842519685037 27.496062992125985 14.740157480314961 de
207.49606299212599 392.59842519685037 32.031496062992126 14.740157480314961 Guy
221.10236220472441 392.59842519685037 36.56692913385827 14.740157480314961 Foissy

138.04724409448818 402.5196850393701 53.00787401574803 15.023622047244094 Rapport
176.5984251968504 402.5196850393701 38.55118110236221 15.023622047244094 pour
200.69291338582678 402.5196850393701 33.732283464566926 15.023622047244094 une
219.96850393700788 402.5196850393701 57.826771653543304 15.023622047244094 Académie
258.5196850393701 402.5196850393701 19.275590551181104 15.023622047244094 de

137.1968503937008 412.15748031496065 26.64566929133858 14.456692913385826 F.
150.51968503937007 412.15748031496065 39.968503937007874 14.456692913385826 Kafka
172.91338582677164 412.15748031496065 53.29133858267716 14.456692913385826 (création)

137.76377952755905 427.748031496063 52.15748031496063 15.307086614173228 Récital
178.58267716535434 427.748031496063 37.13385826771653 15.307086614173228 Pierre
200.9763779527559 427.748031496063 44.503937007874015 15.307086614173228 Byland

131.5275590551181 439.93700787401576 62.645669291338585 11.05511811023622 Pantomimes

135.49606299212599 449.00787401574803 30.04724409448819 12.755905511811024 Le
145.70078740157481 449.00787401574803 45.07086614173228 12.755905511811024 Concert

135.7795275590551 467.43307086614175 54.70866141732284 12.188976377952756 Théâtre
178.86614173228347 467.43307086614175 27.212598425196852 12.188976377952756 aux
194.45669291338584 467.43307086614175 58.67716535433071 12.188976377952756 Balustrades
241.22834645669292 467.43307086614175 23.52755905511811 12.188976377952756 de
249.16535433070865 467.43307086614175 46.77165354330709 12.188976377952756 Prague

136.06299212598427 477.6377952755906 29.480314960629922 15.874015748031496 Ubu
153.0708661417323 477.6377952755906 29.480314960629922 15.874015748031496 Roi
169.79527559055117 477.6377952755906 25.228346456692915 15.874015748031496 et
182.5511811023622 477.6377952755906 29.480314960629922 15.874015748031496 Ubu
199.2755905511811 477.6377952755906 50.45669291338583 15.874015748031496 enchaîné
237.25984251968504 477.6377952755906 50.45669291338583 15.874015748031496 d’Alfred
270.99212598425197 477.6377952755906 25.228346456692915 15.874015748031496 Jamy

136.06299212598427 495.21259842519686 66.61417322834646 13.039370078740157 Compagnie
190.20472440944883 495.21259842519686 49.889763779527556 13.039370078740157 Francine
223.6535433070866 495.21259842519686 62.36220472440945 13.039370078740157 Coursange

130.11023622047244 504.56692913385825 67.46456692913385 11.905511811023622 Coincidences

136.91338582677164 513.9212598425197 22.677165354330707 13.88976377952756 La
148.251968503937 513.9212598425197 45.354330708661415 13.88976377952756 Danseuse
182.26771653543307 513.9212598425197 64.34645669291339 13.88976377952756 Venézuelienne
231.30708661417322 513.9212598425197 53.00787401574803 13.88976377952756 Sonia

136.06299212598427 523.2755905511812 42.51968503937008 13.039370078740157 Sanoja.

135.21259842519686 539.4330708661417 66.04724409448819 14.173228346456693 Compagnie
188.78740157480314 539.4330708661417 41.10236220472441 14.173228346456693 Claude
213.73228346456693 539.4330708661417 57.54330708661417 14.173228346456693 Cyriaque

134.07874015748033 550.2047244094488 26.078740157480315 14.456692913385826 Tu
147.11811023622047 550.2047244094488 47.90551181102362 14.456692913385826 Johanna
181.98425196850394 550.2047244094488 26.078740157480315 14.456692913385826 de
195.0236220472441 550.2047244094488 43.653543307086615 14.456692913385826 Claude
225.35433070866142 550.2047244094488 52.15748031496063 14.456692913385826 Cyriaque
260.2204724409449 550.2047244094488 34.86614173228347 14.456692913385826 (créa

129.54330708661416 560.4094488188977 34.01574803149607 12.188976377952756 tion).

132.66141732283464 577.1338582677165 61.511811023622045 16.440944881889763 Théâtre
180.8503937007874 577.1338582677165 26.362204724409448 16.440944881889763 de
194.17322834645668 577.1338582677165 57.25984251968504 16.440944881889763 Bourgogne
233.5748031496063 577.1338582677165 61.511811023622045 16.440944881889763 (Jacques

131.5275590551181 587.3385826771654 45.92125984251968 12.755905511811024 Fornier)

133.51181102362204 596.9763779527559 66.61417322834646 12.188976377952756 Pique-nique
186.8031496062992 596.9763779527559 26.64566929133858 12.188976377952756 en
200.1259842519685 596.9763779527559 53.29133858267716 12.188976377952756 campagne
235.84251968503938 596.9763779527559 48.75590551181102 12.188976377952756 d’Arrabal

132.9448818897638 607.1811023622047 26.64566929133858 12.755905511811024 La
146.26771653543307 607.1811023622047 57.54330708661417 12.755905511811024 Manivelle
190.48818897637796 607.1811023622047 26.64566929133858 12.755905511811024 de
199.2755905511811 607.1811023622047 35.43307086614173 12.755905511811024 Pinget

132.09448818897638 615.4015748031496 29.480314960629922 15.590551181102363 Le
146.83464566929135 615.4015748031496 68.88188976377953 15.590551181102363 Cosmonaute
200.9763779527559 615.4015748031496 59.24409448818898 15.590551181102363 Agricole
240.3779527559055 615.4015748031496 54.14173228346457 15.590551181102363 d’Obaldia

128.69291338582678 625.3228346456693 53.574803149606296 13.32283464566929 (création).

37.13385826771653 632.6929133858267 24.661417322834644 13.606299212598426 166
