300.755905511811 645.1653543307086
216.0 11.05511811023622 61.22834645669291 17.5748031496063 CHILI

26.078740157480315 86.74015748031496 62.645669291338585 15.023622047244094 Commissaire
76.25196850393701 86.74015748031496 50.173228346456696 15.023622047244094 général:
113.95275590551181 86.74015748031496 50.173228346456696 15.023622047244094 Jorge
147.4015748031496 86.74015748031496 50.173228346456696 15.023622047244094 Elliot

25.228346456692915 100.06299212598425 51.59055118110236 13.88976377952756 Directeur
64.91338582677166 100.06299212598425 23.811023622047244 13.88976377952756 de
76.81889763779527 100.06299212598425 55.55905511811024 13.88976377952756 l’Institut
120.75590551181102 100.06299212598425 59.811023622047244 13.88976377952756 d’Extension
168.3779527559055 100.06299212598425 27.77952755905512 13.88976377952756 des
184.251968503937 100.06299212598425 31.748031496062993 13.88976377952756 Arts
204.3779527559055 100.06299212598425 55.55905511811024 13.88976377952756 Plastiques
244.06299212598427 100.06299212598425 11.905511811023622 13.88976377952756 à

24.094488188976378 109.41732283464567 61.511811023622045 13.606299212598426 l’Université
74.26771653543307 109.41732283464567 23.244094488188978 13.606299212598426 du
81.92125984251969 109.41732283464567 30.89763779527559 13.606299212598426 Chili.

8.220472440944881 145.41732283464566 30.330708661417322 14.740157480314961 Le
23.52755905511811 145.41732283464566 45.354330708661415 14.740157480314961 Chili
53.574803149606296 145.41732283464566 40.25196850393701 14.740157480314961 sera
78.80314960629921 145.41732283464566 70.58267716535433 14.740157480314961 représenté
134.36220472440945 145.41732283464566 25.228346456692915 14.740157480314961 à
144.56692913385828 145.41732283464566 30.330708661417322 14.740157480314961 la
159.59055118110237 145.41732283464566 65.48031496062993 14.740157480314961 Quatrième
204.9448818897638 145.41732283464566 50.45669291338583 14.740157480314961 Biennale

-3.4015748031496065 157.03937007874015 27.212598425196852 17.291338582677167 de
10.204724409448819 157.03937007874015 40.818897637795274 17.291338582677167 Paris
37.41732283464567 157.03937007874015 31.748031496062993 17.291338582677167 par
55.55905511811024 157.03937007874015 27.212598425196852 17.291338582677167 le
68.88188976377953 157.03937007874015 49.889763779527556 17.291338582677167 peintre
105.16535433070867 157.03937007874015 49.889763779527556 17.291338582677167 Ricardo
141.4488188976378 157.03937007874015 67.74803149606299 17.291338582677167 lrarrazaval
195.59055118110237 157.03937007874015 27.212598425196852 17.291338582677167 et
209.1968503937008 157.03937007874015 27.212598425196852 17.291338582677167 le
218.26771653543307 157.03937007874015 36.28346456692913 17.291338582677167 sculp-

-4.818897637795276 168.66141732283464 39.968503937007874 14.173228346456693 teur
20.409448818897637 168.66141732283464 64.91338582677166 14.173228346456693 Valentina
70.2992125984252 168.66141732283464 45.07086614173228 14.173228346456693 Cruz,
100.34645669291339 168.66141732283464 39.968503937007874 14.173228346456693 deux
125.29133858267717 168.66141732283464 54.99212598425197 14.173228346456693 valeurs
165.25984251968504 168.66141732283464 79.93700787401575 14.173228346456693 authentiques
225.0708661417323 168.66141732283464 30.04724409448819 14.173228346456693 dans

-4.251968503937008 178.58267716535434 28.346456692913385 15.874015748031496 la
9.921259842519685 178.58267716535434 56.40944881889764 15.874015748031496 nouvelle
52.44094488188976 178.58267716535434 65.76377952755905 15.874015748031496 génération
104.03149606299213 178.58267716535434 32.881889763779526 15.874015748031496 des
122.74015748031496 178.58267716535434 56.40944881889764 15.874015748031496 artistes
160.44094488188978 178.58267716535434 61.22834645669291 15.874015748031496 plastiques.

7.3700787401574805 191.6220472440945 38.83464566929134 16.440944881889763 Leur
31.46456692913386 191.6220472440945 58.110236220472444 16.440944881889763 position
75.11811023622047 191.6220472440945 34.01574803149607 16.440944881889763 est
94.67716535433071 191.6220472440945 43.653543307086615 16.440944881889763 assez
123.59055118110236 191.6220472440945 72.85039370078741 16.440944881889763 différente:
181.98425196850394 191.6220472440945 62.92913385826772 16.440944881889763 Valentina
225.35433070866142 191.6220472440945 29.19685039370079 16.440944881889763 Cruz

-5.102362204724409 203.81102362204723 31.181102362204726 11.338582677165354 en
10.488188976377952 203.81102362204723 67.18110236220473 11.338582677165354 sculpture
62.07874015748032 203.81102362204723 67.18110236220473 11.338582677165354 s’exprime
113.95275590551181 203.81102362204723 36.28346456692913 11.338582677165354 par
134.64566929133858 203.81102362204723 36.28346456692913 11.338582677165354 des
155.33858267716536 203.81102362204723 67.18110236220473 11.338582677165354 matériaux
207.21259842519686 203.81102362204723 36.28346456692913 11.338582677165354 peu
222.51968503937007 203.81102362204723 31.181102362204726 11.338582677165354 com-

-5.3858267716535435 214.58267716535434 40.53543307086614 12.188976377952756 muns
20.125984251968504 214.58267716535434 40.53543307086614 12.188976377952756 avec
45.354330708661415 214.58267716535434 30.330708661417322 12.188976377952756 sa
60.661417322834644 214.58267716535434 71.14960629921259 12.188976377952756 perception
116.50393700787401 214.58267716535434 81.07086614173228 12.188976377952756 personnelle;
182.26771653543307 214.58267716535434 55.84251968503937 12.188976377952756 Ricardo
217.98425196850394 214.58267716535434 35.43307086614173 12.188976377952756 lrar-

-4.818897637795276 223.08661417322836 53.85826771653543 17.007874015748033 razaval
34.2992125984252 223.08661417322836 53.85826771653543 17.007874015748033 emploie
73.13385826771653 223.08661417322836 58.67716535433071 17.007874015748033 l’huile,
117.35433070866142 223.08661417322836 29.19685039370079 17.007874015748033 un
131.81102362204723 223.08661417322836 43.93700787401575 17.007874015748033 moyen
161.29133858267716 223.08661417322836 83.05511811023622 17.007874015748033 traditionnel,
224.78740157480314 223.08661417322836 29.19685039370079 17.007874015748033 sans

-5.669291338582677 235.2755905511811 60.09448818897638 14.740157480314961 éprouver
39.40157480314961 235.2755905511811 30.04724409448819 14.740157480314961 le
54.425196850393704 235.2755905511811 49.889763779527556 14.740157480314961 besoin
89.29133858267717 235.2755905511811 30.04724409448819 14.740157480314961 de
104.31496062992126 235.2755905511811 64.91338582677166 14.740157480314961 nouvelles
149.38582677165354 235.2755905511811 64.91338582677166 14.740157480314961 techniques.

6.2362204724409445 246.61417322834646 34.01574803149607 17.858267716535433 Ces
25.511811023622048 246.61417322834646 43.653543307086615 17.858267716535433 trois
54.70866141732284 246.61417322834646 63.21259842519685 17.858267716535433 dernières
103.18110236220473 246.61417322834646 48.47244094488189 17.858267716535433 années
137.1968503937008 246.61417322834646 63.21259842519685 17.858267716535433 Valentina
185.66929133858267 246.61417322834646 38.83464566929134 17.858267716535433 Cruz
210.04724409448818 246.61417322834646 24.37795275590551 17.858267716535433 a
214.86614173228347 246.61417322834646 38.83464566929134 17.858267716535433 essayé

-6.2362204724409445 259.0866141732283 36.28346456692913 14.740157480314961 les
14.456692913385826 259.0866141732283 51.874015748031496 14.740157480314961 toiles
50.74015748031496 259.0866141732283 31.181102362204726 14.740157480314961 de
66.04724409448819 259.0866141732283 56.976377952755904 14.740157480314961 chanvre
107.71653543307086 259.0866141732283 31.181102362204726 14.740157480314961 et
123.02362204724409 259.0866141732283 31.181102362204726 14.740157480314961 le
138.61417322834646 259.0866141732283 56.976377952755904 14.740157480314961 ciment,
180.0 259.0866141732283 31.181102362204726 14.740157480314961 se
195.59055118110237 259.0866141732283 56.976377952755904 14.740157480314961 servant
231.8740157480315 259.0866141732283 20.69291338582677 14.740157480314961 du

-6.519685039370079 270.4251968503937 58.39370078740158 12.755905511811024 chanvre
36.0 270.4251968503937 47.62204724409449 12.755905511811024 comme
67.74803149606299 270.4251968503937 47.62204724409449 12.755905511811024 d’une
99.49606299212599 270.4251968503937 47.62204724409449 12.755905511811024 sorte
131.24409448818898 270.4251968503937 31.748031496062993 12.755905511811024 de
147.11811023622047 270.4251968503937 42.51968503937008 12.755905511811024 peau
173.76377952755905 270.4251968503937 37.13385826771653 12.755905511811024 qui
194.74015748031496 270.4251968503937 37.13385826771653 12.755905511811024 lui
210.89763779527559 270.4251968503937 42.51968503937008 12.755905511811024 permet

-6.519685039370079 282.0472440944882 72.0 14.456692913385826 d’engendrer
51.023622047244096 282.0472440944882 33.44881889763779 14.456692913385826 des
70.2992125984252 282.0472440944882 62.36220472440945 14.456692913385826 créatures
118.20472440944881 282.0472440944882 76.81889763779527 14.456692913385826 fantastiques
180.56692913385828 282.0472440944882 28.913385826771652 14.456692913385826 ou
195.0236220472441 282.0472440944882 33.44881889763779 14.456692913385826 des
209.48031496062993 282.0472440944882 43.08661417322835 14.456692913385826 figures

-5.952755905511811 290.5511811023622 59.52755905511811 12.755905511811024 humaines
38.55118110236221 290.5511811023622 49.60629921259842 12.755905511811024 douées
73.13385826771653 290.5511811023622 44.503937007874015 12.755905511811024 d’une
102.89763779527559 290.5511811023622 64.34645669291339 12.755905511811024 étonnante
152.50393700787401 290.5511811023622 64.34645669291339 12.755905511811024 vitalité.
202.11023622047244 290.5511811023622 34.58267716535433 12.755905511811024 Ses
217.13385826771653 290.5511811023622 34.58267716535433 12.755905511811024 créa-

-6.519685039370079 301.3228346456693 42.23622047244095 16.724409448818896 tions
21.826771653543307 301.3228346456693 32.881889763779526 16.724409448818896 les
40.53543307086614 301.3228346456693 37.41732283464567 16.724409448818896 plus
64.06299212598425 301.3228346456693 65.76377952755905 16.724409448818896 originales
115.37007874015748 301.3228346456693 60.94488188976378 16.724409448818896 possèdent
162.4251968503937 301.3228346456693 32.881889763779526 16.724409448818896 une
181.13385826771653 301.3228346456693 51.59055118110236 16.724409448818896 étrange
214.01574803149606 301.3228346456693 37.41732283464567 16.724409448818896 anima-

-6.519685039370079 311.5275590551181 40.53543307086614 15.023622047244094 lité
18.992125984251967 311.5275590551181 45.63779527559055 15.023622047244094 toute
49.32283464566929 311.5275590551181 75.96850393700787 15.023622047244094 américaine,
109.98425196850394 311.5275590551181 30.330708661417322 15.023622047244094 se
125.29133858267717 311.5275590551181 70.86614173228347 15.023622047244094 rapportant
181.13385826771653 311.5275590551181 35.43307086614173 15.023622047244094 aux
196.15748031496062 311.5275590551181 55.84251968503937 15.023622047244094 créatures

-6.519685039370079 324.0 77.38582677165354 14.456692913385826 symboliques
55.275590551181104 324.0 36.28346456692913 14.456692913385826 des
75.96850393700787 324.0 62.07874015748032 14.456692913385826 cultures
122.45669291338582 324.0 108.56692913385827 14.456692913385826 pré-colombiennes;
210.33070866141733 324.0 41.38582677165354 14.456692913385826 tandis

-6.2362204724409445 333.6377952755906 34.01574803149607 15.590551181102363 que
13.32283464566929 333.6377952755906 34.01574803149607 15.590551181102363 ses
32.59842519685039 333.6377952755906 53.574803149606296 15.590551181102363 figures
71.71653543307086 333.6377952755906 58.39370078740158 15.590551181102363 humaines
115.37007874015748 333.6377952755906 24.37795275590551 15.590551181102363 à
125.29133858267717 333.6377952755906 29.19685039370079 15.590551181102363 la
139.748031496063 333.6377952755906 38.83464566929134 15.590551181102363 peau
164.1259842519685 333.6377952755906 58.39370078740158 15.590551181102363 rugueuse
202.96062992125985 333.6377952755906 48.75590551181102 15.590551181102363 évoquent

-5.3858267716535435 344.6929133858268 31.46456692913386 12.188976377952756 es
10.204724409448819 344.6929133858268 52.15748031496063 12.188976377952756 momies
46.77165354330709 344.6929133858268 68.03149606299213 12.188976377952756 anciennes
98.92913385826772 344.6929133858268 73.13385826771653 12.188976377952756 d’Amérique
156.4724409448819 344.6929133858268 31.46456692913386 12.188976377952756 et
172.06299212598427 344.6929133858268 36.56692913385827 12.188976377952756 les
193.03937007874015 344.6929133858268 52.15748031496063 12.188976377952756 saints
224.50393700787401 344.6929133858268 26.078740157480315 12.188976377952756 ba-

-6.2362204724409445 353.1968503937008 46.488188976377955 17.007874015748033 oques
24.661417322834644 353.1968503937008 31.181102362204726 17.007874015748033 de
40.25196850393701 353.1968503937008 62.07874015748032 17.007874015748033 l’époque
81.63779527559055 353.1968503937008 62.07874015748032 17.007874015748033 coloniale.

5.102362204724409 367.37007874015745 51.023622047244096 15.874015748031496 Ricardo
41.95275590551181 367.37007874015745 69.44881889763779 15.874015748031496 lrarrazaval
97.79527559055119 367.37007874015745 32.31496062992126 15.874015748031496 est
116.22047244094489 367.37007874015745 27.77952755905512 15.874015748031496 un
130.11023622047244 367.37007874015745 51.023622047244096 15.874015748031496 peintre
167.24409448818898 367.37007874015745 41.669291338582674 15.874015748031496 d’une
190.48818897637796 367.37007874015745 60.37795275590551 15.874015748031496 sensibilité

-6.803149606299213 379.2755905511811 56.40944881889764 12.188976377952756 2xtrême
34.2992125984252 379.2755905511811 30.89763779527559 12.188976377952756 et
49.60629921259842 379.2755905511811 36.0 12.188976377952756 son
70.01574803149606 379.2755905511811 41.10236220472441 12.188976377952756 sens
95.81102362204724 379.2755905511811 61.511811023622045 12.188976377952756 pictural
142.01574803149606 379.2755905511811 46.20472440944882 12.188976377952756 épuré
172.62992125984252 379.2755905511811 30.89763779527559 12.188976377952756 le
188.2204724409449 379.2755905511811 46.20472440944882 12.188976377952756 porte
218.83464566929135 379.2755905511811 25.79527559055118 12.188976377952756 à
223.93700787401573 379.2755905511811 25.79527559055118 12.188976377952756 em-

-5.952755905511811 389.1968503937008 44.78740157480315 14.740157480314961 oloyer
25.511811023622048 389.1968503937008 49.32283464566929 14.740157480314961 l’huile
61.511811023622045 389.1968503937008 36.0 14.740157480314961 avec
83.90551181102362 389.1968503937008 58.39370078740158 14.740157480314961 intensité
128.69291338582678 389.1968503937008 36.0 14.740157480314961 pour
151.08661417322836 389.1968503937008 26.929133858267715 14.740157480314961 en
164.40944881889763 389.1968503937008 53.85826771653543 14.740157480314961 extraire
204.9448818897638 389.1968503937008 31.46456692913386 14.740157480314961 ses
218.26771653543307 389.1968503937008 31.46456692913386 14.740157480314961 meil-

-5.669291338582677 399.9685039370079 36.56692913385827 15.590551181102363 eurs
17.291338582677167 399.9685039370079 45.63779527559055 15.590551181102363 effets
49.039370078740156 399.9685039370079 36.56692913385827 15.590551181102363 avec
72.0 399.9685039370079 27.496062992125985 15.590551181102363 un
85.60629921259843 399.9685039370079 36.56692913385827 15.590551181102363 sens
108.56692913385827 399.9685039370079 36.56692913385827 15.590551181102363 tout
131.5275590551181 399.9685039370079 50.173228346456696 15.590551181102363 raffiné
168.09448818897638 399.9685039370079 27.496062992125985 15.590551181102363 de
181.70078740157481 399.9685039370079 32.031496062992126 15.590551181102363 ses
195.30708661417322 399.9685039370079 54.99212598425197 15.590551181102363 propriétés

-5.952755905511811 410.74015748031496 81.92125984251969 13.32283464566929 ntrinsèques.
60.661417322834644 410.74015748031496 30.614173228346456 13.32283464566929 Il
75.96850393700787 410.74015748031496 56.40944881889764 13.32283464566929 emploie
116.78740157480316 410.74015748031496 30.614173228346456 13.32283464566929 la
132.3779527559055 410.74015748031496 56.40944881889764 13.32283464566929 couleur
173.1968503937008 410.74015748031496 46.20472440944882 13.32283464566929 comme
203.81102362204723 410.74015748031496 46.20472440944882 13.32283464566929 telle
229.60629921259843 410.74015748031496 20.409448818897637 13.32283464566929 et

-7.653543307086614 422.0787401574803 34.86614173228347 14.173228346456693 on
9.921259842519685 422.0787401574803 40.818897637795274 14.173228346456693 pas
33.16535433070866 422.0787401574803 52.44094488188976 14.173228346456693 comme
68.31496062992126 422.0787401574803 34.86614173228347 14.173228346456693 un
85.60629921259843 422.0787401574803 52.44094488188976 14.173228346456693 effet
120.75590551181102 422.0787401574803 70.01574803149606 14.173228346456693 lumineux
173.1968503937008 422.0787401574803 34.86614173228347 14.173228346456693 ou
184.8188976377953 422.0787401574803 64.06299212598425 14.173228346456693 atmosphé-

-5.102362204724409 430.86614173228344 43.08661417322835 14.173228346456693 ique,
23.811023622047244 430.86614173228344 33.44881889763779 14.173228346456693 ses
42.803149606299215 430.86614173228344 57.54330708661417 14.173228346456693 textures
85.88976377952756 430.86614173228344 67.18110236220473 14.173228346456693 surgissent
138.61417322834646 430.86614173228344 28.62992125984252 14.173228346456693 du
153.0708661417323 430.86614173228344 52.724409448818896 14.173228346456693 travail
191.33858267716536 430.86614173228344 28.62992125984252 14.173228346456693 de
205.79527559055117 430.86614173228344 28.62992125984252 14.173228346456693 la
215.43307086614172 430.86614173228344 33.44881889763779 14.173228346456693 pâte,

-6.803149606299213 440.503937007874 47.90551181102362 16.440944881889763 elles
25.228346456692915 440.503937007874 32.031496062992126 16.440944881889763 ne
41.38582677165354 440.503937007874 42.803149606299215 16.440944881889763 sont
68.03149606299213 440.503937007874 37.41732283464567 16.440944881889763 pas
94.67716535433071 440.503937007874 74.83464566929133 16.440944881889763 fabriquées
158.74015748031496 440.503937007874 32.031496062992126 16.440944881889763 et
174.61417322834646 440.503937007874 37.41732283464567 16.440944881889763 ses
190.77165354330708 440.503937007874 58.67716535433071 16.440944881889763 harmonies

-6.519685039370079 452.12598425196853 35.71653543307087 16.15748031496063 ont
13.88976377952756 452.12598425196853 45.92125984251968 16.15748031496063 d’une
44.503937007874015 452.12598425196853 71.43307086614173 16.15748031496063 singulière
100.62992125984252 452.12598425196853 81.63779527559055 16.15748031496063 délicatesse,
167.24409448818898 452.12598425196853 40.818897637795274 16.15748031496063 sans
192.75590551181102 452.12598425196853 56.125984251968504 16.15748031496063 manquer
228.4724409448819 452.12598425196853 20.409448818897637 16.15748031496063 de

-11.338582677165354 461.4803149606299 34.01574803149607 12.755905511811024 orce.

7.937007874015748 475.37007874015745 40.818897637795274 14.740157480314961 C’est
35.1496062992126 475.37007874015745 27.212598425196852 14.740157480314961 un
48.75590551181102 475.37007874015745 49.889763779527556 14.740157480314961 peintre
85.03937007874016 475.37007874015745 36.28346456692913 14.740157480314961 très
107.71653543307086 475.37007874015745 81.63779527559055 14.740157480314961 sud-américain.
175.46456692913387 475.37007874015745 27.212598425196852 14.740157480314961 Il
189.0708661417323 475.37007874015745 31.748031496062993 14.740157480314961 est
207.21259842519686 475.37007874015745 27.212598425196852 14.740157480314961 en
216.28346456692913 475.37007874015745 31.748031496062993 14.740157480314961 outre

-6.519685039370079 488.40944881889766 68.31496062992126 11.622047244094489 zéramiste,
47.05511811023622 488.40944881889766 63.496062992125985 11.622047244094489 véritable
100.91338582677166 488.40944881889766 58.67716535433071 11.622047244094489 alfarero
144.8503937007874 488.40944881889766 39.118110236220474 11.622047244094489 dans
169.22834645669292 488.40944881889766 29.19685039370079 11.622047244094489 la
183.96850393700788 488.40944881889766 63.496062992125985 11.622047244094489 tradition
227.90551181102362 488.40944881889766 19.559055118110237 11.622047244094489 de

-4.535433070866142 498.3307086614173 48.47244094488189 14.173228346456693 ancien
29.480314960629922 498.3307086614173 48.47244094488189 14.173228346456693 Pérou.
63.21259842519685 498.3307086614173 29.19685039370079 14.173228346456693 De
77.95275590551181 498.3307086614173 29.19685039370079 14.173228346456693 là
92.40944881889764 498.3307086614173 34.01574803149607 14.173228346456693 ses
111.68503937007874 498.3307086614173 77.66929133858268 14.173228346456693 abstractions
174.89763779527559 498.3307086614173 29.19685039370079 14.173228346456693 de
189.35433070866142 498.3307086614173 53.29133858267716 14.173228346456693 figures
223.37007874015748 498.3307086614173 24.094488188976378 14.173228346456693 qui

-5.952755905511811 508.53543307086613 34.86614173228347 14.173228346456693 ont
14.173228346456693 508.53543307086613 64.62992125984252 14.173228346456693 stylisées
63.77952755905512 508.53543307086613 39.68503937007874 14.173228346456693 dans
88.44094488188976 508.53543307086613 29.763779527559056 14.173228346456693 un
103.46456692913385 508.53543307086613 49.60629921259842 14.173228346456693 esprit
138.04724409448818 508.53543307086613 59.52755905511811 14.173228346456693 évoquant
182.83464566929135 508.53543307086613 34.86614173228347 14.173228346456693 les
197.5748031496063 508.53543307086613 49.60629921259842 14.173228346456693 périodes

-6.2362204724409445 518.4566929133858 62.07874015748032 11.905511811023622 ncasiques
41.38582677165354 518.4566929133858 28.62992125984252 11.905511811023622 et
55.84251968503937 518.4566929133858 90.70866141732283 11.905511811023622 pré-incasiques.
132.09448818897638 518.4566929133858 33.44881889763779 11.905511811023622 Ses
151.08661417322836 518.4566929133858 47.62204724409449 11.905511811023622 formes
184.53543307086613 518.4566929133858 52.44094488188976 11.905511811023622 striées
217.98425196850394 518.4566929133858 28.62992125984252 11.905511811023622 rap-

-5.669291338582677 530.9291338582677 43.37007874015748 13.32283464566929 ellent
24.661417322834644 530.9291338582677 30.330708661417322 13.32283464566929 les
41.95275590551181 530.9291338582677 47.90551181102362 13.32283464566929 étoffes
76.81889763779527 530.9291338582677 26.078740157480315 13.32283464566929 de
89.85826771653544 530.9291338582677 52.15748031496063 13.32283464566929 l’ancien
128.9763779527559 530.9291338582677 39.118110236220474 13.32283464566929 Pérou
155.0551181102362 530.9291338582677 26.078740157480315 13.32283464566929 et
168.09448818897638 530.9291338582677 26.078740157480315 13.32283464566929 il
181.13385826771653 530.9291338582677 30.330708661417322 13.32283464566929 les
198.4251968503937 530.9291338582677 52.15748031496063 13.32283464566929 retrouve-

-4.818897637795276 541.4173228346457 22.96062992125984 13.039370078740157 e
4.251968503937008 541.4173228346457 32.031496062992126 13.039370078740157 qui
22.677165354330707 541.4173228346457 32.031496062992126 13.039370078740157 est
40.818897637795274 541.4173228346457 27.496062992125985 13.039370078740157 le
54.425196850393704 541.4173228346457 36.56692913385827 13.039370078740157 plus
77.38582677165354 541.4173228346457 64.06299212598425 13.039370078740157 difficile-
127.55905511811024 541.4173228346457 41.10236220472441 13.039370078740157 d’une
155.0551181102362 541.4173228346457 41.10236220472441 13.039370078740157 façon
177.73228346456693 541.4173228346457 68.5984251968504 13.039370078740157 inconsciente,

-6.2362204724409445 551.0551181102362 33.732283464566926 11.622047244094489 ans
13.039370078740157 551.0551181102362 48.188976377952756 11.622047244094489 perdre
46.77165354330709 551.0551181102362 28.913385826771652 11.622047244094489 en
61.22834645669291 551.0551181102362 38.55118110236221 11.622047244094489 rien
85.32283464566929 551.0551181102362 33.732283464566926 11.622047244094489 son
104.5984251968504 551.0551181102362 72.28346456692914 11.622047244094489 raffinement
157.3228346456693 551.0551181102362 62.645669291338585 11.622047244094489 occidental.

0.8503937007874016 560.9763779527559 35.1496062992126 18.992125984251967 Ces
20.976377952755904 560.9763779527559 39.968503937007874 18.992125984251967 deux
45.92125984251968 560.9763779527559 50.173228346456696 18.992125984251967 jeunes
81.07086614173228 560.9763779527559 60.09448818897638 18.992125984251967 artistes
126.14173228346456 560.9763779527559 54.99212598425197 18.992125984251967 parlent
166.11023622047244 560.9763779527559 39.968503937007874 18.992125984251967 donc
191.33858267716536 560.9763779527559 30.04724409448819 18.992125984251967 la
201.25984251968504 560.9763779527559 45.07086614173228 18.992125984251967 langage

-5.669291338582677 573.4488188976378 78.80314960629921 18.708661417322833 ’aujourd’hui
58.110236220472444 573.4488188976378 39.40157480314961 18.708661417322833 avec
82.77165354330708 573.4488188976378 29.480314960629922 18.708661417322833 un
97.79527559055119 573.4488188976378 64.06299212598425 18.708661417322833 véritable
146.83464566929135 573.4488188976378 49.32283464566929 18.708661417322833 accent
176.5984251968504 573.4488188976378 59.24409448818898 18.708661417322833 américain.

182.83464566929135 598.6771653543307 43.08661417322835 16.724409448818896 Jorge
206.64566929133858 598.6771653543307 38.267716535433074 16.724409448818896 Elliot

222.8031496062992 618.5196850393701 20.409448818897637 12.188976377952756 41
