287.1496062992126 672.6614173228346
88.15748031496064 13.32283464566929 174.04724409448818 23.811023622047244 GRANDE

7.3700787401574805 45.354330708661415 61.22834645669291 29.19685039370079 considéré
54.70866141732284 45.354330708661415 42.51968503937008 29.19685039370079 comme
83.05511811023622 45.354330708661415 66.04724409448819 29.19685039370079 partageant
134.9291338582677 45.354330708661415 61.22834645669291 29.19685039370079 certaines
181.98425196850394 45.354330708661415 70.86614173228347 29.19685039370079 intentions,
233.85826771653544 45.354330708661415 18.992125984251967 29.19685039370079 et

7.653543307086614 61.22834645669291 51.59055118110236 24.944881889763778 partant,
46.20472440944882 61.22834645669291 25.79527559055118 24.944881889763778 un
59.24409448818898 61.22834645669291 47.338582677165356 24.944881889763778 certain
93.54330708661418 61.22834645669291 38.55118110236221 24.944881889763778 genre
119.33858267716535 61.22834645669291 64.34645669291339 24.944881889763778 d’imagerie,
170.9291338582677 61.22834645669291 34.2992125984252 24.944881889763778 avec
192.4724409448819 61.22834645669291 30.04724409448819 24.944881889763778 les
205.22834645669292 61.22834645669291 47.338582677165356 24.944881889763778 peintures

7.086614173228346 71.71653543307086 28.346456692913385 23.52755905511811 de
21.25984251968504 71.71653543307086 37.7007874015748 23.52755905511811 Paul
44.78740157480315 71.71653543307086 51.874015748031496 23.52755905511811 Huxley.
82.48818897637796 71.71653543307086 32.881889763779526 23.52755905511811 Une
101.48031496062993 71.71653543307086 66.04724409448819 23.52755905511811 transition
153.35433070866142 71.71653543307086 56.69291338582677 23.52755905511811 physique
195.59055118110237 71.71653543307086 37.7007874015748 23.52755905511811 d’un
219.4015748031496 71.71653543307086 37.7007874015748 23.52755905511811 état
238.11023622047244 71.71653543307086 14.173228346456693 23.52755905511811 à

7.937007874015748 82.48818897637796 28.346456692913385 23.811023622047244 un
22.11023622047244 82.48818897637796 47.05511811023622 23.811023622047244 autre,
55.275590551181104 82.48818897637796 28.346456692913385 23.811023622047244 ou
69.44881889763779 82.48818897637796 37.7007874015748 23.811023622047244 bien
92.97637795275591 82.48818897637796 75.4015748031496 23.811023622047244 l’expression
154.20472440944883 82.48818897637796 61.22834645669291 23.811023622047244 d’aspects
201.25984251968504 82.48818897637796 51.874015748031496 23.811023622047244 formels
234.14173228346456 82.48818897637796 18.992125984251967 23.811023622047244 ou

7.937007874015748 93.25984251968504 83.62204724409449 24.094488188976378 d’associations
77.66929133858268 93.25984251968504 60.37795275590551 24.094488188976378 ambiguës,
124.15748031496064 93.25984251968504 27.77952755905512 24.094488188976378 ou
138.04724409448818 93.25984251968504 60.37795275590551 24.094488188976378 peut-être
184.53543307086613 93.25984251968504 69.73228346456693 24.094488188976378 illusoires,
235.55905511811022 93.25984251968504 18.708661417322833 24.094488188976378 se

6.803149606299213 105.44881889763779 58.960629921259844 23.52755905511811 trouve
48.188976377952756 105.44881889763779 47.05511811023622 23.52755905511811 dans
77.66929133858268 105.44881889763779 29.480314960629922 23.52755905511811 7
89.29133858267717 105.44881889763779 64.91338582677166 23.52755905511811 Pavanne
136.3464566929134 105.44881889763779 35.43307086614173 23.52755905511811 de
154.20472440944883 105.44881889763779 41.10236220472441 23.52755905511811 Tim
177.73228346456693 105.44881889763779 53.00787401574803 23.52755905511811 Scott
213.16535433070865 105.44881889763779 35.43307086614173 23.52755905511811 et
230.74015748031496 105.44881889763779 23.52755905511811 23.52755905511811 La

7.653543307086614 113.66929133858268 51.30708661417323 24.37795275590551 scène?
43.653543307086615 113.66929133858268 30.89763779527559 24.37795275590551 de
58.960629921259844 113.66929133858268 56.40944881889764 24.37795275590551 Derrick
100.06299212598425 113.66929133858268 61.511811023622045 24.37795275590551 Woodham-
146.26771653543307 113.66929133858268 51.30708661417323 24.37795275590551 tandis
182.26771653543307 113.66929133858268 36.0 24.37795275590551 que
202.6771653543307 113.66929133858268 25.79527559055118 24.37795275590551 7
212.88188976377953 113.66929133858268 46.20472440944882 24.37795275590551 Boîte
238.6771653543307 113.66929133858268 15.307086614173228 24.37795275590551 *

8.220472440944881 127.55905511811024 28.346456692913385 19.559055118110237 de
22.393700787401574 127.55905511811024 42.51968503937008 19.559055118110237 David
51.023622047244096 127.55905511811024 37.98425196850393 19.559055118110237 Hall
74.55118110236221 127.55905511811024 33.16535433070866 19.559055118110237 est
93.54330708661418 127.55905511811024 28.346456692913385 19.559055118110237 un
107.71653543307086 127.55905511811024 52.15748031496063 19.559055118110237 exemple
145.70078740157481 127.55905511811024 89.85826771653544 19.559055118110237 d’illusionnisme
221.38582677165354 127.55905511811024 33.16535433070866 19.559055118110237 (de
235.55905511811022 127.55905511811024 18.992125984251967 19.559055118110237 la

8.78740157480315 139.1811023622047 80.50393700787401 22.11023622047244 perspective).
75.11811023622047 139.1811023622047 47.338582677165356 22.11023622047244 Roland
108.28346456692914 139.1811023622047 42.51968503937008 22.11023622047244 Piche
136.62992125984252 139.1811023622047 52.15748031496063 22.11023622047244 formule
174.33070866141733 139.1811023622047 33.16535433070866 22.11023622047244 une
193.3228346456693 139.1811023622047 42.51968503937008 22.11023622047244 sorte
217.13385826771653 139.1811023622047 37.7007874015748 22.11023622047244 d’ima-

9.070866141732283 147.11811023622047 44.503937007874015 23.811023622047244 gerie
38.55118110236221 147.11811023622047 79.08661417322834 23.811023622047244 biomorphique
102.89763779527559 147.11811023622047 34.58267716535433 23.811023622047244 qui
122.74015748031496 147.11811023622047 34.58267716535433 23.811023622047244 non
142.58267716535434 147.11811023622047 64.34645669291339 23.811023622047244 seulement
191.90551181102362 147.11811023622047 49.32283464566929 23.811023622047244 relève
226.48818897637796 147.11811023622047 29.763779527559056 23.811023622047244 de
236.40944881889763 147.11811023622047 19.84251968503937 23.811023622047244 la

9.637795275590552 158.45669291338584 64.06299212598425 22.393700787401574 peinture,
58.960629921259844 158.45669291338584 39.40157480314961 22.393700787401574 mais
83.62204724409449 158.45669291338584 59.24409448818898 22.393700787401574 n’aurait
127.84251968503936 158.45669291338584 44.503937007874015 22.393700787401574 guère
157.60629921259843 158.45669291338584 29.480314960629922 22.393700787401574 pu
172.3464566929134 158.45669291338584 39.40157480314961 22.393700787401574 être
197.00787401574803 158.45669291338584 49.32283464566929 22.393700787401574 conçue
226.77165354330708 158.45669291338584 29.480314960629922 22.393700787401574 sans

10.204724409448819 169.22834645669292 54.99212598425197 22.677165354330707 l’emploi
51.30708661417323 169.22834645669292 32.031496062992126 22.677165354330707 des
69.73228346456693 169.22834645669292 59.52755905511811 22.677165354330707 matériaux
115.37007874015748 169.22834645669292 73.13385826771653 22.677165354330707 synthétiques
174.89763779527559 169.22834645669292 27.496062992125985 22.677165354330707 et
188.50393700787401 169.22834645669292 27.496062992125985 22.677165354330707 de
202.11023622047244 169.22834645669292 27.496062992125985 22.677165354330707 la
211.46456692913387 169.22834645669292 45.63779527559055 22.677165354330707 couleur.

19.84251968503937 184.251968503937 57.25984251968504 20.409448818897637 Beaucoup
62.645669291338585 184.251968503937 33.44881889763779 20.409448818897637 des
81.92125984251969 184.251968503937 37.98425196850393 20.409448818897637 plus
105.73228346456693 184.251968503937 47.62204724409449 20.409448818897637 jeunes
138.89763779527559 184.251968503937 57.25984251968504 20.409448818897637 artistes
181.70078740157481 184.251968503937 76.25196850393701 20.409448818897637 britanniques
238.96062992125985 184.251968503937 18.992125984251967 20.409448818897637 se

9.637795275590552 194.74015748031496 39.118110236220474 22.393700787401574 sont
34.01574803149607 194.74015748031496 53.574803149606296 22.393700787401574 tournés
73.13385826771653 194.74015748031496 63.496062992125985 22.393700787401574 récemment
121.88976377952756 194.74015748031496 29.19685039370079 22.393700787401574 de
136.62992125984252 194.74015748031496 39.118110236220474 22.393700787401574 plus
161.00787401574803 194.74015748031496 29.19685039370079 22.393700787401574 en
175.46456692913387 194.74015748031496 39.118110236220474 22.393700787401574 plus
195.0236220472441 194.74015748031496 63.496062992125985 22.393700787401574 fréquemment

10.488188976377952 204.66141732283464 26.64566929133858 22.11023622047244 et
23.811023622047244 204.66141732283464 35.43307086614173 22.11023622047244 avec
45.92125984251968 204.66141732283464 26.64566929133858 22.11023622047244 de
59.24409448818898 204.66141732283464 35.43307086614173 22.11023622047244 plus
81.63779527559055 204.66141732283464 26.64566929133858 22.11023622047244 en
94.67716535433071 204.66141732283464 35.43307086614173 22.11023622047244 plus
117.07086614173228 204.66141732283464 26.64566929133858 22.11023622047244 de
130.39370078740157 204.66141732283464 48.75590551181102 22.11023622047244 plaisir
165.82677165354332 204.66141732283464 35.43307086614173 22.11023622047244 vers
187.93700787401573 204.66141732283464 26.64566929133858 22.11023622047244 la
196.7244094488189 204.66141732283464 62.07874015748032 22.11023622047244 lithographie

10.204724409448819 216.56692913385828 29.19685039370079 19.275590551181104 en
24.661417322834644 216.56692913385828 63.21259842519685 19.275590551181104 couleurs,
73.41732283464567 216.56692913385828 29.19685039370079 19.275590551181104 et
87.8740157480315 216.56692913385828 29.19685039370079 19.275590551181104 la
102.61417322834646 216.56692913385828 53.574803149606296 19.275590551181104 section
141.4488188976378 216.56692913385828 34.01574803149607 19.275590551181104 des
161.00787401574803 216.56692913385828 38.83464566929134 19.275590551181104 arts
185.38582677165354 216.56692913385828 68.03149606299213 19.275590551181104 graphiques
233.85826771653544 216.56692913385828 24.37795275590551 19.275590551181104 té-

9.921259842519685 229.88976377952756 51.023622047244096 17.858267716535433 moigne
45.63779527559055 229.88976377952756 30.614173228346456 17.858267716535433 de
60.94488188976378 229.88976377952756 76.53543307086615 17.858267716535433 l’assurance
122.1732283464567 229.88976377952756 66.33070866141732 17.858267716535433 technique
173.1968503937008 229.88976377952756 61.22834645669291 17.858267716535433 déployée
219.11811023622047 229.88976377952756 35.71653543307087 17.858267716535433 par
234.4251968503937 229.88976377952756 25.511811023622048 17.858267716535433 des

11.05511811023622 238.11023622047244 54.425196850393704 19.559055118110237 artistes
51.874015748031496 238.11023622047244 36.28346456692913 19.559055118110237 dont
74.55118110236221 238.11023622047244 27.212598425196852 19.559055118110237 la
88.15748031496064 238.11023622047244 49.889763779527556 19.559055118110237 plupart
124.44094488188976 238.11023622047244 49.889763779527556 19.559055118110237 avaient
160.44094488188978 238.11023622047244 45.354330708661415 19.559055118110237 exposé
192.18897637795277 238.11023622047244 40.818897637795274 19.559055118110237 comme
214.86614173228347 238.11023622047244 45.354330708661415 19.559055118110237 peintres

10.204724409448819 252.0 38.267716535433074 17.007874015748033 dans
34.01574803149607 252.0 33.44881889763779 17.007874015748033 les
53.29133858267716 252.0 38.267716535433074 17.007874015748033 deux
77.10236220472441 252.0 62.07874015748032 17.007874015748033 biennales
119.90551181102362 252.0 66.89763779527559 17.007874015748033 précédentes.

166.96062992125985 269.8582677165354 53.00787401574803 17.5748031496063 David
196.44094488188978 269.8582677165354 64.62992125984252 17.5748031496063 Thompson.

89.29133858267717 352.62992125984255 63.77952755905512 19.559055118110237 PEINTURE
137.1968503937008 352.62992125984255 31.748031496062993 19.559055118110237 ET
147.68503937007873 352.62992125984255 42.51968503937008 19.559055118110237 DESSIN

25.511811023622048 375.0236220472441 59.811023622047244 15.023622047244094 Patrick
72.56692913385827 375.0236220472441 77.10236220472441 15.023622047244094 CAULFIELD
136.62992125984252 375.0236220472441 25.79527559055118 15.023622047244094 né
149.66929133858267 375.0236220472441 25.79527559055118 15.023622047244094 en
162.4251968503937 375.0236220472441 34.2992125984252 15.023622047244094 1936
183.68503937007873 375.0236220472441 21.25984251968504 15.023622047244094 à
192.18897637795277 375.0236220472441 47.05511811023622 15.023622047244094 Londres
222.23622047244095 375.0236220472441 42.803149606299215 15.023622047244094 (Grande

22.393700787401574 388.34645669291336 49.60629921259842 13.039370078740157 Bretagne).

17.291338582677167 389.4803149606299 47.338582677165356 17.5748031496063 1
52.724409448818896 389.4803149606299 27.77952755905512 17.5748031496063 Vue
68.5984251968504 389.4803149606299 23.811023622047244 17.5748031496063 de
80.50393700787401 389.4803149606299 23.811023622047244 17.5748031496063 la
92.40944881889764 389.4803149606299 35.43307086614173 17.5748031496063 baie,
115.93700787401575 389.4803149606299 31.46456692913386 17.5748031496063 1964
135.7795275590551 389.4803149606299 39.40157480314961 17.5748031496063 (huile
163.55905511811022 389.4803149606299 27.77952755905512 17.5748031496063 sur
179.1496062992126 389.4803149606299 51.30708661417323 17.5748031496063 masonite,
218.83464566929135 389.4803149606299 27.77952755905512 17.5748031496063 122
234.70866141732284 389.4803149606299 19.84251968503937 17.5748031496063 x
238.39370078740157 389.4803149606299 27.77952755905512 17.5748031496063 183).

26.362204724409448 403.37007874015745 59.24409448818898 13.606299212598426 Collection
72.85039370078741 403.37007874015745 50.74015748031496 13.606299212598426 Calouste
110.83464566929133 403.37007874015745 59.24409448818898 13.606299212598426 Gulbenkian
157.3228346456693 403.37007874015745 63.496062992125985 13.606299212598426 Foundation,
203.81102362204723 403.37007874015745 42.23622047244095 13.606299212598426 Londres.

17.5748031496063 412.4409448818898 46.77165354330709 15.307086614173228 2
52.724409448818896 412.4409448818898 27.212598425196852 15.307086614173228 Vue
68.31496062992126 412.4409448818898 27.212598425196852 15.307086614173228 des
83.90551181102362 412.4409448818898 54.425196850393704 15.307086614173228 cheminées,
126.70866141732283 412.4409448818898 31.181102362204726 15.307086614173228 1964
145.98425196850394 412.4409448818898 42.803149606299215 15.307086614173228 (huile,
177.16535433070865 412.4409448818898 27.212598425196852 15.307086614173228 122
192.75590551181102 412.4409448818898 19.559055118110237 15.307086614173228 x
200.69291338582678 412.4409448818898 35.1496062992126 15.307086614173228 244).
219.96850393700788 412.4409448818898 46.77165354330709 15.307086614173228 Collection

26.64566929133858 424.9133858267717 37.41732283464567 13.606299212598426 Peter
51.874015748031496 424.9133858267717 58.39370078740158 13.606299212598426 Stuyvesant
97.51181102362204 424.9133858267717 62.645669291338585 13.606299212598426 Foundation,
143.43307086614172 424.9133858267717 45.92125984251968 13.606299212598426 Londres.»

25.511811023622048 435.9685039370079 65.76377952755905 17.291338582677167 Antony
75.96850393700787 435.9685039370079 90.99212598425197 17.291338582677167 DONALDSON
151.93700787401573 435.9685039370079 30.330708661417322 17.291338582677167 né
166.96062992125985 435.9685039370079 30.330708661417322 17.291338582677167 en
182.26771653543307 435.9685039370079 40.53543307086614 17.291338582677167 1939
207.49606299212599 435.9685039370079 25.228346456692915 17.291338582677167 à
212.5984251968504 435.9685039370079 55.55905511811024 17.291338582677167 Godalming

23.52755905511811 451.5590551181102 86.74015748031496 11.622047244094489 (Grande

17.858267716535433 454.3937007874016 48.47244094488189 17.5748031496063 3
54.14173228346457 454.3937007874016 20.125984251968504 17.5748031496063 «
62.36220472440945 454.3937007874016 24.37795275590551 17.5748031496063 it
74.55118110236221 454.3937007874016 32.31496062992126 17.5748031496063 wont
94.67716535433071 454.3937007874016 24.37795275590551 17.5748031496063 be
106.86614173228347 454.3937007874016 32.31496062992126 17.5748031496063 long
126.99212598425197 454.3937007874016 32.31496062992126 17.5748031496063 now,
147.4015748031496 454.3937007874016 32.31496062992126 17.5748031496063 1964
167.5275590551181 454.3937007874016 44.503937007874015 17.5748031496063 (huile,
199.84251968503938 454.3937007874016 28.346456692913385 17.5748031496063 167
216.0 454.3937007874016 20.125984251968504 17.5748031496063 x
224.2204724409449 454.3937007874016 36.56692913385827 17.5748031496063 167).
244.3464566929134 454.3937007874016 24.37795275590551 17.5748031496063 Col-

26.64566929133858 469.13385826771656 42.803149606299215 13.606299212598426 lection
57.826771653543304 469.13385826771656 42.803149606299215 13.606299212598426 privée,
85.03937007874016 469.13385826771656 42.803149606299215 13.606299212598426 Londres.»

18.708661417322833 477.6377952755906 47.62204724409449 13.039370078740157 4
54.425196850393704 477.6377952755906 19.84251968503937 13.039370078740157 «
62.36220472440945 477.6377952755906 55.55905511811024 13.039370078740157 Summershot
106.2992125984252 477.6377952755906 23.811023622047244 13.039370078740157 ’,
118.20472440944881 477.6377952755906 31.748031496062993 13.039370078740157 1964
138.04724409448818 477.6377952755906 51.59055118110236 13.039370078740157 (peinture
177.73228346456693 477.6377952755906 55.55905511811024 13.039370078740157 acrylique,
221.66929133858267 477.6377952755906 27.77952755905512 13.039370078740157 172
237.54330708661416 477.6377952755906 19.84251968503937 13.039370078740157 x
241.51181102362204 477.6377952755906 27.77952755905512 13.039370078740157 172).

27.77952755905512 486.99212598425197 59.811023622047244 13.88976377952756 Collection
74.83464566929133 486.99212598425197 51.30708661417323 13.88976377952756 Calouste
113.10236220472441 486.99212598425197 59.811023622047244 13.88976377952756 Gulbenkian
160.15748031496062 486.99212598425197 64.06299212598425 13.88976377952756 Foundation,
206.9291338582677 486.99212598425197 42.803149606299215 13.88976377952756 Londres.

18.4251968503937 494.0787401574803 50.173228346456696 14.740157480314961 5
60.37795275590551 494.0787401574803 45.92125984251968 14.740157480314961 Nowhere
93.8267716535433 494.0787401574803 25.228346456692915 14.740157480314961 t0
106.2992125984252 494.0787401574803 33.44881889763779 14.740157480314961 hide
127.2755905511811 494.0787401574803 20.976377952755904 14.740157480314961 ,
135.7795275590551 494.0787401574803 33.44881889763779 14.740157480314961 1965
156.4724409448819 494.0787401574803 54.425196850393704 14.740157480314961 (peinture
198.4251968503937 494.0787401574803 58.67716535433071 14.740157480314961 acrylique,
244.3464566929134 494.0787401574803 29.19685039370079 14.740157480314961 172
257.1023622047244 494.0787401574803 12.472440944881889 14.740157480314961 x

28.346456692913385 507.40157480314963 37.7007874015748 15.307086614173228 172).
53.574803149606296 507.40157480314963 58.960629921259844 15.307086614173228 Collection
99.77952755905511 507.40157480314963 37.7007874015748 15.307086614173228 Rowan
125.00787401574803 507.40157480314963 50.45669291338583 15.307086614173228 Gallery,
158.74015748031496 507.40157480314963 41.95275590551181 15.307086614173228 Londres.

28.062992125984252 522.4251968503937 47.05511811023622 14.173228346456693 John
62.07874015748032 522.4251968503937 68.31496062992126 14.173228346456693 HOYLAND
117.63779527559055 522.4251968503937 25.511811023622048 14.173228346456693 né
130.39370078740157 522.4251968503937 25.511811023622048 14.173228346456693 en
143.1496062992126 522.4251968503937 34.01574803149607 14.173228346456693 1934
164.69291338582678 522.4251968503937 21.25984251968504 14.173228346456693 à
173.1968503937008 522.4251968503937 55.55905511811024 14.173228346456693 Sheffield
211.46456692913387 522.4251968503937 59.811023622047244 14.173228346456693 (Grande

23.811023622047244 534.0472440944882 38.55118110236221 11.338582677165354 tagne).

20.125984251968504 538.2992125984252 44.22047244094488 13.039370078740157 6
53.29133858267716 538.2992125984252 44.22047244094488 13.039370078740157 17-5-64,
86.45669291338582 538.2992125984252 29.480314960629922 13.039370078740157 1964
104.88188976377953 538.2992125984252 40.53543307086614 13.039370078740157 (résine
134.64566929133858 538.2992125984252 51.59055118110236 13.039370078740157 acrylique,
175.1811023622047 538.2992125984252 25.79527559055118 13.039370078740157 213
189.92125984251967 538.2992125984252 18.4251968503937 13.039370078740157 x
193.60629921259843 538.2992125984252 25.79527559055118 13.039370078740157 274).

19.84251968503937 548.7874015748032 45.07086614173228 17.291338582677167 7
53.574803149606296 548.7874015748032 49.039370078740156 17.291338582677167 20-12-64,
91.2755905511811 548.7874015748032 30.04724409448819 17.291338582677167 1964
109.98425196850394 548.7874015748032 41.38582677165354 17.291338582677167 (résine
140.31496062992127 548.7874015748032 52.724409448818896 17.291338582677167 acrylique,
181.70078740157481 548.7874015748032 26.362204724409448 17.291338582677167 203
196.7244094488189 548.7874015748032 18.708661417322833 17.291338582677167 x
200.40944881889763 548.7874015748032 26.362204724409448 17.291338582677167 279).

29.480314960629922 565.7952755905512 36.8503937007874 12.472440944881889 Paul
52.44094488188976 565.7952755905512 50.74015748031496 12.472440944881889 HUXLEY,
89.29133858267717 565.7952755905512 27.77952755905512 12.472440944881889 né
103.18110236220473 565.7952755905512 27.77952755905512 12.472440944881889 en
117.07086614173228 565.7952755905512 36.8503937007874 12.472440944881889 1938
140.31496062992127 565.7952755905512 22.96062992125984 12.472440944881889 à
149.38582677165354 565.7952755905512 50.74015748031496 12.472440944881889 Londres
181.70078740157481 565.7952755905512 92.40944881889764 12.472440944881889 (Grande

20.125984251968504 573.4488188976378 46.77165354330709 15.590551181102363 8
55.275590551181104 573.4488188976378 39.118110236220474 15.590551181102363 Numéro
82.48818897637796 573.4488188976378 27.212598425196852 15.590551181102363 36,
98.07874015748031 573.4488188976378 31.181102362204726 15.590551181102363 1964
117.63779527559055 573.4488188976378 42.803149606299215 15.590551181102363 (huile,
148.8188976377953 573.4488188976378 27.212598425196852 15.590551181102363 172
164.40944881889763 573.4488188976378 19.559055118110237 15.590551181102363 x
172.3464566929134 573.4488188976378 35.1496062992126 15.590551181102363 172).
195.59055118110237 573.4488188976378 54.70866141732284 15.590551181102363 Collection
234.70866141732284 573.4488188976378 39.118110236220474 15.590551181102363 Calouste

29.480314960629922 585.6377952755905 60.94488188976378 11.05511811023622 Gulbenkian
77.10236220472441 585.6377952755905 65.19685039370079 11.05511811023622 Foundation,
125.00787401574803 585.6377952755905 43.37007874015748 11.05511811023622 Londres.

20.69291338582677 588.4724409448819 45.354330708661415 18.141732283464567 9
54.70866141732284 588.4724409448819 37.7007874015748 18.141732283464567 Numéro
81.07086614173228 588.4724409448819 26.362204724409448 18.141732283464567 32,
96.09448818897638 588.4724409448819 30.330708661417322 18.141732283464567 1965
115.08661417322834 588.4724409448819 41.669291338582674 18.141732283464567 (résine
145.41732283464566 588.4724409448819 53.00787401574803 18.141732283464567 acrylique,
186.8031496062992 588.4724409448819 26.362204724409448 18.141732283464567 172
202.11023622047244 588.4724409448819 18.992125984251967 18.141732283464567 x
209.48031496062993 588.4724409448819 34.01574803149607 18.141732283464567 172).
228.4724409448819 588.4724409448819 45.354330708661415 18.141732283464567 Collection

29.763779527559056 604.6299212598425 31.748031496062993 12.188976377952756 Arts
49.60629921259842 604.6299212598425 43.653543307086615 12.188976377952756 Council
81.35433070866142 604.6299212598425 23.811023622047244 12.188976377952756 of
93.25984251968504 604.6299212598425 35.71653543307087 12.188976377952756 Great
113.10236220472441 604.6299212598425 43.653543307086615 12.188976377952756 Britain.»

16.440944881889763 609.7322834645669 49.32283464566929 16.15748031496063 10
54.425196850393704 609.7322834645669 37.98425196850393 16.15748031496063 Numéro
80.78740157480316 609.7322834645669 26.64566929133858 16.15748031496063 44,
96.09448818897638 609.7322834645669 30.330708661417322 16.15748031496063 1965
115.08661417322834 609.7322834645669 41.669291338582674 16.15748031496063 (résine
145.41732283464566 609.7322834645669 53.29133858267716 16.15748031496063 acrylique,
187.37007874015748 609.7322834645669 26.64566929133858 16.15748031496063 203
202.39370078740157 609.7322834645669 18.992125984251967 16.15748031496063 x
210.04724409448818 609.7322834645669 34.2992125984252 16.15748031496063 203).
229.03937007874015 609.7322834645669 45.63779527559055 16.15748031496063 Collection

30.614173228346456 624.4724409448819 39.40157480314961 11.905511811023622 Rowan
56.69291338582677 624.4724409448819 52.44094488188976 11.905511811023622 Gallery,
91.84251968503936 624.4724409448819 43.653543307086615 11.905511811023622 Londres.

252.28346456692913 633.2598425196851 22.677165354330707 12.188976377952756 57
