287.1496062992126 672.6614173228346
176.88188976377953 21.25984251968504 100.34645669291339 18.4251968503937 ESPAGNE

30.330708661417322 111.4015748031496 72.28346456692914 18.141732283464567 Commissaire
88.15748031496064 111.4015748031496 53.00787401574803 18.141732283464567 général
126.70866141732283 111.4015748031496 24.094488188976378 18.141732283464567 :
136.3464566929134 111.4015748031496 48.188976377952756 18.141732283464567 Xavier
165.25984251968504 111.4015748031496 48.188976377952756 18.141732283464567 Carvajal

26.362204724409448 129.82677165354332 51.30708661417323 12.755905511811024 Architecte.

17.291338582677167 165.25984251968504 30.89763779527559 17.291338582677167 La
32.59842519685039 165.25984251968504 72.28346456692914 17.291338582677167 débordante
89.5748031496063 165.25984251968504 62.07874015748032 17.291338582677167 activité
136.06299212598427 165.25984251968504 67.18110236220473 17.291338582677167 créatrice
187.6535433070866 165.25984251968504 30.89763779527559 17.291338582677167 de
203.24409448818898 165.25984251968504 36.28346456692913 17.291338582677167 nos
218.5511811023622 165.25984251968504 41.38582677165354 17.291338582677167 jeunes

6.519685039370079 176.03149606299212 63.496062992125985 19.559055118110237 artistes,
55.275590551181104 176.03149606299212 34.01574803149607 19.559055118110237 aux
74.83464566929133 176.03149606299212 63.496062992125985 19.559055118110237 multiples
123.59055118110236 176.03149606299212 63.496062992125985 19.559055118110237 tendances
172.06299212598427 176.03149606299212 29.19685039370079 19.559055118110237 et
186.8031496062992 176.03149606299212 34.01574803149607 19.559055118110237 aux
201.54330708661416 176.03149606299212 58.39370078740158 19.559055118110237 précieuses

7.086614173228346 186.51968503937007 79.65354330708661 19.275590551181104 contributions
72.85039370078741 186.51968503937007 28.062992125984252 19.275590551181104 en
86.74015748031496 186.51968503937007 32.881889763779526 19.275590551181104 des
105.44881889763779 186.51968503937007 46.77165354330709 19.275590551181104 champs
138.33070866141733 186.51968503937007 37.41732283464567 19.275590551181104 bien
161.5748031496063 186.51968503937007 51.59055118110236 19.275590551181104 divers,
198.99212598425197 186.51968503937007 46.77165354330709 19.275590551181104 montre
227.0551181102362 186.51968503937007 32.881889763779526 19.275590551181104 clai-

7.653543307086614 200.40944881889763 46.77165354330709 16.440944881889763 rement
40.25196850393701 200.40944881889763 32.59842519685039 16.440944881889763 que
58.960629921259844 200.40944881889763 60.661417322834644 16.440944881889763 l’artiste
105.73228346456693 200.40944881889763 60.661417322834644 16.440944881889763 espagnol,
152.50393700787401 200.40944881889763 65.48031496062993 16.440944881889763 personnel,
203.81102362204723 200.40944881889763 46.77165354330709 16.440944881889763 libre,
231.8740157480315 200.40944881889763 28.062992125984252 16.440944881889763 ima-

7.086614173228346 212.31496062992127 53.29133858267716 14.456692913385826 ginatif,
47.05511811023622 212.31496062992127 48.75590551181102 14.456692913385826 apporte
82.48818897637796 212.31496062992127 22.11023622047244 14.456692913385826 à
91.55905511811024 212.31496062992127 26.64566929133858 14.456692913385826 la
104.88188976377953 212.31496062992127 39.968503937007874 14.456692913385826 tâche
131.24409448818898 212.31496062992127 44.22047244094488 14.456692913385826 totale
162.4251968503937 212.31496062992127 26.64566929133858 14.456692913385826 de
175.748031496063 212.31496062992127 26.64566929133858 14.456692913385826 la
189.0708661417323 212.31496062992127 53.29133858267716 14.456692913385826 création
224.50393700787401 212.31496062992127 35.43307086614173 14.456692913385826 artis-

7.086614173228346 219.96850393700788 41.669291338582674 17.858267716535433 tique
34.86614173228347 219.96850393700788 27.77952755905512 17.858267716535433 sa
48.75590551181102 219.96850393700788 46.20472440944882 17.858267716535433 propre
81.07086614173228 219.96850393700788 50.74015748031496 17.858267716535433 valeur,
117.92125984251969 219.96850393700788 32.31496062992126 17.858267716535433 son
136.62992125984252 219.96850393700788 46.20472440944882 17.858267716535433 propre
168.9448818897638 219.96850393700788 55.55905511811024 17.858267716535433 langage,
210.61417322834646 219.96850393700788 32.31496062992126 17.858267716535433 son
224.2204724409449 219.96850393700788 37.13385826771653 17.858267716535433 propre

7.3700787401574805 230.17322834645668 54.70866141732284 19.84251968503937 effort,
47.338582677165356 230.17322834645668 34.86614173228347 19.84251968503937 ses
67.18110236220473 230.17322834645668 54.70866141732284 19.84251968503937 risques
106.86614173228347 230.17322834645668 29.763779527559056 19.84251968503937 en
121.88976377952756 230.17322834645668 44.78740157480315 19.84251968503937 marge
151.6535433070866 230.17322834645668 29.763779527559056 19.84251968503937 de
166.6771653543307 230.17322834645668 39.68503937007874 19.84251968503937 tout
191.33858267716536 230.17322834645668 69.73228346456693 19.84251968503937 compromis,
241.22834645669292 230.17322834645668 19.84251968503937 19.84251968503937 sa

7.086614173228346 243.49606299212599 56.125984251968504 14.740157480314961 volonté
47.90551181102362 243.49606299212599 30.614173228346456 14.740157480314961 de
63.21259842519685 243.49606299212599 71.14960629921259 14.740157480314961 collaborer
119.05511811023622 243.49606299212599 25.511811023622048 14.740157480314961 à
129.25984251968504 243.49606299212599 30.614173228346456 14.740157480314961 la
144.56692913385828 243.49606299212599 66.04724409448819 14.740157480314961 recherche
195.59055118110237 243.49606299212599 30.614173228346456 14.740157480314961 de
205.51181102362204 243.49606299212599 56.125984251968504 14.740157480314961 nouvelles

7.086614173228346 252.56692913385828 79.37007874015748 16.724409448818896 expressions
70.58267716535433 252.56692913385828 42.23622047244095 16.724409448818896 pour
97.22834645669292 252.56692913385828 31.748031496062993 16.724409448818896 un
113.10236220472441 252.56692913385828 47.62204724409449 16.724409448818896 monde
144.8503937007874 252.56692913385828 31.748031496062993 16.724409448818896 en
160.7244094488189 252.56692913385828 63.496062992125985 16.724409448818896 constant
203.24409448818898 252.56692913385828 58.110236220472444 16.724409448818896 renouvel

2.8346456692913384 267.59055118110234 42.23622047244095 14.740157480314961 lement.

18.4251968503937 279.7795275590551 64.62992125984252 13.32283464566929 Conscient
68.31496062992126 279.7795275590551 29.763779527559056 13.32283464566929 de
83.33858267716535 279.7795275590551 44.78740157480315 13.32283464566929 cette
113.10236220472441 279.7795275590551 59.811023622047244 13.32283464566929 réalité,
157.88976377952756 279.7795275590551 39.968503937007874 13.32283464566929 nous
182.83464566929135 279.7795275590551 44.78740157480315 13.32283464566929 avons
212.5984251968504 279.7795275590551 44.78740157480315 13.32283464566929 voulu
237.54330708661416 279.7795275590551 24.944881889763778 13.32283464566929 que

8.503937007874017 287.7165354330709 27.77952755905512 18.141732283464567 la
22.393700787401574 287.7165354330709 78.51968503937007 18.141732283464567 participation
86.74015748031496 287.7165354330709 60.09448818897638 18.141732283464567 espagnole
132.9448818897638 287.7165354330709 46.20472440944882 18.141732283464567 laisse
165.25984251968504 287.7165354330709 27.77952755905512 18.141732283464567 de
179.1496062992126 287.7165354330709 36.8503937007874 18.141732283464567 côté
202.11023622047244 287.7165354330709 41.669291338582674 18.141732283464567 toute
225.35433070866142 287.7165354330709 36.8503937007874 18.141732283464567 repré-

7.653543307086614 298.7716535433071 63.77952755905512 15.307086614173228 sentation
56.69291338582677 298.7716535433071 29.480314960629922 15.307086614173228 de
71.43307086614173 298.7716535433071 49.039370078740156 15.307086614173228 groupe
105.73228346456693 298.7716535433071 29.480314960629922 15.307086614173228 ou
120.4724409448819 298.7716535433071 29.480314960629922 15.307086614173228 de
135.21259842519686 298.7716535433071 63.77952755905512 15.307086614173228 tendance,
184.251968503937 298.7716535433071 39.40157480314961 15.307086614173228 sans
203.81102362204723 298.7716535433071 58.960629921259844 15.307086614173228 prétendre,

7.937007874015748 312.66141732283467 54.14173228346457 14.456692913385826 d’autre
47.05511811023622 312.66141732283467 44.22047244094488 14.456692913385826 part,
76.53543307086615 312.66141732283467 49.039370078740156 14.456692913385826 donner
111.11811023622047 312.66141732283467 29.480314960629922 14.456692913385826 un
125.85826771653544 312.66141732283467 58.960629921259844 14.456692913385826 panorama
170.07874015748033 312.66141732283467 54.14173228346457 14.456692913385826 général
209.1968503937008 312.66141732283467 29.480314960629922 14.456692913385826 de
219.11811023622047 312.66141732283467 44.22047244094488 14.456692913385826 l’œuvre

7.653543307086614 320.88188976377955 70.86614173228347 16.15748031496063 artistique,
64.62992125984252 320.88188976377955 56.69291338582677 16.15748031496063 réalisée
107.14960629921259 320.88188976377955 33.16535433070866 16.15748031496063 ces
126.14173228346456 320.88188976377955 61.511811023622045 16.15748031496063 dernières
173.48031496062993 320.88188976377955 47.338582677165356 16.15748031496063 années
206.64566929133858 320.88188976377955 28.346456692913385 16.15748031496063 en
216.0 320.88188976377955 47.338582677165356 16.15748031496063 Espagne,

8.503937007874017 331.37007874015745 26.929133858267715 15.023622047244094 où
22.11023622047244 331.37007874015745 76.25196850393701 15.023622047244094 l’affirmation
84.75590551181102 331.37007874015745 26.929133858267715 15.023622047244094 de
98.07874015748031 331.37007874015745 49.32283464566929 15.023622047244094 valeurs
134.07874015748033 331.37007874015745 44.78740157480315 15.023622047244094 neuves
165.25984251968504 331.37007874015745 26.929133858267715 15.023622047244094 et
178.86614173228347 331.37007874015745 67.18110236220473 15.023622047244094 l’incessant
228.18897637795277 331.37007874015745 35.71653543307087 15.023622047244094 labeur

8.220472440944881 343.5590551181102 54.99212598425197 14.456692913385826 d’essai
48.47244094488189 343.5590551181102 35.1496062992126 14.456692913385826 qui
68.31496062992126 343.5590551181102 75.11811023622047 14.456692913385826 s’accomplit
128.40944881889763 343.5590551181102 54.99212598425197 14.456692913385826 rendent
168.3779527559055 343.5590551181102 30.04724409448819 14.456692913385826 la
183.4015748031496 343.5590551181102 60.09448818897638 14.456692913385826 synthèse
223.6535433070866 343.5590551181102 39.968503937007874 14.456692913385826 impos-

8.78740157480315 354.3307086614173 40.818897637795274 14.456692913385826 sible
36.0 354.3307086614173 36.28346456692913 14.456692913385826 dans
58.67716535433071 354.3307086614173 31.748031496062993 14.456692913385826 les
76.81889763779527 354.3307086614173 49.889763779527556 14.456692913385826 limites
112.81889763779527 354.3307086614173 40.818897637795274 14.456692913385826 d’une
135.49606299212599 354.3307086614173 58.960629921259844 14.456692913385826 exposition.

19.84251968503937 365.38582677165357 39.968503937007874 16.15748031496063 Nous
44.78740157480315 365.38582677165357 44.78740157480315 16.15748031496063 avons
74.83464566929133 365.38582677165357 74.83464566929133 16.15748031496063 sélectionné
134.64566929133858 365.38582677165357 30.04724409448819 16.15748031496063 un
149.66929133858267 365.38582677165357 49.889763779527556 16.15748031496063 nombre
184.53543307086613 365.38582677165357 49.889763779527556 16.15748031496063 réduit
214.29921259842519 365.38582677165357 49.889763779527556 16.15748031496063 d’artis-

8.78740157480315 378.4251968503937 37.41732283464567 16.440944881889763 tes,
32.031496062992126 378.4251968503937 32.59842519685039 16.440944881889763 aux
50.74015748031496 378.4251968503937 60.661417322834644 16.440944881889763 tendances
97.22834645669292 378.4251968503937 28.062992125984252 16.440944881889763 et
111.11811023622047 378.4251968503937 65.19685039370079 16.440944881889763 caractères
162.4251968503937 378.4251968503937 37.41732283464567 16.440944881889763 très
185.66929133858267 378.4251968503937 70.01574803149606 16.440944881889763 différents,
236.9763779527559 378.4251968503937 28.062992125984252 16.440944881889763 dans

8.78740157480315 392.0314960629921 57.54330708661417 11.05511811023622 chacune
50.45669291338583 392.0314960629921 36.56692913385827 11.05511811023622 des
71.43307086614173 392.0314960629921 62.92913385826772 11.05511811023622 sections
118.77165354330708 392.0314960629921 104.88188976377953 11.05511811023622 correspondantes.
207.7795275590551 392.0314960629921 41.95275590551181 11.05511811023622 Nous
228.75590551181102 392.0314960629921 36.56692913385827 11.05511811023622 avons

9.637795275590552 402.8031496062992 41.10236220472441 13.039370078740157 puisé
36.8503937007874 402.8031496062992 36.56692913385827 13.039370078740157 dans
59.811023622047244 402.8031496062992 27.496062992125985 13.039370078740157 la
73.41732283464567 402.8031496062992 41.10236220472441 13.039370078740157 riche
100.91338582677166 402.8031496062992 59.24409448818898 13.039370078740157 pépinière
146.5511811023622 402.8031496062992 32.031496062992126 13.039370078740157 des
164.69291338582678 402.8031496062992 45.63779527559055 13.039370078740157 jeunes
196.7244094488189 402.8031496062992 54.70866141732284 13.039370078740157 artistes
233.00787401574803 402.8031496062992 32.031496062992126 13.039370078740157 espa-

9.354330708661417 411.59055118110234 41.95275590551181 13.039370078740157 gnols
37.13385826771653 411.59055118110234 51.30708661417323 13.039370078740157 actuels
74.55118110236221 411.59055118110234 37.41732283464567 13.039370078740157 sans
97.79527559055119 411.59055118110234 32.59842519685039 13.039370078740157 que
116.50393700787401 411.59055118110234 28.062992125984252 13.039370078740157 ce
130.39370078740157 411.59055118110234 41.95275590551181 13.039370078740157 choix
158.45669291338584 411.59055118110234 32.59842519685039 13.039370078740157 ait
177.16535433070865 411.59055118110234 51.30708661417323 13.039370078740157 d’autre
214.29921259842519 411.59055118110234 32.59842519685039 13.039370078740157 but
233.00787401574803 411.59055118110234 32.59842519685039 13.039370078740157 que
246.89763779527559 411.59055118110234 18.708661417322833 13.039370078740157 de

9.637795275590552 422.3622047244094 33.16535433070866 13.039370078740157 les
28.62992125984252 422.3622047244094 42.803149606299215 13.039370078740157 faire
57.25984251968504 422.3622047244094 61.79527559055118 13.039370078740157 connaître
104.5984251968504 422.3622047244094 28.346456692913385 13.039370078740157 et
118.77165354330708 422.3622047244094 61.79527559055118 13.039370078740157 apprécier
166.39370078740157 422.3622047244094 23.811023622047244 13.039370078740157 à
175.748031496063 422.3622047244094 37.98425196850393 13.039370078740157 leur
199.55905511811022 422.3622047244094 47.338582677165356 13.039370078740157 valeur
232.7244094488189 422.3622047244094 33.16535433070866 13.039370078740157 par
246.89763779527559 422.3622047244094 18.992125984251967 13.039370078740157 le

10.204724409448819 433.98425196850394 42.803149606299215 13.039370078740157 public
40.25196850393701 433.98425196850394 25.79527559055118 13.039370078740157 et
53.00787401574803 433.98425196850394 25.79527559055118 13.039370078740157 la
65.76377952755905 433.98425196850394 51.30708661417323 13.039370078740157 critique
100.06299212598425 433.98425196850394 72.85039370078741 13.039370078740157 internationale.

20.976377952755904 448.15748031496065 38.55118110236221 11.905511811023622 Dans
45.07086614173228 448.15748031496065 28.913385826771652 11.905511811023622 la
59.52755905511811 448.15748031496065 53.00787401574803 11.905511811023622 section
98.07874015748031 448.15748031496065 28.913385826771652 11.905511811023622 de
112.53543307086615 448.15748031496065 67.46456692913385 11.905511811023622 Décoration
165.25984251968504 448.15748031496065 67.46456692913385 11.905511811023622 Théâtrale,
213.4488188976378 448.15748031496065 53.00787401574803 11.905511811023622 l’Espagne

9.070866141732283 459.21259842519686 39.68503937007874 11.338582677165354 sera
33.732283464566926 459.21259842519686 74.26771653543307 11.338582677165354 représentée
93.25984251968504 459.21259842519686 34.58267716535433 11.338582677165354 par
112.81889763779527 459.21259842519686 49.60629921259842 11.338582677165354 quatre
147.68503937007873 459.21259842519686 49.60629921259842 11.338582677165354 élèves
182.26771653543307 459.21259842519686 29.763779527559056 11.338582677165354 du
202.11023622047244 459.21259842519686 49.60629921259842 11.338582677165354 Centre
231.8740157480315 459.21259842519686 34.58267716535433 11.338582677165354 Espa-

9.921259842519685 466.86614173228344 36.0 15.307086614173228 gnol
32.59842519685039 466.86614173228344 27.212598425196852 15.307086614173228 de
45.92125984251968 466.86614173228344 58.67716535433071 15.307086614173228 l’Intitut
91.2755905511811 466.86614173228344 76.81889763779527 15.307086614173228 International
154.48818897637796 466.86614173228344 27.212598425196852 15.307086614173228 du
168.09448818897638 466.86614173228344 49.60629921259842 15.307086614173228 Théâtre
208.62992125984252 466.86614173228344 31.748031496062993 15.307086614173228 qui
226.77165354330708 466.86614173228344 31.748031496062993 15.307086614173228 ont
240.09448818897638 466.86614173228344 27.212598425196852 15.307086614173228 fait

9.637795275590552 478.7716535433071 50.45669291338583 11.905511811023622 quatre
45.07086614173228 478.7716535433071 60.661417322834644 11.905511811023622 montages
90.4251968503937 478.7716535433071 70.58267716535433 11.905511811023622 scéniques,
145.98425196850394 478.7716535433071 75.68503937007874 11.905511811023622 différentes
206.64566929133858 478.7716535433071 60.661417322834644 11.905511811023622 versions
247.1811023622047 478.7716535433071 20.125984251968504 11.905511811023622 de

9.921259842519685 490.3937007874016 31.46456692913386 12.188976377952756 la
25.79527559055118 490.3937007874016 41.95275590551181 12.188976377952756 même
52.15748031496063 490.3937007874016 52.44094488188976 12.188976377952756 œuvre:
88.7244094488189 490.3937007874016 47.338582677165356 12.188976377952756 Noces
120.18897637795276 490.3937007874016 31.46456692913386 12.188976377952756 de
136.06299212598427 490.3937007874016 47.338582677165356 12.188976377952756 Sang,
167.5275590551181 490.3937007874016 31.46456692913386 12.188976377952756 en
183.4015748031496 490.3937007874016 57.826771653543304 12.188976377952756 hommage
225.35433070866142 490.3937007874016 26.362204724409448 12.188976377952756 à
230.45669291338584 490.3937007874016 36.8503937007874 12.188976377952756 notre

10.204724409448819 502.5826771653543 43.653543307086615 13.32283464566929 grand
39.40157480314961 502.5826771653543 58.39370078740158 13.32283464566929 Federico
83.05511811023622 502.5826771653543 48.47244094488189 13.32283464566929 Garcia
112.25196850393701 502.5826771653543 38.83464566929134 13.32283464566929 Lorca.

20.976377952755904 512.2204724409448 43.93700787401575 14.456692913385826 Dans
48.188976377952756 512.2204724409448 32.881889763779526 14.456692913385826 la
64.91338582677166 512.2204724409448 60.37795275590551 14.456692913385826 section
108.56692913385827 512.2204724409448 32.881889763779526 14.456692913385826 de
125.29133858267717 512.2204724409448 60.37795275590551 14.456692913385826 cinéma,
168.9448818897638 512.2204724409448 43.93700787401575 14.456692913385826 nous
196.44094488188978 512.2204724409448 49.32283464566929 14.456692913385826 avons
223.93700787401573 512.2204724409448 43.93700787401575 14.456692913385826 choisi

9.921259842519685 525.5433070866142 40.53543307086614 12.755905511811024 deux
35.1496062992126 525.5433070866142 50.74015748031496 12.755905511811024 élèves
70.58267716535433 525.5433070866142 30.330708661417322 12.755905511811024 de
85.88976377952756 525.5433070866142 55.55905511811024 12.755905511811024 l’Ecole
126.4251968503937 525.5433070866142 111.4015748031496 12.755905511811024 Cinématographique,
222.51968503937007 525.5433070866142 40.53543307086614 12.755905511811024 avec
242.9291338582677 525.5433070866142 25.228346456692915 12.755905511811024 les

9.921259842519685 536.0314960629921 43.08661417322835 11.05511811023622 films
38.83464566929134 536.0314960629921 57.54330708661417 11.05511811023622 réalisés
81.92125984251969 536.0314960629921 33.44881889763779 11.05511811023622 par
101.19685039370079 536.0314960629921 33.44881889763779 11.05511811023622 eux
120.18897637795276 536.0314960629921 52.724409448818896 11.05511811023622 pendant
158.74015748031496 536.0314960629921 52.724409448818896 11.05511811023622 l’année
197.00787401574803 536.0314960629921 62.36220472440945 11.05511811023622 scolaire,
240.09448818897638 536.0314960629921 28.913385826771652 11.05511811023622 pour

10.204724409448819 547.0866141732283 48.75590551181102 12.472440944881889 donner
44.22047244094488 547.0866141732283 29.19685039370079 12.472440944881889 un
58.960629921259844 547.0866141732283 48.75590551181102 12.472440944881889 aperçu
92.97637795275591 547.0866141732283 39.118110236220474 12.472440944881889 d’un
117.35433070866142 547.0866141732283 48.75590551181102 12.472440944881889 aspect
151.6535433070866 547.0866141732283 39.118110236220474 12.472440944881889 très
176.03149606299212 547.0866141732283 63.496062992125985 12.472440944881889 important
224.78740157480314 547.0866141732283 29.19685039370079 12.472440944881889 de
234.70866141732284 547.0866141732283 34.01574803149607 12.472440944881889 notre

9.637795275590552 557.007874015748 71.71653543307086 13.606299212598426 jeunesse:
64.91338582677166 557.007874015748 33.16535433070866 13.606299212598426 sa
81.35433070866142 557.007874015748 49.889763779527556 13.606299212598426 quête
114.51968503937007 557.007874015748 49.889763779527556 13.606299212598426 d’une
147.68503937007873 557.007874015748 72.0 13.606299212598426 formation
202.96062992125985 557.007874015748 66.33070866141732 13.606299212598426 sérieuse
247.1811023622047 557.007874015748 22.11023622047244 13.606299212598426 et

6.2362204724409445 568.0629921259842 61.22834645669291 14.456692913385826 consciente.

185.66929133858267 591.5905511811023 49.32283464566929 14.740157480314961 Xavier
215.1496062992126 591.5905511811023 54.14173228346457 14.740157480314961 Carvajal.

250.01574803149606 643.1811023622047 19.275590551181104 10.204724409448819 51
