320.88188976377955 672.6614173228346
166.96062992125985 16.440944881889763 113.66929133858268 20.976377952755904 SPECTACLE

34.58267716535433 88.7244094488189 29.19685039370079 18.708661417322833 jeudi
53.85826771653543 88.7244094488189 19.559055118110237 18.708661417322833 14
60.37795275590551 88.7244094488189 19.559055118110237 18.708661417322833 oct.

-7.653543307086614 140.88188976377953 71.71653543307086 16.15748031496063 vendredi
46.20472440944882 140.88188976377953 35.71653543307087 16.15748031496063 15
58.110236220472444 140.88188976377953 35.71653543307087 16.15748031496063 oct.

-8.220472440944881 152.2204724409449 64.62992125984252 14.173228346456693 samedi
37.13385826771653 152.2204724409449 38.83464566929134 14.173228346456693 16
49.889763779527556 152.2204724409449 38.83464566929134 14.173228346456693 oct.

-8.220472440944881 160.7244094488189 75.4015748031496 15.590551181102363 dimanche
48.47244094488189 160.7244094488189 37.7007874015748 15.590551181102363 17
60.94488188976378 160.7244094488189 37.7007874015748 15.590551181102363 oct.

-7.937007874015748 185.66929133858267 58.39370078740158 17.007874015748033 lundi
31.181102362204726 185.66929133858267 39.118110236220474 17.007874015748033 18
43.93700787401575 185.66929133858267 39.118110236220474 17.007874015748033 oct.

-8.78740157480315 195.30708661417322 60.37795275590551 17.858267716535433 mardi
31.46456692913386 195.30708661417322 40.25196850393701 17.858267716535433 19
44.78740157480315 195.30708661417322 40.25196850393701 17.858267716535433 oct.

37.7007874015748 203.24409448818898 40.53543307086614 17.007874015748033 mercredi
68.03149606299213 203.24409448818898 20.125984251968504 17.007874015748033 20
74.83464566929133 203.24409448818898 20.125984251968504 17.007874015748033 oct.

106.58267716535433 75.68503937007874 49.32283464566929 20.976377952755904 Trois
143.43307086614172 75.68503937007874 65.76377952755905 20.976377952755904 chorégraphes
192.75590551181102 75.68503937007874 69.73228346456693 20.976377952755904 d’Argentine

106.58267716535433 92.97637795275591 43.653543307086615 13.88976377952756 Arlette
137.76377952755905 92.97637795275591 28.062992125984252 13.88976377952756 Bon

107.43307086614173 101.19685039370079 53.85826771653543 15.023622047244094 Graziella
147.96850393700788 101.19685039370079 47.05511811023622 15.023622047244094 Martinez

108.28346456692914 113.10236220472441 44.22047244094488 14.740157480314961 Paulina
139.748031496063 113.10236220472441 28.346456692913385 14.740157480314961 Oca

107.71653543307086 128.69291338582678 70.01574803149606 19.84251968503937 Compagnie
164.69291338582678 128.69291338582678 30.614173228346456 19.84251968503937 les
181.98425196850394 128.69291338582678 52.724409448818896 19.84251968503937 Vaguants
221.38582677165354 128.69291338582678 26.362204724409448 19.84251968503937 de
230.17322834645668 128.69291338582678 43.93700787401575 19.84251968503937 Mice

109.98425196850394 145.13385826771653 34.58267716535433 15.874015748031496 (G.
130.6771653543307 145.13385826771653 48.188976377952756 15.874015748031496 Morana.)

109.13385826771653 145.98425196850394 30.330708661417322 22.677165354330707 Les
126.4251968503937 145.98425196850394 60.661417322834644 22.677165354330707 Bâtisseurs
174.04724409448818 145.98425196850394 51.874015748031496 22.677165354330707 d’Empire
212.88188976377953 145.98425196850394 26.078740157480315 22.677165354330707 de
225.92125984251967 145.98425196850394 38.83464566929134 22.677165354330707 Boris
247.46456692913387 145.98425196850394 30.330708661417322 22.677165354330707 Vian.

110.26771653543307 174.61417322834646 37.98425196850393 18.141732283464567 Le
135.49606299212599 174.61417322834646 46.20472440944882 18.141732283464567 Théâtre
169.22834645669292 174.61417322834646 71.43307086614173 18.141732283464567 Saint-Georges
228.18897637795277 174.61417322834646 25.228346456692915 18.141732283464567 de
236.69291338582678 174.61417322834646 41.95275590551181 18.141732283464567 Lyon

110.83464566929133 188.50393700787401 40.25196850393701 15.590551181102363 (M.O.
137.76377952755905 188.50393700787401 43.37007874015748 15.590551181102363 Cayre).

111.11811023622047 197.00787401574803 26.078740157480315 16.15748031496063 Le
124.15748031496064 197.00787401574803 47.90551181102362 16.15748031496063 Guichet
159.0236220472441 197.00787401574803 26.078740157480315 16.15748031496063 de
167.81102362204723 197.00787401574803 39.118110236220474 16.15748031496063 Tardieu

110.83464566929133 206.9291338582677 66.61417322834646 17.291338582677167 Compagnie
164.9763779527559 206.9291338582677 49.889763779527556 17.291338582677167 Philippe
198.4251968503937 206.9291338582677 49.889763779527556 17.291338582677167 Adrien

111.96850393700787 214.29921259842519 31.181102362204726 21.25984251968504 Les
129.82677165354332 214.29921259842519 48.75590551181102 21.25984251968504 Croisés
165.25984251968504 214.29921259842519 26.64566929133858 21.25984251968504 de
178.58267716535434 214.29921259842519 53.29133858267716 21.25984251968504 Philippe
218.83464566929135 214.29921259842519 44.503937007874015 21.25984251968504 Adrien
245.48031496062993 214.29921259842519 35.43307086614173 21.25984251968504 (créa

108.0 233.00787401574803 32.881889763779526 13.32283464566929 tion).

113.66929133858268 239.24409448818898 64.62992125984252 17.858267716535433 Compagnie
166.11023622047244 239.24409448818898 40.53543307086614 17.858267716535433 Pierre
190.48818897637796 239.24409448818898 52.44094488188976 17.858267716535433 Chabert

113.66929133858268 253.13385826771653 65.48031496062993 17.007874015748033 L’Hypothèse
165.82677165354332 253.13385826771653 26.078740157480315 17.007874015748033 de
179.1496062992126 253.13385826771653 26.078740157480315 17.007874015748033 R.
187.6535433070866 253.13385826771653 39.40157480314961 17.007874015748033 Pinget.

37.41732283464567 272.12598425196853 40.818897637795274 24.37795275590551 jeudi
64.62992125984252 272.12598425196853 27.212598425196852 24.37795275590551 21
78.23622047244095 272.12598425196853 36.28346456692913 24.37795275590551 oct.
100.62992125984252 272.12598425196853 45.354330708661415 24.37795275590551 Les
132.3779527559055 272.12598425196853 72.28346456692914 24.37795275590551 Marionnettes
191.33858267716536 272.12598425196853 27.212598425196852 24.37795275590551 de
204.9448818897638 272.12598425196853 54.425196850393704 24.37795275590551 Mathilde
240.9448818897638 272.12598425196853 36.28346456692913 24.37795275590551 et

116.22047244094489 286.86614173228344 38.55118110236221 13.039370078740157 Paul
140.5984251968504 286.86614173228344 45.63779527559055 13.039370078740157 Dougnac

115.37007874015748 293.1023622047244 47.62204724409449 17.007874015748033 Ballade
149.95275590551182 293.1023622047244 25.79527559055118 17.007874015748033 de
162.70866141732284 293.1023622047244 47.62204724409449 17.007874015748033 l’amour
197.29133858267716 293.1023622047244 30.330708661417322 17.007874015748033 fou
210.33070866141733 293.1023622047244 51.874015748031496 17.007874015748033 (création)

39.68503937007874 317.1968503937008 50.45669291338583 21.543307086614174 vendredi
77.38582677165354 317.1968503937008 25.228346456692915 21.543307086614174 22
90.14173228346456 317.1968503937008 33.44881889763779 21.543307086614174 oct.
111.11811023622047 317.1968503937008 67.18110236220473 21.543307086614174 Compagnie
165.54330708661416 317.1968503937008 41.95275590551181 21.543307086614174 Victor
190.77165354330708 317.1968503937008 50.45669291338583 21.543307086614174 Garcia

38.83464566929134 322.86614173228344 48.75590551181102 23.811023622047244 samedi
72.85039370078741 322.86614173228344 29.19685039370079 23.811023622047244 23
87.59055118110236 322.86614173228344 39.118110236220474 23.811023622047244 oct.
111.96850393700787 322.86614173228344 29.19685039370079 23.811023622047244 Le
126.70866141732283 322.86614173228344 63.496062992125985 23.811023622047244 cimetière
175.46456692913387 322.86614173228344 34.2992125984252 23.811023622047244 des
195.0236220472441 322.86614173228344 58.67716535433071 23.811023622047244 voitures
234.14173228346456 322.86614173228344 53.574803149606296 23.811023622047244 d’Arrabal

39.118110236220474 340.4409448818898 53.29133858267716 17.5748031496063 dimanche
79.08661417322834 340.4409448818898 26.64566929133858 17.5748031496063 24
92.40944881889764 340.4409448818898 35.43307086614173 17.5748031496063 oct.
110.26771653543307 340.4409448818898 57.54330708661417 17.5748031496063 (création).

39.118110236220474 355.46456692913387 46.20472440944882 23.811023622047244 lundi
69.73228346456693 355.46456692913387 30.614173228346456 23.811023622047244 25
85.32283464566929 355.46456692913387 41.10236220472441 23.811023622047244 oct.
110.83464566929133 355.46456692913387 81.92125984251969 23.811023622047244 Compagnie
177.4488188976378 355.46456692913387 30.614173228346456 23.811023622047244 La
192.75590551181102 355.46456692913387 71.71653543307086 23.811023622047244 Mandragore
243.7795275590551 355.46456692913387 46.20472440944882 23.811023622047244 (W.

40.53543307086614 375.0236220472441 38.55118110236221 15.023622047244094 mardi
66.33070866141732 375.0236220472441 25.79527559055118 15.023622047244094 26
79.08661417322834 375.0236220472441 34.2992125984252 15.023622047244094 oct.
96.09448818897638 375.0236220472441 72.85039370078741 15.023622047244094 Mehring)

40.25196850393701 380.12598425196853 57.826771653543304 22.11023622047244 mercredi
83.62204724409449 380.12598425196853 28.913385826771652 22.11023622047244 27
98.07874015748031 380.12598425196853 38.55118110236221 22.11023622047244 oct.
122.1732283464567 380.12598425196853 53.00787401574803 22.11023622047244 Woyzeck
160.44094488188978 380.12598425196853 28.913385826771652 22.11023622047244 de
170.07874015748033 380.12598425196853 43.37007874015748 22.11023622047244 Buchner

39.968503937007874 397.98425196850394 40.53543307086614 25.79527559055118 jeudi
67.18110236220473 397.98425196850394 26.929133858267715 25.79527559055118 28
80.50393700787401 397.98425196850394 36.0 25.79527559055118 oct.
103.18110236220473 397.98425196850394 58.67716535433071 25.79527559055118 Studio
148.251968503937 397.98425196850394 54.14173228346457 25.79527559055118 d’Essais
188.78740157480314 397.98425196850394 85.60629921259843 25.79527559055118 chorégraphiques
256.53543307086613 397.98425196850394 36.0 25.79527559055118 de

121.03937007874016 411.0236220472441 38.83464566929134 17.5748031496063 la
146.83464566929135 411.0236220472441 47.338582677165356 17.5748031496063 Réunion
181.13385826771653 411.0236220472441 30.04724409448819 17.5748031496063 des
198.4251968503937 411.0236220472441 51.59055118110236 17.5748031496063 Théâtres
232.7244094488189 411.0236220472441 60.37795275590551 17.5748031496063 Lyriques

120.18897637795276 426.3307086614173 56.976377952755904 13.606299212598426 Nationaux

41.95275590551181 441.6377952755906 51.30708661417323 22.96062992125984 vendredi
80.50393700787401 441.6377952755906 25.511811023622048 22.96062992125984 29
93.25984251968504 441.6377952755906 34.2992125984252 22.96062992125984 oct.
114.51968503937007 441.6377952755906 72.56692913385827 22.96062992125984 Université
174.33070866141733 441.6377952755906 25.511811023622048 22.96062992125984 du
187.08661417322836 441.6377952755906 47.05511811023622 22.96062992125984 Théâtre
221.38582677165354 441.6377952755906 29.763779527559056 22.96062992125984 des
234.14173228346456 441.6377952755906 55.55905511811024 22.96062992125984 Nations

41.669291338582674 452.9763779527559 45.354330708661415 20.976377952755904 samedi
73.41732283464567 452.9763779527559 27.212598425196852 20.976377952755904 30
87.02362204724409 452.9763779527559 36.28346456692913 20.976377952755904 oct.
109.7007874015748 452.9763779527559 36.28346456692913 20.976377952755904 Loin
132.3779527559055 452.9763779527559 27.212598425196852 20.976377952755904 de
145.98425196850394 452.9763779527559 27.212598425196852 20.976377952755904 la
159.59055118110237 452.9763779527559 45.354330708661415 20.976377952755904 mer...
191.33858267716536 452.9763779527559 36.28346456692913 20.976377952755904 loin
214.01574803149606 452.9763779527559 27.212598425196852 20.976377952755904 de
227.6220472440945 452.9763779527559 40.818897637795274 20.976377952755904 l’été
250.29921259842519 452.9763779527559 45.354330708661415 20.976377952755904 d’Eliraz

41.95275590551181 470.26771653543307 55.84251968503937 14.456692913385826 dimanche
83.62204724409449 470.26771653543307 27.77952755905512 14.456692913385826 31
97.51181102362204 470.26771653543307 37.13385826771653 14.456692913385826 oct.
116.22047244094489 470.26771653543307 55.84251968503937 14.456692913385826 (création)

125.85826771653544 478.48818897637796 61.79527559055118 15.590551181102363 Compagnie
176.31496062992127 478.48818897637796 23.244094488188978 15.590551181102363 J.
187.93700787401573 478.48818897637796 23.244094488188978 15.590551181102363 M.
195.59055118110237 478.48818897637796 42.51968503937008 15.590551181102363 Patte

125.5748031496063 483.3070866141732 32.31496062992126 21.25984251968504 Les
144.0 483.3070866141732 55.275590551181104 21.25984251968504 Enchères
185.38582677165354 483.3070866141732 73.7007874015748 21.25984251968504 d’Aspenstrom
240.3779527559055 483.3070866141732 55.275590551181104 21.25984251968504 (création)

126.14173228346456 496.62992125984255 68.03149606299213 19.559055118110237 Compagnie
181.41732283464566 496.62992125984255 63.77952755905512 19.559055118110237 André-Louis
228.18897637795277 496.62992125984255 63.77952755905512 19.559055118110237 Perinetti

126.99212598425197 511.65354330708664 71.14960629921259 16.724409448818896 L’Entreprise
184.8188976377953 511.65354330708664 26.64566929133858 16.724409448818896 de
198.14173228346456 511.65354330708664 26.64566929133858 16.724409448818896 G.
207.21259842519686 511.65354330708664 39.968503937007874 16.724409448818896 Poissy.

43.93700787401575 533.1968503937007 41.95275590551181 18.992125984251967 lundi
71.71653543307086 533.1968503937007 32.59842519685039 18.992125984251967 1er
90.4251968503937 533.1968503937007 37.41732283464567 18.992125984251967 nov.
113.66929133858268 533.1968503937007 74.55118110236221 18.992125984251967 Compagnie
174.33070866141733 533.1968503937007 41.95275590551181 18.992125984251967 Armel
197.5748031496063 533.1968503937007 51.30708661417323 18.992125984251967 Marin

43.653543307086615 536.0314960629921 44.503937007874015 24.37795275590551 mardi
73.13385826771653 536.0314960629921 24.661417322834644 24.37795275590551 2
83.05511811023622 536.0314960629921 39.40157480314961 24.37795275590551 nov.
107.71653543307086 536.0314960629921 29.480314960629922 24.37795275590551 Un
122.45669291338582 536.0314960629921 44.503937007874015 24.37795275590551 petit
152.2204724409449 536.0314960629921 34.58267716535433 24.37795275590551 nid
171.7795275590551 536.0314960629921 54.425196850393704 24.37795275590551 d’amour
211.46456692913387 536.0314960629921 29.480314960629922 24.37795275590551 de
226.20472440944883 536.0314960629921 54.425196850393704 24.37795275590551 Georges
260.78740157480314 536.0314960629921 39.40157480314961 24.37795275590551 Michel

44.503937007874015 556.7244094488188 58.960629921259844 13.039370078740157 mercredi
88.7244094488189 556.7244094488188 24.661417322834644 13.039370078740157 3
98.36220472440945 556.7244094488188 39.40157480314961 13.039370078740157 nov.
118.20472440944881 556.7244094488188 58.960629921259844 13.039370078740157 (création)

129.54330708661416 559.8425196850394 25.79527559055118 19.84251968503937 Le
142.29921259842519 559.8425196850394 34.2992125984252 19.84251968503937 bar,
163.84251968503938 559.8425196850394 25.79527559055118 19.84251968503937 de
176.5984251968504 559.8425196850394 47.05511811023622 19.84251968503937 Georges
210.89763779527559 559.8425196850394 42.803149606299215 19.84251968503937 Michel
236.69291338582678 559.8425196850394 55.55905511811024 19.84251968503937 (création).

46.77165354330709 593.8582677165355 29.480314960629922 20.125984251968504 Pour
65.19685039370079 593.8582677165355 22.11023622047244 20.125984251968504 le
76.25196850393701 593.8582677165355 47.90551181102362 20.125984251968504 programme
112.81889763779527 593.8582677165355 44.22047244094488 20.125984251968504 détaillé
145.98425196850394 593.8582677165355 22.11023622047244 20.125984251968504 de
157.03937007874015 593.8582677165355 36.8503937007874 20.125984251968504 chaque
182.83464566929135 593.8582677165355 40.53543307086614 20.125984251968504 séance,
212.31496062992127 593.8582677165355 22.11023622047244 20.125984251968504 se
223.08661417322836 593.8582677165355 44.22047244094488 20.125984251968504 reporter
256.251968503937 593.8582677165355 22.11023622047244 20.125984251968504 au

47.338582677165356 602.9291338582677 45.07086614173228 18.992125984251967 Calendrier
82.77165354330708 602.9291338582677 19.275590551181104 18.992125984251967 de
92.40944881889764 602.9291338582677 19.275590551181104 18.992125984251967 la
102.04724409448819 602.9291338582677 38.83464566929134 18.992125984251967 Biennale
130.96062992125985 602.9291338582677 19.275590551181104 18.992125984251967 et
140.88188976377953 602.9291338582677 19.275590551181104 18.992125984251967 au
150.51968503937007 602.9291338582677 35.43307086614173 18.992125984251967 tableau
176.31496062992127 602.9291338582677 48.47244094488189 18.992125984251967 d’affichage
214.86614173228347 602.9291338582677 16.15748031496063 18.992125984251967 à
221.38582677165354 602.9291338582677 38.83464566929134 18.992125984251967 l'entrée
250.29921259842519 602.9291338582677 19.275590551181104 18.992125984251967 du

47.05511811023622 612.2834645669292 37.41732283464567 22.393700787401574 Théâtre
74.26771653543307 612.2834645669292 40.818897637795274 22.393700787401574 d’Essai,
104.5984251968504 612.2834645669292 30.614173228346456 22.393700787401574 ainsi
125.00787401574803 612.2834645669292 30.614173228346456 22.393700787401574 qu’au
145.41732283464566 612.2834645669292 44.22047244094488 22.393700787401574 programme
179.43307086614172 612.2834645669292 44.22047244094488 22.393700787401574 distribué
213.16535433070865 612.2834645669292 27.212598425196852 22.393700787401574 dans
230.17322834645668 612.2834645669292 20.409448818897637 22.393700787401574 la
236.9763779527559 612.2834645669292 23.811023622047244 22.393700787401574 salle

279.496062992126 631.2755905511812 24.661417322834644 10.204724409448819 167
