300.755905511811 645.1653543307086
193.3228346456693 13.606299212598426 85.88976377952756 16.440944881889763 <CCEVLAN

26.078740157480315 127.55905511811024 81.35433070866142 12.472440944881889 Commissaire
85.60629921259843 127.55905511811024 54.14173228346457 12.472440944881889 général:

27.496062992125985 136.3464566929134 35.43307086614173 15.874015748031496 M.
51.30708661417323 136.3464566929134 39.40157480314961 15.874015748031496 E.L.F.
78.80314960629921 136.3464566929134 23.811023622047244 15.874015748031496 de
90.70866141732283 136.3464566929134 23.811023622047244 15.874015748031496 J.
98.64566929133858 136.3464566929134 67.18110236220473 15.874015748031496 Seneviratne

27.496062992125985 149.95275590551182 43.08661417322835 15.023622047244094 Chargé
57.54330708661417 149.95275590551182 60.37795275590551 15.023622047244094 d’Affaires
105.16535433070867 149.95275590551182 34.58267716535433 15.023622047244094 près
126.70866141732283 149.95275590551182 64.91338582677166 15.023622047244094 l’Ambassade
178.58267716535434 149.95275590551182 25.79527559055118 15.023622047244094 de
191.6220472440945 149.95275590551182 43.08661417322835 15.023622047244094 Ceylan
221.95275590551182 149.95275590551182 21.543307086614174 15.023622047244094 à
226.20472440944883 149.95275590551182 34.58267716535433 15.023622047244094 Paris.

12.472440944881889 188.50393700787401 30.89763779527559 14.173228346456693 Les
30.330708661417322 188.50393700787401 57.54330708661417 14.173228346456693 Cingalais
74.55118110236221 188.50393700787401 30.89763779527559 14.173228346456693 ont
92.1259842519685 188.50393700787401 44.22047244094488 14.173228346456693 hérité
123.02362204724409 188.50393700787401 39.68503937007874 14.173228346456693 d’une
149.66929133858267 188.50393700787401 48.75590551181102 14.173228346456693 vieille
185.10236220472441 188.50393700787401 57.54330708661417 14.173228346456693 tradition
224.78740157480314 188.50393700787401 35.43307086614173 14.173228346456693 artis-

-1.1338582677165354 199.55905511811022 48.188976377952756 12.188976377952756 tique
30.89763779527559 199.55905511811022 32.031496062992126 12.188976377952756 et
47.05511811023622 199.55905511811022 37.41732283464567 12.188976377952756 ont
68.5984251968504 199.55905511811022 64.34645669291339 12.188976377952756 toujours
116.78740157480316 199.55905511811022 53.574803149606296 12.188976377952756 montré
154.20472440944883 199.55905511811022 37.41732283464567 12.188976377952756 une
175.748031496063 199.55905511811022 53.574803149606296 12.188976377952756 grande
207.7795275590551 199.55905511811022 53.574803149606296 12.188976377952756 maîtrise

0.28346456692913385 210.89763779527559 42.51968503937008 11.05511811023622 aussi
28.62992125984252 210.89763779527559 37.7007874015748 11.05511811023622 bien
52.44094488188976 210.89763779527559 37.7007874015748 11.05511811023622 dans
75.96850393700787 210.89763779527559 28.346456692913385 11.05511811023622 la
90.14173228346456 210.89763779527559 56.69291338582677 11.05511811023622 peinture
132.9448818897638 210.89763779527559 33.16535433070866 11.05511811023622 que
151.6535433070866 210.89763779527559 37.7007874015748 11.05511811023622 dans
175.46456692913387 210.89763779527559 33.16535433070866 11.05511811023622 les
194.17322834645668 210.89763779527559 37.7007874015748 11.05511811023622 arts
213.16535433070865 210.89763779527559 47.338582677165356 11.05511811023622 annexes.

0.28346456692913385 219.96850393700788 30.04724409448819 12.472440944881889 La
15.307086614173228 219.96850393700788 60.09448818897638 12.472440944881889 peinture
60.661417322834644 219.96850393700788 85.32283464566929 12.472440944881889 contemporaine
130.6771653543307 219.96850393700788 39.968503937007874 12.472440944881889 peut
155.90551181102362 219.96850393700788 39.968503937007874 12.472440944881889 être
180.8503937007874 219.96850393700788 55.275590551181104 12.472440944881889 classée
216.0 219.96850393700788 45.07086614173228 12.472440944881889 d’après

-0.28346456692913385 232.7244094488189 43.37007874015748 11.905511811023622 trois
28.62992125984252 232.7244094488189 57.826771653543304 11.905511811023622 courants
72.28346456692914 232.7244094488189 28.913385826771652 11.905511811023622 ou
86.74015748031496 232.7244094488189 53.00787401574803 11.905511811023622 écoles:
125.29133858267717 232.7244094488189 53.00787401574803 11.905511811023622 l’école
163.84251968503938 232.7244094488189 67.74803149606299 11.905511811023622 Orientale,
212.31496062992127 232.7244094488189 48.188976377952756 11.905511811023622 l’Acadé-

0.28346456692913385 244.3464566929134 46.77165354330709 10.488188976377952 mique
31.46456692913386 244.3464566929134 31.181102362204726 10.488188976377952 et
47.05511811023622 244.3464566929134 31.181102362204726 10.488188976377952 la
62.645669291338585 244.3464566929134 62.645669291338585 10.488188976377952 Moderne.
109.7007874015748 244.3464566929134 36.56692913385827 10.488188976377952 Les
130.39370078740157 244.3464566929134 62.645669291338585 10.488188976377952 facteurs
177.4488188976378 244.3464566929134 36.56692913385827 10.488188976377952 qui
198.14173228346456 244.3464566929134 36.56692913385827 10.488188976377952 ont
219.11811023622047 244.3464566929134 31.181102362204726 10.488188976377952 le
229.60629921259843 244.3464566929134 31.181102362204726 10.488188976377952 plus

-0.28346456692913385 252.56692913385828 68.03149606299213 12.188976377952756 contribué
51.874015748031496 252.56692913385828 31.46456692913386 12.188976377952756 au
67.46456692913385 252.56692913385828 89.00787401574803 12.188976377952756 développement
140.88188976377953 252.56692913385828 31.46456692913386 12.188976377952756 de
156.4724409448819 252.56692913385828 31.46456692913386 12.188976377952756 la
172.06299212598427 252.56692913385828 62.645669291338585 12.188976377952756 peinture
214.01574803149606 252.56692913385828 47.05511811023622 12.188976377952756 moderne

0.0 264.755905511811 26.078740157480315 10.771653543307087 à
10.204724409448819 264.755905511811 57.54330708661417 10.771653543307087 Ceylan,
52.15748031496063 264.755905511811 41.95275590551181 10.771653543307087 sont
78.23622047244095 264.755905511811 78.51968503937007 10.771653543307087 étroitement
141.16535433070865 264.755905511811 41.95275590551181 10.771653543307087 liés
167.24409448818898 264.755905511811 36.56692913385827 10.771653543307087 aux
182.83464566929135 264.755905511811 78.51968503937007 10.771653543307087 circonstances

0.0 273.25984251968504 66.61417322834646 13.32283464566929 heureuses
51.30708661417323 273.25984251968504 30.614173228346456 13.32283464566929 de
66.61417322834646 273.25984251968504 35.71653543307087 13.32283464566929 son
87.02362204724409 273.25984251968504 61.511811023622045 13.32283464566929 histoire
133.22834645669292 273.25984251968504 61.511811023622045 13.32283464566929 récente.
179.1496062992126 273.25984251968504 30.614173228346456 13.32283464566929 Le
194.45669291338584 273.25984251968504 61.511811023622045 13.32283464566929 progrès,
235.55905511811022 273.25984251968504 25.511811023622048 13.32283464566929 qui

0.28346456692913385 287.1496062992126 88.7244094488189 9.921259842519685 pacifiquement
73.41732283464567 287.1496062992126 26.078740157480315 9.921259842519685 a
83.62204724409449 287.1496062992126 57.54330708661417 9.921259842519685 conduit
125.5748031496063 287.1496062992126 31.46456692913386 9.921259842519685 le
141.16535433070865 287.1496062992126 41.669291338582674 9.921259842519685 pays
167.24409448818898 287.1496062992126 26.078740157480315 9.921259842519685 à
172.62992125984252 287.1496062992126 88.7244094488189 9.921259842519685 l’indépendance,

0.8503937007874016 294.8031496062992 38.55118110236221 12.472440944881889 loin
24.944881889763778 294.8031496062992 33.732283464566926 12.472440944881889 des
44.22047244094488 294.8031496062992 57.826771653543304 12.472440944881889 conflits
87.59055118110236 294.8031496062992 28.913385826771652 12.472440944881889 et
102.04724409448819 294.8031496062992 28.913385826771652 12.472440944881889 de
116.50393700787401 294.8031496062992 67.46456692913385 12.472440944881889 l’amertume
169.51181102362204 294.8031496062992 33.732283464566926 12.472440944881889 qui
188.78740157480314 294.8031496062992 33.732283464566926 12.472440944881889 ont
208.06299212598427 294.8031496062992 53.00787401574803 12.472440944881889 retardé
241.79527559055117 294.8031496062992 19.275590551181104 12.472440944881889 le

-0.5669291338582677 305.5748031496063 90.99212598425197 12.472440944881889 développement
74.26771653543307 305.5748031496063 37.41732283464567 12.472440944881889 des
95.81102362204724 305.5748031496063 42.803149606299215 12.472440944881889 Arts
122.45669291338582 305.5748031496063 58.67716535433071 12.472440944881889 partout
165.25984251968504 305.5748031496063 64.06299212598425 12.472440944881889 ailleurs
213.16535433070865 305.5748031496063 42.803149606299215 12.472440944881889 dans
234.70866141732284 305.5748031496063 26.64566929133858 12.472440944881889 les

0.8503937007874016 318.3307086614173 36.56692913385827 11.622047244094489 pays
23.52755905511811 318.3307086614173 27.496062992125985 11.622047244094489 de
37.41732283464567 318.3307086614173 45.63779527559055 11.622047244094489 l’Est,
69.44881889763779 318.3307086614173 22.96062992125984 11.622047244094489 a
78.51968503937007 318.3307086614173 45.63779527559055 11.622047244094489 permis
110.26771653543307 318.3307086614173 22.96062992125984 11.622047244094489 à
119.62204724409449 318.3307086614173 59.24409448818898 11.622047244094489 l’artiste
165.25984251968504 318.3307086614173 27.496062992125985 11.622047244094489 de
178.86614173228347 318.3307086614173 59.24409448818898 11.622047244094489 continuer
224.50393700787401 318.3307086614173 22.96062992125984 11.622047244094489 à
229.03937007874015 318.3307086614173 32.031496062992126 11.622047244094489 assi-

0.5669291338582677 327.40157480314963 45.07086614173228 11.905511811023622 miler
30.614173228346456 327.40157480314963 35.1496062992126 11.905511811023622 les
50.74015748031496 327.40157480314963 55.275590551181104 11.905511811023622 aspects
90.99212598425197 327.40157480314963 35.1496062992126 11.905511811023622 les
110.83464566929133 327.40157480314963 39.968503937007874 11.905511811023622 plus
136.06299212598427 327.40157480314963 70.2992125984252 11.905511811023622 importants
191.0551181102362 327.40157480314963 35.1496062992126 11.905511811023622 des
211.1811023622047 327.40157480314963 50.173228346456696 11.905511811023622 écoles
241.22834645669292 327.40157480314963 20.125984251968504 11.905511811023622 de

0.5669291338582677 338.45669291338584 56.976377952755904 10.488188976377952 l’Ouest,
43.37007874015748 338.45669291338584 37.98425196850393 10.488188976377952 tout
66.89763779527559 338.45669291338584 28.346456692913385 10.488188976377952 en
81.35433070866142 338.45669291338584 85.32283464566929 10.488188976377952 s’enrichissant
152.2204724409449 338.45669291338584 33.16535433070866 10.488188976377952 par
171.21259842519686 338.45669291338584 28.346456692913385 10.488188976377952 la
185.38582677165354 338.45669291338584 75.96850393700787 10.488188976377952 redécouverte
242.36220472440945 338.45669291338584 18.992125984251967 10.488188976377952 de

0.28346456692913385 348.37795275590554 34.58267716535433 11.622047244094489 son
19.84251968503937 348.37795275590554 58.960629921259844 11.622047244094489 héritage
64.06299212598425 348.37795275590554 68.88188976377953 11.622047244094489 artistique
118.20472440944881 348.37795275590554 64.06299212598425 11.622047244094489 national.
167.5275590551181 348.37795275590554 44.22047244094488 11.622047244094489 Cette
197.00787401574803 348.37795275590554 44.22047244094488 11.622047244094489 union
221.66929133858267 348.37795275590554 39.40157480314961 11.622047244094489 essen-

0.8503937007874016 358.01574803149606 44.22047244094488 13.88976377952756 tielle
31.748031496062993 358.01574803149606 39.68503937007874 13.88976377952756 entre
58.39370078740158 358.01574803149606 26.362204724409448 13.88976377952756 le
71.71653543307086 358.01574803149606 39.68503937007874 13.88976377952756 passé
98.07874015748031 358.01574803149606 26.362204724409448 13.88976377952756 et
111.4015748031496 358.01574803149606 26.362204724409448 13.88976377952756 le
124.44094488188976 358.01574803149606 48.47244094488189 13.88976377952756 présent
159.8740157480315 358.01574803149606 22.11023622047244 13.88976377952756 a
168.66141732283464 358.01574803149606 53.00787401574803 13.88976377952756 favorisé
208.3464566929134 358.01574803149606 26.362204724409448 13.88976377952756 la
217.13385826771653 358.01574803149606 44.22047244094488 13.88976377952756 création

-3.1181102362204722 368.78740157480314 56.69291338582677 13.606299212598426 artistique.

13.039370078740157 379.2755905511811 29.763779527559056 16.440944881889763 Il
28.062992125984252 379.2755905511811 44.78740157480315 16.440944881889763 n’est
57.826771653543304 379.2755905511811 34.86614173228347 16.440944881889763 pas
77.66929133858268 379.2755905511811 69.44881889763779 16.440944881889763 surprenant
132.3779527559055 379.2755905511811 29.763779527559056 16.440944881889763 de
147.11811023622047 379.2755905511811 59.52755905511811 16.440944881889763 trouver,
191.90551181102362 379.2755905511811 39.68503937007874 16.440944881889763 dans
216.56692913385828 379.2755905511811 44.78740157480315 16.440944881889763 l’art
241.51181102362204 379.2755905511811 19.84251968503937 16.440944881889763 de

0.8503937007874016 394.5826771653543 42.51968503937008 11.338582677165354 notre
29.480314960629922 394.5826771653543 47.338582677165356 11.338582677165354 temps,
62.36220472440945 394.5826771653543 33.16535433070866 11.338582677165354 les
81.35433070866142 394.5826771653543 66.33070866141732 11.338582677165354 traditions
133.51181102362204 394.5826771653543 33.16535433070866 11.338582677165354 qui
152.50393700787401 394.5826771653543 33.16535433070866 11.338582677165354 ont
171.49606299212599 394.5826771653543 37.98425196850393 11.338582677165354 déjà
195.0236220472441 394.5826771653543 33.16535433070866 11.338582677165354 été
209.1968503937008 394.5826771653543 52.15748031496063 11.338582677165354 observées

0.8503937007874016 405.07086614173227 60.37795275590551 12.188976377952756 ailleurs.
47.338582677165356 405.07086614173227 23.244094488188978 12.188976377952756 A
56.69291338582677 405.07086614173227 51.30708661417323 12.188976377952756 Ceylan,
93.8267716535433 405.07086614173227 28.062992125984252 12.188976377952756 de
107.71653543307086 405.07086614173227 46.488188976377955 12.188976377952756 fortes
140.31496062992127 405.07086614173227 65.19685039370079 12.188976377952756 traditions
186.8031496062992 405.07086614173227 74.55118110236221 12.188976377952756 conservatrices

0.5669291338582677 416.12598425196853 30.614173228346456 10.488188976377952 et
15.874015748031496 416.12598425196853 76.81889763779527 10.488188976377952 académiques
77.38582677165354 416.12598425196853 66.61417322834646 10.488188976377952 alternent
128.40944881889763 416.12598425196853 40.818897637795274 10.488188976377952 avec
154.20472440944883 416.12598425196853 35.71653543307087 10.488188976377952 les
174.61417322834646 416.12598425196853 66.61417322834646 10.488188976377952 nouvelles
220.8188976377953 416.12598425196853 40.818897637795274 10.488188976377952 formes

0.5669291338582677 425.76377952755905 83.62204724409449 13.039370078740157 d’expression:
69.44881889763779 425.76377952755905 34.2992125984252 13.039370078740157 les
89.00787401574803 425.76377952755905 39.40157480314961 13.039370078740157 deux
108.56692913385827 425.76377952755905 64.06299212598425 13.039370078740157 coexistent.

12.755905511811024 437.6692913385827 33.16535433070866 13.039370078740157 On
29.480314960629922 437.6692913385827 27.77952755905512 13.039370078740157 a
40.53543307086614 437.6692913385827 60.94488188976378 13.039370078740157 essayé,
85.03937007874016 437.6692913385827 44.22047244094488 13.039370078740157 dans
112.53543307086615 437.6692913385827 33.16535433070866 13.039370078740157 un
129.25984251968504 437.6692913385827 66.61417322834646 13.039370078740157 ensemble
179.1496062992126 437.6692913385827 49.889763779527556 13.039370078740157 hélas
206.9291338582677 437.6692913385827 55.275590551181104 13.039370078740157 beaucoup

-0.28346456692913385 450.4251968503937 42.803149606299215 11.905511811023622 trop
26.362204724409448 450.4251968503937 53.29133858267716 11.905511811023622 exigu,
63.77952755905512 450.4251968503937 32.031496062992126 11.905511811023622 de
79.65354330708661 450.4251968503937 53.29133858267716 11.905511811023622 donner
117.07086614173228 450.4251968503937 37.41732283464567 11.905511811023622 une
138.33070866141733 450.4251968503937 42.803149606299215 11.905511811023622 idée
164.9763779527559 450.4251968503937 32.031496062992126 11.905511811023622 de
181.13385826771653 450.4251968503937 58.67716535433071 11.905511811023622 l’œuvre
223.6535433070866 450.4251968503937 32.031496062992126 11.905511811023622 de
234.4251968503937 450.4251968503937 26.64566929133858 11.905511811023622 nos

0.8503937007874016 459.496062992126 60.09448818897638 12.188976377952756 artistes
45.92125984251968 459.496062992126 35.1496062992126 12.188976377952756 qui
66.04724409448819 459.496062992126 35.1496062992126 12.188976377952756 ont
85.88976377952756 459.496062992126 39.968503937007874 12.188976377952756 pris
111.11811023622047 459.496062992126 30.04724409448819 12.188976377952756 de
126.14173228346456 459.496062992126 60.09448818897638 12.188976377952756 nouveaux
170.9291338582677 459.496062992126 60.09448818897638 12.188976377952756 chemins,
216.0 459.496062992126 24.944881889763778 12.188976377952756 à
225.92125984251967 459.496062992126 30.04724409448819 12.188976377952756 la
236.1259842519685 459.496062992126 24.944881889763778 12.188976377952756 re-

0.8503937007874016 470.8346456692913 54.99212598425197 13.606299212598426 cherche
41.10236220472441 470.8346456692913 45.07086614173228 13.606299212598426 d’une
71.14960629921259 470.8346456692913 70.01574803149606 13.606299212598426 expression
126.14173228346456 470.8346456692913 54.99212598425197 13.606299212598426 propre,
166.11023622047244 470.8346456692913 39.968503937007874 13.606299212598426 plus
191.33858267716536 470.8346456692913 50.173228346456696 13.606299212598426 ample,
226.20472440944883 470.8346456692913 35.1496062992126 13.606299212598426 par
241.22834645669292 470.8346456692913 20.125984251968504 13.606299212598426 de

1.1338582677165354 481.3228346456693 64.62992125984252 13.039370078740157 nouvelles
51.023622047244096 481.3228346456693 69.73228346456693 13.039370078740157 techniques
106.01574803149606 481.3228346456693 29.763779527559056 13.039370078740157 et
115.93700787401575 481.3228346456693 89.5748031496063 13.039370078740157 interprétations.

13.88976377952756 494.6456692913386 53.29133858267716 11.905511811023622 L’œuvre
52.724409448818896 494.6456692913386 29.19685039370079 11.905511811023622 de
67.18110236220473 494.6456692913386 29.19685039370079 11.905511811023622 H.
81.92125984251969 494.6456692913386 29.19685039370079 11.905511811023622 A.
96.37795275590551 494.6456692913386 72.85039370078741 11.905511811023622 Karunaratne
154.48818897637796 494.6456692913386 43.653543307086615 11.905511811023622 subit
183.68503937007873 494.6456692913386 72.85039370078741 11.905511811023622 l’influence
236.9763779527559 494.6456692913386 24.37795275590551 11.905511811023622 des

0.8503937007874016 506.26771653543307 50.173228346456696 11.338582677165354 styles
36.0 506.26771653543307 30.04724409448819 11.338582677165354 et
51.023622047244096 506.26771653543307 70.01574803149606 11.338582677165354 techniques
106.01574803149606 506.26771653543307 75.11811023622047 11.338582677165354 japonaises;
166.11023622047244 506.26771653543307 39.968503937007874 11.338582677165354 elle
191.33858267716536 506.26771653543307 35.1496062992126 11.338582677165354 est
206.36220472440945 506.26771653543307 54.99212598425197 11.338582677165354 également

0.8503937007874016 517.3228346456693 59.52755905511811 11.05511811023622 marquée
44.22047244094488 517.3228346456693 37.98425196850393 11.05511811023622 par
65.76377952755905 517.3228346456693 37.98425196850393 11.05511811023622 les
87.59055118110236 517.3228346456693 81.35433070866142 11.05511811023622 expériences
152.50393700787401 517.3228346456693 108.56692913385827 11.05511811023622 d’interprétation
239.24409448818898 517.3228346456693 21.826771653543307 11.05511811023622 de

1.984251968503937 526.3937007874016 46.77165354330709 12.472440944881889 Ranil
33.16535433070866 526.3937007874016 88.44094488188976 12.472440944881889 Deraniyagala,
105.73228346456693 526.3937007874016 57.25984251968504 12.472440944881889 diplômé
147.4015748031496 526.3937007874016 31.181102362204726 12.472440944881889 de
162.99212598425197 526.3937007874016 31.181102362204726 12.472440944881889 la
178.58267716535434 526.3937007874016 46.77165354330709 12.472440944881889 Slede
209.76377952755905 526.3937007874016 51.874015748031496 12.472440944881889 School
240.9448818897638 526.3937007874016 20.69291338582677 12.472440944881889 of

0.28346456692913385 536.8818897637796 37.13385826771653 13.039370078740157 Art
21.543307086614174 536.8818897637796 32.031496062992126 13.039370078740157 de
37.7007874015748 536.8818897637796 63.77952755905512 13.039370078740157 Londres,
85.60629921259843 536.8818897637796 47.90551181102362 13.039370078740157 comme
117.35433070866142 536.8818897637796 32.031496062992126 13.039370078740157 en
133.51181102362204 536.8818897637796 63.77952755905512 13.039370078740157 témoigne
181.13385826771653 536.8818897637796 74.55118110236221 13.039370078740157 l’habileté
234.4251968503937 536.8818897637796 26.64566929133858 13.039370078740157 qui

1.4173228346456692 547.3700787401575 53.85826771653543 13.32283464566929 préside
40.53543307086614 547.3700787401575 24.37795275590551 13.32283464566929 à
50.173228346456696 547.3700787401575 83.33858267716535 13.32283464566929 l’intégration
118.77165354330708 547.3700787401575 29.480314960629922 13.32283464566929 de
133.51181102362204 547.3700787401575 53.85826771653543 13.32283464566929 l’image
172.62992125984252 547.3700787401575 39.118110236220474 13.32283464566929 dans
197.29133858267716 547.3700787401575 34.2992125984252 13.32283464566929 son
211.748031496063 547.3700787401575 49.039370078740156 13.32283464566929 arrière-

1.4173228346456692 558.7086614173228 43.37007874015748 13.32283464566929 plan,
30.330708661417322 558.7086614173228 57.826771653543304 13.32283464566929 problème
73.7007874015748 558.7086614173228 33.732283464566926 13.32283464566929 qui
92.97637795275591 558.7086614173228 28.913385826771652 13.32283464566929 se
107.43307086614173 558.7086614173228 38.55118110236221 13.32283464566929 pose
131.5275590551181 558.7086614173228 24.094488188976378 13.32283464566929 à
140.88188976377953 558.7086614173228 38.55118110236221 13.32283464566929 tout
164.9763779527559 558.7086614173228 53.00787401574803 13.32283464566929 artiste
198.70866141732284 558.7086614173228 62.645669291338585 13.32283464566929 travaillant

0.8503937007874016 569.7637795275591 33.732283464566926 14.173228346456693 sur
20.125984251968504 569.7637795275591 28.913385826771652 14.173228346456693 la
34.58267716535433 569.7637795275591 48.188976377952756 14.173228346456693 figure
63.77952755905512 569.7637795275591 48.188976377952756 14.173228346456693 humaine.

14.173228346456693 577.7007874015748 41.10236220472441 17.858267716535433 Parmi
41.38582677165354 577.7007874015748 32.031496062992126 17.858267716535433 les
59.811023622047244 577.7007874015748 54.70866141732284 17.858267716535433 artistes
100.91338582677166 577.7007874015748 27.496062992125985 17.858267716535433 du
114.51968503937007 577.7007874015748 22.677165354330707 17.858267716535433 ’
123.59055118110236 577.7007874015748 45.63779527559055 17.858267716535433 Groupe
155.6220472440945 577.7007874015748 32.031496062992126 17.858267716535433 des
173.76377952755905 577.7007874015748 45.63779527559055 17.858267716535433 Jeunes
205.79527559055117 577.7007874015748 54.70866141732284 17.858267716535433 Artistes
242.36220472440945 577.7007874015748 18.141732283464567 17.858267716535433 :*

1.1338582677165354 594.7086614173228 29.480314960629922 11.622047244094489 de
15.874015748031496 594.7086614173228 53.85826771653543 11.622047244094489 Ceylan,
54.99212598425197 594.7086614173228 39.118110236220474 11.622047244094489 deux
79.37007874015748 594.7086614173228 29.480314960629922 11.622047244094489 se
94.11023622047244 594.7086614173228 39.118110236220474 11.622047244094489 sont
118.48818897637796 594.7086614173228 39.118110236220474 11.622047244094489 fait
142.86614173228347 594.7086614173228 63.496062992125985 11.622047244094489 remarquer
191.90551181102362 594.7086614173228 39.118110236220474 11.622047244094489 tout
211.46456692913387 594.7086614173228 49.039370078740156 11.622047244094489 particu-

1.1338582677165354 603.496062992126 72.56692913385827 11.622047244094489 lièrement:
58.110236220472444 603.496062992126 41.38582677165354 11.622047244094489 Miss
83.90551181102362 603.496062992126 41.38582677165354 11.622047244094489 lone
109.98425196850394 603.496062992126 51.874015748031496 11.622047244094489 Pieris
145.98425196850394 603.496062992126 31.181102362204726 11.622047244094489 et
161.5748031496063 603.496062992126 51.874015748031496 11.622047244094489 Gemunu
192.75590551181102 603.496062992126 56.976377952755904 11.622047244094489 Fernando.

238.39370078740157 620.2204724409448 20.976377952755904 12.755905511811024 39
