307.84251968503935 672.6614173228346
24.944881889763778 33.44881889763779 51.023622047244096 18.708661417322833 CHILI

126.99212598425197 76.81889763779527 64.91338582677166 14.456692913385826 PEINTURE
175.46456692913387 76.81889763779527 32.31496062992126 14.456692913385826 ET
186.51968503937007 76.81889763779527 43.08661417322835 14.456692913385826 DESSIN

60.37795275590551 91.55905511811024 56.976377952755904 15.874015748031496 Ricardo
105.16535433070867 91.55905511811024 81.35433070866142 15.874015748031496 IRARRAZAVAL
174.33070866141733 91.55905511811024 24.37795275590551 15.874015748031496 né
186.51968503937007 91.55905511811024 24.37795275590551 15.874015748031496 en
198.70866141732284 91.55905511811024 32.59842519685039 15.874015748031496 1931
219.11811023622047 91.55905511811024 20.409448818897637 15.874015748031496 à
227.33858267716536 91.55905511811024 48.75590551181102 15.874015748031496 Santiago
259.65354330708664 91.55905511811024 28.62992125984252 15.874015748031496 (Chi)

50.173228346456696 103.46456692913385 45.63779527559055 14.173228346456693 1
84.4724409448819 103.46456692913385 34.2992125984252 14.173228346456693 Envol
107.14960629921259 103.46456692913385 38.267716535433074 14.173228346456693 marin,
133.79527559055117 103.46456692913385 30.614173228346456 14.173228346456693 1964
153.0708661417323 103.46456692913385 41.95275590551181 14.173228346456693 (huile,
183.4015748031496 103.46456692913385 26.64566929133858 14.173228346456693 130
198.70866141732284 103.46456692913385 18.992125984251967 14.173228346456693 x
206.36220472440945 103.46456692913385 30.614173228346456 14.173228346456693 97).
225.35433070866142 103.46456692913385 53.29133858267716 14.173228346456693 Collection
263.62204724409446 103.46456692913385 26.64566929133858 14.173228346456693 Caros

55.84251968503937 116.22047244094489 36.8503937007874 11.338582677165354 Cruzat.

50.45669291338583 121.32283464566929 42.23622047244095 17.007874015748033 2
82.20472440944881 121.32283464566929 53.00787401574803 17.007874015748033 Attachement
124.44094488188976 121.32283464566929 17.5748031496063 17.007874015748033 à
131.5275590551181 121.32283464566929 21.25984251968504 17.007874015748033 la
142.01574803149606 121.32283464566929 35.1496062992126 17.007874015748033 terre,
166.6771653543307 121.32283464566929 28.346456692913385 17.007874015748033 1964
184.53543307086613 121.32283464566929 38.83464566929134 17.007874015748033 (huile,
212.5984251968504 121.32283464566929 24.661417322834644 17.007874015748033 130
226.77165354330708 121.32283464566929 17.5748031496063 17.007874015748033 x
233.85826771653544 121.32283464566929 28.346456692913385 17.007874015748033 97).
248.03149606299212 121.32283464566929 42.23622047244095 17.007874015748033 Collection

59.52755905511811 133.51181102362204 39.40157480314961 12.755905511811024 Sergio
83.33858267716535 133.51181102362204 39.40157480314961 12.755905511811024 Larrain.

49.60629921259842 140.31496062992127 44.22047244094488 13.88976377952756 3
82.77165354330708 140.31496062992127 44.22047244094488 13.88976377952756 Présence
115.93700787401575 140.31496062992127 55.275590551181104 13.88976377952756 ancestrale,
160.15748031496062 140.31496062992127 29.480314960629922 13.88976377952756 1965
178.58267716535434 140.31496062992127 40.53543307086614 13.88976377952756 (huile,
208.06299212598427 140.31496062992127 25.79527559055118 13.88976377952756 100
222.8031496062992 140.31496062992127 18.4251968503937 13.88976377952756 x
226.48818897637796 140.31496062992127 25.79527559055118 13.88976377952756 160).

49.32283464566929 151.37007874015748 43.653543307086615 14.173228346456693 4
82.20472440944881 151.37007874015748 51.023622047244096 14.173228346456693 Personnage
122.1732283464567 151.37007874015748 25.511811023622048 14.173228346456693 des
136.91338582677164 151.37007874015748 36.56692913385827 14.173228346456693 Andes,
162.4251968503937 151.37007874015748 29.19685039370079 14.173228346456693 1965
180.56692913385828 151.37007874015748 39.968503937007874 14.173228346456693 (huile,
209.76377952755905 151.37007874015748 25.511811023622048 14.173228346456693 130
224.2204724409449 151.37007874015748 18.141732283464567 14.173228346456693 x
231.59055118110237 151.37007874015748 29.19685039370079 14.173228346456693 97).
246.33070866141733 151.37007874015748 43.653543307086615 14.173228346456693 Collection

58.39370078740158 162.4251968503937 54.425196850393704 12.755905511811024 Augustin
94.67716535433071 162.4251968503937 49.889763779527556 12.755905511811024 Edwards.»

49.889763779527556 172.06299212598427 45.63779527559055 11.05511811023622 5
84.18897637795276 172.06299212598427 53.29133858267716 11.05511811023622 Personnage
126.14173228346456 172.06299212598427 30.614173228346456 11.05511811023622 dans
145.13385826771653 172.06299212598427 22.96062992125984 11.05511811023622 le
156.4724409448819 172.06299212598427 45.63779527559055 11.05511811023622 paysage,
190.77165354330708 172.06299212598427 30.614173228346456 11.05511811023622 1965
209.76377952755905 172.06299212598427 41.95275590551181 11.05511811023622 (huile,
240.3779527559055 172.06299212598427 26.64566929133858 11.05511811023622 130
255.68503937007873 172.06299212598427 18.992125984251967 11.05511811023622 x
259.37007874015745 172.06299212598427 22.96062992125984 11.05511811023622 97).

141.4488188976378 184.8188976377953 68.88188976377953 18.4251968503937 SCULPTURE

59.811023622047244 204.9448818897638 64.91338582677166 13.606299212598426 Valentina
112.25196850393701 204.9448818897638 52.724409448818896 13.606299212598426 CRUZ,
152.78740157480314 204.9448818897638 28.346456692913385 13.606299212598426 née
169.22834645669292 204.9448818897638 24.37795275590551 13.606299212598426 en
181.13385826771653 204.9448818897638 32.31496062992126 13.606299212598426 1939
201.54330708661416 204.9448818897638 20.125984251968504 13.606299212598426 à
209.48031496062993 204.9448818897638 56.69291338582677 13.606299212598426 Concepcion
250.01574803149606 204.9448818897638 36.56692913385827 13.606299212598426 (Chii).

50.45669291338583 216.56692913385828 43.653543307086615 13.32283464566929 6
83.33858267716535 216.56692913385828 25.511811023622048 13.32283464566929 Les
97.79527559055119 216.56692913385828 39.968503937007874 13.32283464566929 vigies,
126.99212598425197 216.56692913385828 29.19685039370079 13.32283464566929 1963
145.13385826771653 216.56692913385828 54.425196850393704 13.32283464566929 (sculptures
188.78740157480314 216.56692913385828 39.968503937007874 13.32283464566929 creuses
217.70078740157481 216.56692913385828 29.19685039370079 13.32283464566929 avec
236.1259842519685 216.56692913385828 54.425196850393704 13.32283464566929 serpillière
276.09448818897636 216.56692913385828 14.456692913385826 13.32283464566929 et

59.52755905511811 225.63779527559055 38.55118110236221 13.32283464566929 colle
85.32283464566929 225.63779527559055 42.803149606299215 13.32283464566929 forte,
115.08661417322834 225.63779527559055 51.30708661417323 13.32283464566929 retenues
153.63779527559055 225.63779527559055 30.04724409448819 13.32283464566929 par
170.9291338582677 225.63779527559055 25.79527559055118 13.32283464566929 du
183.68503937007873 225.63779527559055 47.05511811023622 13.32283464566929 ciment,
217.98425196850394 225.63779527559055 30.04724409448819 13.32283464566929 200
235.2755905511811 225.63779527559055 21.543307086614174 13.32283464566929 x
243.7795275590551 225.63779527559055 30.04724409448819 13.32283464566929 125
260.78740157480314 225.63779527559055 21.543307086614174 13.32283464566929 x
265.03937007874015 225.63779527559055 25.79527559055118 13.32283464566929 84).

59.52755905511811 238.11023622047244 61.79527559055118 9.070866141732283 Collection
108.0 238.11023622047244 39.68503937007874 9.070866141732283 Musée
134.64566929133858 238.11023622047244 39.68503937007874 9.070866141732283 d’Art
156.75590551181102 238.11023622047244 43.93700787401575 9.070866141732283 Moderne.

50.173228346456696 247.46456692913387 43.08661417322835 11.05511811023622 7
82.48818897637796 247.46456692913387 32.31496062992126 11.05511811023622 Homme
104.03149606299213 247.46456692913387 36.0 11.05511811023622 assis,
129.25984251968504 247.46456692913387 28.62992125984252 11.05511811023622 1964
147.11811023622047 247.46456692913387 53.85826771653543 11.05511811023622 (sculptures
190.20472440944883 247.46456692913387 39.40157480314961 11.05511811023622 creuses
219.11811023622047 247.46456692913387 28.62992125984252 11.05511811023622 avec
236.9763779527559 247.46456692913387 53.85826771653543 11.05511811023622 serpillière
276.37795275590554 247.46456692913387 14.456692913385826 11.05511811023622 et

60.09448818897638 254.26771653543307 36.56692913385827 12.755905511811024 colle
84.18897637795276 254.26771653543307 40.53543307086614 12.755905511811024 forte,
112.53543307086615 254.26771653543307 48.47244094488189 12.755905511811024 retenues
149.10236220472441 254.26771653543307 28.346456692913385 12.755905511811024 par
165.25984251968504 254.26771653543307 24.37795275590551 12.755905511811024 du
177.4488188976378 254.26771653543307 44.503937007874015 12.755905511811024 ciment,
209.76377952755905 254.26771653543307 28.346456692913385 12.755905511811024 158
226.20472440944883 254.26771653543307 20.125984251968504 12.755905511811024 x
234.14173228346456 254.26771653543307 24.37795275590551 12.755905511811024 62
246.33070866141733 254.26771653543307 20.125984251968504 12.755905511811024 x
250.29921259842519 254.26771653543307 24.37795275590551 12.755905511811024 70).

50.45669291338583 265.8897637795276 45.07086614173228 10.488188976377952 8
84.18897637795276 265.8897637795276 33.732283464566926 10.488188976377952 Homme
106.58267716535433 265.8897637795276 41.38582677165354 10.488188976377952 debout,
136.62992125984252 265.8897637795276 30.04724409448819 10.488188976377952 1964
155.33858267716536 265.8897637795276 56.40944881889764 10.488188976377952 (sculptures
200.40944881889763 265.8897637795276 41.38582677165354 10.488188976377952 creuses
230.45669291338584 265.8897637795276 30.04724409448819 10.488188976377952 avec
245.48031496062993 265.8897637795276 45.07086614173228 10.488188976377952 serpillièe

60.09448818897638 272.9763779527559 24.661417322834644 14.456692913385826 et
72.28346456692914 272.9763779527559 36.8503937007874 14.456692913385826 colle
96.66141732283465 272.9763779527559 40.818897637795274 14.456692913385826 forte,
125.29133858267717 272.9763779527559 49.039370078740156 14.456692913385826 retenues
162.14173228346456 272.9763779527559 28.62992125984252 14.456692913385826 par
178.58267716535434 272.9763779527559 24.661417322834644 14.456692913385826 du
190.77165354330708 272.9763779527559 45.07086614173228 14.456692913385826 ciment,
223.6535433070866 272.9763779527559 28.62992125984252 14.456692913385826 225
239.81102362204723 272.9763779527559 20.409448818897637 14.456692913385826 x
248.03149606299212 272.9763779527559 24.661417322834644 14.456692913385826 70
260.2204724409449 272.9763779527559 20.409448818897637 14.456692913385826 x
264.4724409448819 272.9763779527559 20.409448818897637 14.456692913385826 40)

49.32283464566929 642.3307086614174 20.976377952755904 12.188976377952756 42
