307.84251968503935 672.6614173228346
2.267716535433071 19.275590551181104 120.4724409448819 19.275590551181104 GUATEMALA

50.74015748031496 124.44094488188976 94.96062992125984 23.811023622047244 Commissaire
126.4251968503937 124.44094488188976 75.96850393700787 23.811023622047244 général:
183.4015748031496 124.44094488188976 50.45669291338583 23.811023622047244 Aida
215.1496062992126 124.44094488188976 56.976377952755904 23.811023622047244 Campo
246.61417322834646 124.44094488188976 63.21259842519685 23.811023622047244 Asturias

46.488188976377955 142.01574803149606 126.70866141732283 13.88976377952756 Directeur
143.71653543307087 142.01574803149606 68.31496062992126 13.88976377952756 des
182.83464566929135 142.01574803149606 146.26771653543307 13.88976377952756 Beaux-Arts.

36.8503937007874 181.13385826771653 51.30708661417323 17.291338582677167 Roberto
73.98425196850394 181.13385826771653 56.125984251968504 17.291338582677167 Cabrera,
116.22047244094489 181.13385826771653 70.01574803149606 17.291338582677167 dessinateur
172.06299212598427 181.13385826771653 28.062992125984252 17.291338582677167 et
186.23622047244095 181.13385826771653 51.30708661417323 17.291338582677167 graveur
218.83464566929135 181.13385826771653 51.30708661417323 17.291338582677167 maintient

23.52755905511811 193.88976377952756 36.56692913385827 15.874015748031496 son
44.22047244094488 193.88976377952756 78.23622047244095 15.874015748031496 inspiration
106.86614173228347 193.88976377952756 31.181102362204726 15.874015748031496 au
122.45669291338582 193.88976377952756 52.15748031496063 15.874015748031496 niveau
158.74015748031496 193.88976377952756 41.669291338582674 15.874015748031496 d’un
184.8188976377953 193.88976377952756 72.85039370078741 15.874015748031496 archaïsme,
242.07874015748033 193.88976377952756 36.56692913385827 15.874015748031496 qui
263.0551181102362 193.88976377952756 57.25984251968504 15.874015748031496 s’éloi¬

23.244094488188978 203.5275590551181 36.0 17.007874015748033 gne
43.653543307086615 203.5275590551181 30.89763779527559 17.007874015748033 de
59.24409448818898 203.5275590551181 46.20472440944882 17.007874015748033 l’art
90.14173228346456 203.5275590551181 66.89763779527559 17.007874015748033 populaire
141.4488188976378 203.5275590551181 41.10236220472441 17.007874015748033 mais
167.24409448818898 203.5275590551181 41.10236220472441 17.007874015748033 s’en
193.03937007874015 203.5275590551181 46.20472440944882 17.007874015748033 tient
223.93700787401573 203.5275590551181 30.89763779527559 17.007874015748033 au
234.14173228346456 203.5275590551181 36.0 17.007874015748033 champ

23.244094488188978 215.43307086614172 74.26771653543307 11.05511811023622 traditionnel
83.62204724409449 215.43307086614172 60.37795275590551 11.05511811023622 mystique.
129.82677165354332 215.43307086614172 32.59842519685039 11.05511811023622 Ses
148.53543307086613 215.43307086614172 64.91338582677166 11.05511811023622 ressources
199.55905511811022 215.43307086614172 37.13385826771653 11.05511811023622 vont
222.8031496062992 215.43307086614172 27.77952755905512 11.05511811023622 de
232.15748031496062 215.43307086614172 37.13385826771653 11.05511811023622 l’Apo-

23.244094488188978 224.50393700787401 56.40944881889764 15.874015748031496 calypse
64.34645669291339 224.50393700787401 30.89763779527559 15.874015748031496 au
79.65354330708661 224.50393700787401 51.30708661417323 15.874015748031496 Chilam
115.65354330708661 224.50393700787401 46.20472440944882 15.874015748031496 Balam
146.26771653543307 224.50393700787401 30.89763779527559 15.874015748031496 de
161.85826771653544 224.50393700787401 41.10236220472441 15.874015748031496 Mani
187.37007874015748 224.50393700787401 30.89763779527559 15.874015748031496 ou
202.96062992125985 224.50393700787401 30.89763779527559 15.874015748031496 de
213.16535433070865 224.50393700787401 56.40944881889764 15.874015748031496 Chumayel.

22.11023622047244 236.1259842519685 35.1496062992126 14.740157480314961 au
39.68503937007874 236.1259842519685 82.20472440944881 14.740157480314961 Popol-Vuh,
104.31496062992126 236.1259842519685 29.480314960629922 14.740157480314961 à
116.22047244094489 236.1259842519685 35.1496062992126 14.740157480314961 la
133.79527559055117 236.1259842519685 76.25196850393701 14.740157480314961 recherche
192.4724409448819 236.1259842519685 35.1496062992126 14.740157480314961 de
210.04724409448818 236.1259842519685 35.1496062992126 14.740157480314961 la
227.6220472440945 236.1259842519685 76.25196850393701 14.740157480314961 tradition
286.2992125984252 236.1259842519685 35.1496062992126 14.740157480314961 et

21.543307086614174 248.03149606299212 36.8503937007874 16.15748031496063 du
39.968503937007874 248.03149606299212 67.46456692913385 16.15748031496063 mystère
89.00787401574803 248.03149606299212 79.65354330708661 16.15748031496063 permanent
150.23622047244095 248.03149606299212 36.8503937007874 16.15748031496063 du
168.66141732283464 248.03149606299212 54.99212598425197 16.15748031496063 passé
205.51181102362204 248.03149606299212 79.65354330708661 16.15748031496063 indigène.
266.74015748031496 248.03149606299212 36.8503937007874 16.15748031496063 Il
285.1653543307087 248.03149606299212 36.8503937007874 16.15748031496063 ne

22.393700787401574 256.53543307086613 33.732283464566926 17.858267716535433 le
39.40157480314961 256.53543307086613 45.07086614173228 17.858267716535433 fait
67.46456692913385 256.53543307086613 39.40157480314961 17.858267716535433 pas
90.14173228346456 256.53543307086613 39.40157480314961 17.858267716535433 par
112.53543307086615 256.53543307086613 62.07874015748032 17.858267716535433 intérêt
157.60629921259843 256.53543307086613 112.81889763779527 17.858267716535433 anthropologique,
253.41732283464566 256.53543307086613 45.07086614173228 17.858267716535433 mais
281.76377952755905 256.53543307086613 39.40157480314961 17.858267716535433 par

22.393700787401574 269.29133858267716 42.51968503937008 14.740157480314961 gôut
49.039370078740156 269.29133858267716 79.93700787401575 14.740157480314961 esthétique.
112.81889763779527 269.29133858267716 47.90551181102362 14.740157480314961 Comme
144.8503937007874 269.29133858267716 69.16535433070867 14.740157480314961 matériel,
198.14173228346456 269.29133858267716 32.031496062992126 14.740157480314961 il
214.01574803149606 269.29133858267716 58.67716535433071 14.740157480314961 emploie
256.53543307086613 269.29133858267716 63.77952755905512 14.740157480314961 l’huile.

22.393700787401574 278.6456692913386 41.10236220472441 15.023622047244094 les
45.92125984251968 278.6456692913386 70.2992125984252 15.023622047244094 collages
98.64566929133858 278.6456692913386 35.1496062992126 15.023622047244094 et
116.22047244094489 278.6456692913386 35.1496062992126 15.023622047244094 le
133.79527559055117 278.6456692913386 47.05511811023622 15.023622047244094 bois
163.2755905511811 278.6456692913386 35.1496062992126 15.023622047244094 et
180.8503937007874 278.6456692913386 52.724409448818896 15.023622047244094 aussi
216.0 278.6456692913386 41.10236220472441 15.023622047244094 des
239.5275590551181 278.6456692913386 82.20472440944881 15.023622047244094 techniques

21.826771653543307 290.5511811023622 64.62992125984252 11.622047244094489 mixtes,
68.88188976377953 290.5511811023622 47.05511811023622 11.622047244094489 avec
98.07874015748031 290.5511811023622 35.1496062992126 11.622047244094489 du
115.65354330708661 290.5511811023622 64.62992125984252 11.622047244094489 plâtre,
162.70866141732284 290.5511811023622 35.1496062992126 11.622047244094489 et
180.28346456692913 290.5511811023622 35.1496062992126 11.622047244094489 du
197.85826771653544 290.5511811023622 58.67716535433071 11.622047244094489 sable.
238.96062992125985 290.5511811023622 41.10236220472441 11.622047244094489 Ses
262.48818897637796 290.5511811023622 58.67716535433071 11.622047244094489 formes

22.11023622047244 301.3228346456693 33.16535433070866 13.039370078740157 en
38.83464566929134 301.3228346456693 72.0 13.039370078740157 expansion
94.11023622047244 301.3228346456693 94.11023622047244 13.039370078740157 morphologique
171.49606299212599 301.3228346456693 33.16535433070866 13.039370078740157 et
188.2204724409449 301.3228346456693 72.0 13.039370078740157 organique
243.49606299212599 301.3228346456693 33.16535433070866 13.039370078740157 se
259.93700787401576 301.3228346456693 60.94488188976378 13.039370078740157 istuent

23.244094488188978 311.5275590551181 28.346456692913385 13.606299212598426 au
37.41732283464567 311.5275590551181 47.338582677165356 13.606299212598426 milieu
70.58267716535433 311.5275590551181 28.346456692913385 13.606299212598426 de
84.75590551181102 311.5275590551181 56.69291338582677 13.606299212598426 l’espace
127.2755905511811 311.5275590551181 28.346456692913385 13.606299212598426 et
141.4488188976378 311.5275590551181 28.346456692913385 13.606299212598426 la
155.6220472440945 311.5275590551181 70.86614173228347 13.606299212598426 composition
212.31496062992127 311.5275590551181 28.346456692913385 13.606299212598426 se
221.66929133858267 311.5275590551181 47.338582677165356 13.606299212598426 complète

23.52755905511811 320.59842519685037 33.732283464566926 15.023622047244094 par
42.803149606299215 320.59842519685037 33.732283464566926 15.023622047244094 des
62.07874015748032 320.59842519685037 67.18110236220473 15.023622047244094 empreintes
114.80314960629921 320.59842519685037 72.0 15.023622047244094 plaisantes,
172.62992125984252 320.59842519685037 43.37007874015748 15.023622047244094 parmi
201.54330708661416 320.59842519685037 67.18110236220473 15.023622047244094 lesquelles
249.4488188976378 320.59842519685037 19.275590551181104 15.023622047244094 le

22.677165354330707 333.07086614173227 41.95275590551181 15.023622047244094 sexe
48.75590551181102 333.07086614173227 62.92913385826772 15.023622047244094 apparait
96.09448818897638 333.07086614173227 31.46456692913386 15.023622047244094 de
111.68503937007874 333.07086614173227 47.338582677165356 15.023622047244094 façon
138.04724409448818 333.07086614173227 68.31496062992126 15.023622047244094 permanente.

35.1496062992126 344.12598425196853 44.78740157480315 18.708661417322833 Marco
65.19685039370079 344.12598425196853 49.60629921259842 18.708661417322833 Agusto
99.77952755905511 344.12598425196853 49.60629921259842 18.708661417322833 Quiroa
134.64566929133858 344.12598425196853 34.86614173228347 18.708661417322833 est
154.48818897637796 344.12598425196853 29.763779527559056 18.708661417322833 un
169.51181102362204 344.12598425196853 94.39370078740157 18.708661417322833 expressionniste
243.7795275590551 344.12598425196853 24.944881889763778 18.708661417322833 aux

23.52755905511811 356.0314960629921 47.90551181102362 14.173228346456693 riches
57.25984251968504 356.0314960629921 57.54330708661417 14.173228346456693 couleurs
100.34645669291339 356.0314960629921 33.44881889763779 14.173228346456693 qui
119.33858267716535 356.0314960629921 52.724409448818896 14.173228346456693 revient
157.88976377952756 356.0314960629921 33.44881889763779 14.173228346456693 aux
177.16535433070865 356.0314960629921 47.90551181102362 14.173228346456693 thèmes
205.79527559055117 356.0314960629921 62.36220472440945 14.173228346456693 populaires,

23.52755905511811 369.3543307086614 42.23622047244095 13.039370078740157 d’une
51.874015748031496 369.3543307086614 51.874015748031496 13.039370078740157 manière
89.5748031496063 369.3543307086614 56.40944881889764 13.039370078740157 ironique
131.81102362204723 369.3543307086614 28.346456692913385 13.039370078740157 et
145.98425196850394 369.3543307086614 66.04724409448819 13.039370078740157 originale.
197.85826771653544 369.3543307086614 28.346456692913385 13.039370078740157 La
212.03149606299212 369.3543307086614 51.874015748031496 13.039370078740157 réalité
244.91338582677164 369.3543307086614 23.52755905511811 13.039370078740157 est

23.811023622047244 379.84251968503935 55.275590551181104 14.173228346456693 exprimée
65.19685039370079 379.84251968503935 32.31496062992126 14.173228346456693 par
83.62204724409449 379.84251968503935 32.31496062992126 14.173228346456693 lui
102.04724409448819 379.84251968503935 41.38582677165354 14.173228346456693 d’une
129.82677165354332 379.84251968503935 41.38582677165354 14.173228346456693 façon
157.3228346456693 379.84251968503935 69.16535433070867 14.173228346456693 personnelle
208.06299212598427 379.84251968503935 59.811023622047244 14.173228346456693 caractéris-

23.811023622047244 388.06299212598424 46.20472440944882 14.740157480314961 tique,
56.125984251968504 388.06299212598424 32.31496062992126 14.740157480314961 qui
74.55118110236221 388.06299212598424 55.275590551181104 14.740157480314961 rappelle
115.93700787401575 388.06299212598424 32.31496062992126 14.740157480314961 les
134.36220472440945 388.06299212598424 46.20472440944882 14.740157480314961 formes
166.6771653543307 388.06299212598424 50.74015748031496 14.740157480314961 dentées
203.5275590551181 388.06299212598424 27.77952755905512 14.740157480314961 et
212.88188976377953 388.06299212598424 55.275590551181104 14.740157480314961 archaïques

23.52755905511811 399.68503937007875 28.062992125984252 11.905511811023622 de
37.7007874015748 399.68503937007875 28.062992125984252 11.905511811023622 la
51.874015748031496 399.68503937007875 60.94488188976378 11.905511811023622 sculpture
98.92913385826772 399.68503937007875 84.4724409448819 11.905511811023622 précolombienne
169.22834645669292 399.68503937007875 28.062992125984252 11.905511811023622 et
183.4015748031496 399.68503937007875 32.881889763779526 11.905511811023622 les
202.11023622047244 399.68503937007875 65.76377952755905 11.905511811023622 statuettes
249.16535433070865 399.68503937007875 18.708661417322833 11.905511811023622 de

23.52755905511811 411.87401574803147 49.889763779527556 13.32283464566929 magie.
58.39370078740158 411.87401574803147 39.968503937007874 13.32283464566929 Avec
83.33858267716535 411.87401574803147 34.86614173228347 13.32283464566929 des
103.46456692913385 411.87401574803147 59.811023622047244 13.32283464566929 couleurs
148.251968503937 411.87401574803147 30.04724409448819 13.32283464566929 au
163.2755905511811 411.87401574803147 34.86614173228347 13.32283464566929 feu
183.11811023622047 411.87401574803147 30.04724409448819 13.32283464566929 et
198.14173228346456 411.87401574803147 54.70866141732284 13.32283464566929 l’huile
233.00787401574803 411.87401574803147 34.86614173228347 13.32283464566929 qu'il

23.811023622047244 420.9448818897638 50.74015748031496 14.173228346456693 mélange
60.661417322834644 420.9448818897638 32.31496062992126 14.173228346456693 aux
79.08661417322834 420.9448818897638 50.74015748031496 14.173228346456693 métaux,
115.93700787401575 420.9448818897638 27.77952755905512 14.173228346456693 il
129.82677165354332 420.9448818897638 50.74015748031496 14.173228346456693 exprime
166.6771653543307 420.9448818897638 64.62992125984252 14.173228346456693 l’attitude
212.88188976377953 420.9448818897638 55.275590551181104 14.173228346456693 hermétique

23.52755905511811 431.1496062992126 34.2992125984252 16.15748031496063 que
43.08661417322835 431.1496062992126 39.118110236220474 16.15748031496063 nous
67.46456692913385 431.1496062992126 43.93700787401575 16.15748031496063 avons
96.94488188976378 431.1496062992126 53.85826771653543 16.15748031496063 héritée
136.06299212598427 431.1496062992126 34.2992125984252 16.15748031496063 des
150.51968503937007 431.1496062992126 49.039370078740156 16.15748031496063 Indiens.

36.0 443.62204724409446 48.188976377952756 16.440944881889763 Efrain
69.73228346456693 443.62204724409446 53.00787401574803 16.440944881889763 Recinos
108.56692913385827 443.62204724409446 24.094488188976378 16.440944881889763 a
118.20472440944881 443.62204724409446 33.732283464566926 16.440944881889763 une
137.48031496062993 443.62204724409446 62.92913385826772 16.440944881889763 technique
185.66929133858267 443.62204724409446 38.55118110236221 16.440944881889763 très
204.9448818897638 443.62204724409446 62.92913385826772 16.440944881889763 différente.

24.944881889763778 454.1102362204724 49.32283464566929 14.456692913385826 Partant
60.94488188976378 454.1102362204724 40.53543307086614 14.456692913385826 d’une
87.8740157480315 454.1102362204724 36.0 14.456692913385826 base
110.26771653543307 454.1102362204724 49.32283464566929 14.456692913385826 d’émail
146.26771653543307 454.1102362204724 36.0 14.456692913385826 noir
168.66141732283464 454.1102362204724 31.46456692913386 14.456692913385826 sur
186.8031496062992 454.1102362204724 58.39370078740158 14.456692913385826 masonite,
231.59055118110237 454.1102362204724 26.929133858267715 14.456692913385826 il
240.66141732283464 454.1102362204724 26.929133858267715 14.456692913385826 pro-

23.244094488188978 466.2992125984252 46.77165354330709 15.307086614173228 voque
54.425196850393704 466.2992125984252 57.25984251968504 15.307086614173228 presque
96.09448818897638 466.2992125984252 36.56692913385827 15.307086614173228 des
116.78740157480316 466.2992125984252 57.25984251968504 15.307086614173228 reliefs
158.45669291338584 466.2992125984252 31.181102362204726 15.307086614173228 de
174.04724409448818 466.2992125984252 62.36220472440945 15.307086614173228 couleurs
221.10236220472441 466.2992125984252 41.669291338582674 15.307086614173228 avec
241.79527559055117 466.2992125984252 26.078740157480315 15.307086614173228 des

24.37795275590551 476.78740157480314 47.90551181102362 15.307086614173228 couches
58.960629921259844 476.78740157480314 26.078740157480315 15.307086614173228 de
72.0 476.78740157480314 56.40944881889764 15.307086614173228 plastique
115.65354330708661 476.78740157480314 26.078740157480315 15.307086614173228 et
128.69291338582678 476.78740157480314 26.078740157480315 15.307086614173228 de
141.73228346456693 476.78740157480314 52.15748031496063 15.307086614173228 solvants
180.8503937007874 476.78740157480314 60.94488188976378 15.307086614173228 auxquelles
228.75590551181102 476.78740157480314 26.078740157480315 15.307086614173228 il
237.54330708661416 476.78740157480314 30.330708661417322 15.307086614173228 joint

23.811023622047244 487.5590551181102 34.01574803149607 17.858267716535433 des
43.08661417322835 487.5590551181102 63.21259842519685 17.858267716535433 matériaux
91.84251968503936 487.5590551181102 48.75590551181102 17.858267716535433 divers
125.85826771653544 487.5590551181102 43.653543307086615 17.858267716535433 comme
155.0551181102362 487.5590551181102 34.01574803149607 17.858267716535433 des
174.61417322834646 487.5590551181102 63.21259842519685 17.858267716535433 peintures
218.26771653543307 487.5590551181102 48.75590551181102 17.858267716535433 phospho-

24.37795275590551 499.748031496063 66.61417322834646 15.590551181102363 rescentes.
76.81889763779527 499.748031496063 37.98425196850393 15.590551181102363 Tout
100.62992125984252 499.748031496063 37.98425196850393 15.590551181102363 ceci
124.44094488188976 499.748031496063 42.803149606299215 15.590551181102363 donne
153.0708661417323 499.748031496063 42.803149606299215 15.590551181102363 comme
181.70078740157481 499.748031496063 57.25984251968504 15.590551181102363 résultat
224.50393700787401 499.748031496063 33.44881889763779 15.590551181102363 des
238.6771653543307 499.748031496063 28.62992125984252 15.590551181102363 mon-

24.37795275590551 509.38582677165357 30.89763779527559 16.440944881889763 des
42.23622047244095 509.38582677165357 57.54330708661417 16.440944881889763 poétiques
86.45669291338582 509.38582677165357 26.64566929133858 16.440944881889763 où
99.77952755905511 509.38582677165357 30.89763779527559 16.440944881889763 les
117.35433070866142 509.38582677165357 53.00787401574803 16.440944881889763 fantômes
157.3228346456693 509.38582677165357 26.64566929133858 16.440944881889763 de
170.64566929133858 509.38582677165357 57.54330708661417 16.440944881889763 l’artiste
210.33070866141733 509.38582677165357 57.54330708661417 16.440944881889763 prennentvie

24.094488188976378 519.5905511811023 29.763779527559056 14.456692913385826 et
39.118110236220474 519.5905511811023 74.55118110236221 14.456692913385826 s’ordonnent
98.64566929133858 519.5905511811023 39.68503937007874 14.456692913385826 dans
123.59055118110236 519.5905511811023 29.763779527559056 14.456692913385826 un
138.33070866141733 519.5905511811023 44.78740157480315 14.456692913385826 chaos
168.3779527559055 519.5905511811023 29.763779527559056 14.456692913385826 de
183.11811023622047 519.5905511811023 49.60629921259842 14.456692913385826 formes
212.88188976377953 519.5905511811023 54.70866141732284 14.456692913385826 emmélées.

25.228346456692915 529.511811023622 25.228346456692915 17.007874015748033 Il
37.98425196850393 529.511811023622 33.732283464566926 17.007874015748033 fait
58.960629921259844 529.511811023622 37.7007874015748 17.007874015748033 aussi
84.18897637795276 529.511811023622 25.228346456692915 17.007874015748033 de
96.66141732283465 529.511811023622 25.228346456692915 17.007874015748033 la
109.41732283464567 529.511811023622 54.70866141732284 17.007874015748033 sculpture
151.37007874015748 529.511811023622 25.228346456692915 17.007874015748033 et
163.84251968503938 529.511811023622 25.228346456692915 17.007874015748033 de
172.3464566929134 529.511811023622 71.43307086614173 17.007874015748033 l’architecture.

36.56692913385827 543.6850393700787 37.13385826771653 19.275590551181104 Luis
59.52755905511811 543.6850393700787 37.13385826771653 19.275590551181104 Diaz
82.77165354330708 543.6850393700787 46.20472440944882 19.275590551181104 Aldana
115.08661417322834 543.6850393700787 32.31496062992126 19.275590551181104 est
133.79527559055117 543.6850393700787 27.77952755905512 19.275590551181104 le
147.68503937007873 543.6850393700787 37.13385826771653 19.275590551181104 plus
170.64566929133858 543.6850393700787 41.669291338582674 19.275590551181104 jeune
198.4251968503937 543.6850393700787 27.77952755905512 19.275590551181104 du
212.31496062992127 543.6850393700787 51.023622047244096 19.275590551181104 groupe.
244.62992125984252 543.6850393700787 23.244094488188978 19.275590551181104 Son

24.944881889763778 553.3228346456693 49.32283464566929 15.874015748031496 travail
60.94488188976378 553.3228346456693 31.46456692913386 15.874015748031496 est
78.80314960629921 553.3228346456693 49.32283464566929 15.874015748031496 orienté
114.80314960629921 553.3228346456693 36.0 15.874015748031496 vers
137.1968503937008 553.3228346456693 31.46456692913386 15.874015748031496 les
155.0551181102362 553.3228346456693 62.92913385826772 15.874015748031496 techniques
200.1259842519685 553.3228346456693 67.18110236220473 15.874015748031496 industrielles

25.511811023622048 564.9448818897638 28.62992125984252 19.275590551181104 Il
39.968503937007874 564.9448818897638 52.44094488188976 19.275590551181104 emploie
77.95275590551181 564.9448818897638 33.16535433070866 19.275590551181104 des
96.94488188976378 564.9448818897638 61.79527559055118 19.275590551181104 matériaux
144.56692913385828 564.9448818897638 42.803149606299215 19.275590551181104 comme
172.91338582677164 564.9448818897638 28.62992125984252 19.275590551181104 le
187.37007874015748 564.9448818897638 37.98425196850393 19.275590551181104 jute
211.1811023622047 564.9448818897638 28.62992125984252 19.275590551181104 et
225.35433070866142 564.9448818897638 28.62992125984252 19.275590551181104 la
234.99212598425197 564.9448818897638 33.16535433070866 19.275590551181104 paile

25.511811023622048 576.8503937007874 27.496062992125985 12.472440944881889 et
39.118110236220474 576.8503937007874 32.031496062992126 12.472440944881889 les
57.54330708661417 576.8503937007874 41.10236220472441 12.472440944881889 émaux
84.75590551181102 576.8503937007874 36.56692913385827 12.472440944881889 pour
107.71653543307086 576.8503937007874 41.10236220472441 12.472440944881889 bois.
134.9291338582677 576.8503937007874 32.031496062992126 12.472440944881889 Ses
153.35433070866142 576.8503937007874 45.63779527559055 12.472440944881889 œuvres
185.10236220472441 576.8503937007874 27.496062992125985 12.472440944881889 ne
198.99212598425197 576.8503937007874 36.56692913385827 12.472440944881889 sont
221.66929133858267 576.8503937007874 32.031496062992126 12.472440944881889 pas
235.2755905511811 576.8503937007874 32.031496062992126 12.472440944881889 figu-

25.79527559055118 587.6220472440945 51.30708661417323 17.5748031496063 ratives
62.92913385826772 587.6220472440945 37.41732283464567 17.5748031496063 mais
86.1732283464567 587.6220472440945 37.41732283464567 17.5748031496063 dans
109.7007874015748 587.6220472440945 65.19685039370079 17.5748031496063 l’entrelac
161.00787401574803 587.6220472440945 32.59842519685039 17.5748031496063 des
179.43307086614172 587.6220472440945 46.77165354330709 17.5748031496063 formes
212.31496062992127 587.6220472440945 28.062992125984252 17.5748031496063 on
221.38582677165354 587.6220472440945 46.77165354330709 17.5748031496063 remarque

24.661417322834644 597.8267716535433 52.15748031496063 17.5748031496063 quelque
62.645669291338585 597.8267716535433 42.803149606299215 17.5748031496063 cité,
90.99212598425197 597.8267716535433 52.15748031496063 17.5748031496063 quelque
128.9763779527559 597.8267716535433 75.96850393700787 17.5748031496063 architecture
185.95275590551182 597.8267716535433 66.33070866141732 17.5748031496063 mystérieuse.

165.25984251968504 621.3543307086615 39.118110236220474 16.15748031496063 Aïda
189.63779527559055 621.3543307086615 43.93700787401575 16.15748031496063 Campo
214.01574803149606 621.3543307086615 53.574803149606296 16.15748031496063 Asturias.

18.708661417322833 634.6771653543307 23.244094488188978 14.740157480314961 62
