307.84251968503935 660.7559055118111
33.16535433070866 5.669291338582677 170.9291338582677 24.661417322834644 MANIFESTATIONS
171.7795275590551 5.669291338582677 105.73228346456693 24.661417322834644 ANNEXES

110.83464566929133 284.0314960629921 61.511811023622045 14.456692913385826 GALERIE
153.35433070866142 284.0314960629921 89.85826771653544 14.456692913385826 TRANSPOSITION

71.43307086614173 293.1023622047244 33.732283464566926 19.84251968503937 132,
92.40944881889764 293.1023622047244 54.70866141732284 19.84251968503937 boulevard
134.64566929133858 293.1023622047244 50.45669291338583 19.84251968503937 Raspail,
172.62992125984252 293.1023622047244 37.98425196850393 19.84251968503937 Paris
197.85826771653544 293.1023622047244 33.732283464566926 19.84251968503937 (6e)
218.83464566929135 293.1023622047244 20.976377952755904 19.84251968503937 —
227.33858267716536 293.1023622047244 33.732283464566926 19.84251968503937 DAN.
244.06299212598427 293.1023622047244 33.732283464566926 19.84251968503937 75

72.0 305.5748031496063 60.661417322834644 18.708661417322833 Exposition
119.62204724409449 305.5748031496063 26.078740157480315 18.708661417322833 du
132.66141732283464 305.5748031496063 26.078740157480315 18.708661417322833 29
145.70078740157481 305.5748031496063 56.40944881889764 18.708661417322833 septembre
188.78740157480314 305.5748031496063 26.078740157480315 18.708661417322833 au
201.82677165354332 305.5748031496063 26.078740157480315 18.708661417322833 16
214.86614173228347 305.5748031496063 47.62204724409449 18.708661417322833 octobre
245.1968503937008 305.5748031496063 30.330708661417322 18.708661417322833 1965.

68.03149606299213 317.76377952755905 58.960629921259844 20.125984251968504 Vernissage
114.51968503937007 317.76377952755905 25.228346456692915 20.125984251968504 le
126.99212598425197 317.76377952755905 50.74015748031496 20.125984251968504 mercredi
164.9763779527559 317.76377952755905 25.228346456692915 20.125984251968504 29
177.73228346456693 317.76377952755905 54.70866141732284 20.125984251968504 septembre
219.96850393700788 317.76377952755905 25.228346456692915 20.125984251968504 de
232.44094488188978 317.76377952755905 25.228346456692915 20.125984251968504 17
245.1968503937008 317.76377952755905 20.976377952755904 20.125984251968504 à
253.70078740157481 317.76377952755905 25.228346456692915 20.125984251968504 20
261.9212598425197 317.76377952755905 17.007874015748033 20.125984251968504 h.

72.0 329.1023622047244 32.31496062992126 17.291338582677167 Tous
92.1259842519685 329.1023622047244 28.346456692913385 17.291338582677167 les
108.28346456692914 329.1023622047244 36.56692913385827 17.291338582677167 jours
132.66141732283464 329.1023622047244 32.31496062992126 17.291338582677167 sauf
153.0708661417323 329.1023622047244 24.37795275590551 17.291338582677167 le
165.25984251968504 329.1023622047244 48.75590551181102 17.291338582677167 dimanche
201.54330708661416 329.1023622047244 24.37795275590551 17.291338582677167 et
213.73228346456693 329.1023622047244 24.37795275590551 17.291338582677167 le
225.92125984251967 329.1023622047244 36.56692913385827 17.291338582677167 lundi
246.33070866141733 329.1023622047244 28.346456692913385 17.291338582677167 matin

89.00787401574803 341.00787401574803 25.511811023622048 17.858267716535433 de
101.76377952755905 341.00787401574803 25.511811023622048 17.858267716535433 10
114.51968503937007 341.00787401574803 21.25984251968504 17.858267716535433 n
123.02362204724409 341.00787401574803 25.511811023622048 17.858267716535433 30
136.06299212598427 341.00787401574803 21.25984251968504 17.858267716535433 à
144.56692913385828 341.00787401574803 25.511811023622048 17.858267716535433 12
157.3228346456693 341.00787401574803 21.25984251968504 17.858267716535433 h
165.82677165354332 341.00787401574803 25.511811023622048 17.858267716535433 et
178.58267716535434 341.00787401574803 25.511811023622048 17.858267716535433 de
191.33858267716536 341.00787401574803 25.511811023622048 17.858267716535433 14
204.09448818897638 341.00787401574803 21.25984251968504 17.858267716535433 n
212.5984251968504 341.00787401574803 25.511811023622048 17.858267716535433 30
225.63779527559055 341.00787401574803 21.25984251968504 17.858267716535433 à
234.14173228346456 341.00787401574803 25.511811023622048 17.858267716535433 19
242.64566929133858 341.00787401574803 17.007874015748033 17.858267716535433 h.

145.13385826771653 370.20472440944883 56.125984251968504 16.440944881889763 REQUIEM

41.669291338582674 384.09448818897636 40.53543307086614 15.023622047244094 Peintres

41.669291338582674 399.68503937007875 35.1496062992126 14.173228346456693 Bela
59.52755905511811 399.68503937007875 35.1496062992126 14.173228346456693 Birkas

41.10236220472441 411.87401574803147 55.275590551181104 13.88976377952756 François
77.95275590551181 411.87401574803147 41.38582677165354 13.88976377952756 Chapuis

40.25196850393701 421.2283464566929 64.62992125984252 13.039370078740157 Jacqueline
86.1732283464567 421.2283464566929 32.31496062992126 13.039370078740157 Hurot

38.83464566929134 430.01574803149606 53.85826771653543 14.173228346456693 Thomas
71.14960629921259 430.01574803149606 37.7007874015748 14.173228346456693 Konok

39.40157480314961 440.2204724409449 44.503937007874015 12.755905511811024 Andrea
66.04724409448819 440.2204724409449 35.71653543307087 12.755905511811024 Picini

38.55118110236221 449.00787401574803 47.338582677165356 13.88976377952756 Serna
64.91338582677166 449.00787401574803 36.8503937007874 13.88976377952756 Romos

180.28346456692913 387.496062992126 55.55905511811024 15.874015748031496 Sculpteurs

185.66929133858267 406.20472440944883 54.14173228346457 13.88976377952756 Hildegard
223.08661417322836 406.20472440944883 29.19685039370079 13.88976377952756 Bilik

179.1496062992126 416.6929133858268 47.338582677165356 10.771653543307087 Bonnard

183.68503937007873 426.3307086614173 32.59842519685039 11.338582677165354 Jan
197.5748031496063 426.3307086614173 37.13385826771653 11.338582677165354 Firmin

183.96850393700788 435.68503937007875 48.47244094488189 12.188976377952756 Mathyas
214.86614173228347 435.68503937007875 35.43307086614173 12.188976377952756 Liptai

183.68503937007873 444.755905511811 37.98425196850393 12.755905511811024 Ervin
204.9448818897638 444.755905511811 33.732283464566926 12.755905511811024 Patkaï

182.83464566929135 454.3937007874016 34.01574803149607 14.456692913385826 Ina
197.29133858267716 454.3937007874016 53.29133858267716 14.456692913385826 Rodenburg

39.68503937007874 469.13385826771656 23.811023622047244 19.84251968503937 En
51.59055118110236 469.13385826771656 39.68503937007874 19.84251968503937 annexe
79.37007874015748 469.13385826771656 19.84251968503937 19.84251968503937 à
87.30708661417323 469.13385826771656 23.811023622047244 19.84251968503937 la
99.21259842519684 469.13385826771656 51.59055118110236 19.84251968503937 Biennale,
138.61417322834646 469.13385826771656 27.77952755905512 19.84251968503937 six
154.48818897637796 469.13385826771656 55.55905511811024 19.84251968503937 sculpteurs
198.14173228346456 469.13385826771656 23.811023622047244 19.84251968503937 et
210.04724409448818 469.13385826771656 27.77952755905512 19.84251968503937 six
225.92125984251967 469.13385826771656 47.62204724409449 19.84251968503937 peintres
257.38582677165357 469.13385826771656 35.71653543307087 19.84251968503937 membres

38.83464566929134 480.4724409448819 26.362204724409448 17.291338582677167 du
51.874015748031496 480.4724409448819 48.188976377952756 17.291338582677167 travail
87.02362204724409 480.4724409448819 52.44094488188976 17.291338582677167 d’Equipe
126.4251968503937 480.4724409448819 21.826771653543307 17.291338582677167 «
135.21259842519686 480.4724409448819 48.188976377952756 17.291338582677167 Requiem
170.07874015748033 480.4724409448819 21.826771653543307 17.291338582677167 ,
178.86614173228347 480.4724409448819 61.22834645669291 17.291338582677167 organisent
227.0551181102362 480.4724409448819 30.614173228346456 17.291338582677167 une
240.3779527559055 480.4724409448819 52.44094488188976 17.291338582677167 exposition

38.55118110236221 490.3937007874016 26.929133858267715 15.590551181102363 qui
54.14173228346457 490.3937007874016 19.275590551181104 15.590551181102363 a
61.79527559055118 490.3937007874016 30.89763779527559 15.590551181102363 pour
81.07086614173228 490.3937007874016 26.929133858267715 15.590551181102363 but
96.37795275590551 490.3937007874016 61.511811023622045 15.590551181102363 d’expliciter
146.26771653543307 490.3937007874016 22.96062992125984 15.590551181102363 et
157.88976377952756 490.3937007874016 57.826771653543304 15.590551181102363 d’illustrer
204.09448818897638 490.3937007874016 38.55118110236221 15.590551181102363 l’idée
231.0236220472441 490.3937007874016 61.511811023622045 15.590551181102363 fondamentale
277.2283464566929 490.3937007874016 15.307086614173228 15.590551181102363 de

38.267716535433074 501.4488188976378 24.661417322834644 13.88976377952756 ce
50.45669291338583 501.4488188976378 45.07086614173228 13.88976377952756 groupe:
83.33858267716535 501.4488188976378 20.409448818897637 13.88976377952756 à
91.55905511811024 501.4488188976378 45.07086614173228 13.88976377952756 savoir:
124.44094488188976 501.4488188976378 24.661417322834644 13.88976377952756 la
136.62992125984252 501.4488188976378 53.29133858267716 13.88976377952756 recherche
177.73228346456693 501.4488188976378 36.8503937007874 13.88976377952756 d’une
202.39370078740157 501.4488188976378 49.32283464566929 13.88976377952756 nouvelle
235.2755905511811 501.4488188976378 57.54330708661417 13.88976377952756 spiritualité

37.98425196850393 507.9685039370079 30.614173228346456 12.755905511811024 dans
53.574803149606296 507.9685039370079 30.614173228346456 12.755905511811024 l’art.

38.267716535433074 524.1259842519685 27.212598425196852 18.4251968503937 Ces
53.85826771653543 524.1259842519685 46.77165354330709 18.4251968503937 artistes
89.00787401574803 524.1259842519685 34.86614173228347 18.4251968503937 n’ont
112.25196850393701 524.1259842519685 27.212598425196852 18.4251968503937 pas
127.84251968503936 524.1259842519685 23.244094488188978 18.4251968503937 la
139.46456692913387 524.1259842519685 54.425196850393704 18.4251968503937 prétention
182.26771653543307 524.1259842519685 42.803149606299215 18.4251968503937 d’avoir
213.4488188976378 524.1259842519685 31.181102362204726 18.4251968503937 mené
232.7244094488189 524.1259842519685 19.559055118110237 18.4251968503937 à
240.66141732283464 524.1259842519685 27.212598425196852 18.4251968503937 son
252.28346456692913 524.1259842519685 38.83464566929134 18.4251968503937 aboutis-

37.13385826771653 534.3307086614174 42.23622047244095 18.708661417322833 sement
66.61417322834646 534.3307086614174 25.228346456692915 18.708661417322833 ce
79.37007874015748 534.3307086614174 54.70866141732284 18.708661417322833 programme
121.60629921259843 534.3307086614174 54.70866141732284 18.708661417322833 ambitieux
163.84251968503938 534.3307086614174 29.480314960629922 18.708661417322833 qui
180.56692913385828 534.3307086614174 37.98425196850393 18.708661417322833 n’est
205.79527559055117 534.3307086614174 25.228346456692915 18.708661417322833 en
218.5511811023622 534.3307086614174 33.732283464566926 18.708661417322833 fait
235.55905511811022 534.3307086614174 54.70866141732284 18.708661417322833 qu’ébauché;

37.7007874015748 544.2519685039371 32.59842519685039 17.5748031496063 mais
58.110236220472444 544.2519685039371 28.62992125984252 17.5748031496063 ils
74.26771653543307 544.2519685039371 57.25984251968504 17.5748031496063 témoignent
119.05511811023622 544.2519685039371 36.8503937007874 17.5748031496063 ainsi
143.71653543307087 544.2519685039371 36.8503937007874 17.5748031496063 d’une
168.09448818897638 544.2519685039371 57.25984251968504 17.5748031496063 aspiration
213.16535433070865 544.2519685039371 28.62992125984252 17.5748031496063 que
229.3228346456693 544.2519685039371 24.37795275590551 17.5748031496063 la
241.51181102362204 544.2519685039371 28.62992125984252 17.5748031496063 vie
253.70078740157481 544.2519685039371 36.8503937007874 17.5748031496063 moderne

36.8503937007874 553.3228346456693 53.574803149606296 16.15748031496063 satisfait
78.23622047244095 553.3228346456693 24.661417322834644 16.15748031496063 de
90.70866141732283 553.3228346456693 37.13385826771653 16.15748031496063 moins
115.37007874015748 553.3228346456693 24.661417322834644 16.15748031496063 en
123.59055118110236 553.3228346456693 33.16535433070866 16.15748031496063 moins.

37.7007874015748 569.4803149606299 34.86614173228347 18.708661417322833 C’est
61.22834645669291 569.4803149606299 46.488188976377955 18.708661417322833 pourquoi
96.09448818897638 569.4803149606299 27.212598425196852 18.708661417322833 ces
111.68503937007874 569.4803149606299 34.86614173228347 18.708661417322833 douze
134.9291338582677 569.4803149606299 46.488188976377955 18.708661417322833 artistes
169.79527559055117 569.4803149606299 46.488188976377955 18.708661417322833 estimant
204.9448818897638 569.4803149606299 27.212598425196852 18.708661417322833 que
220.251968503937 569.4803149606299 34.86614173228347 18.708661417322833 l’art
243.7795275590551 569.4803149606299 31.181102362204726 18.708661417322833 doit
259.0866141732283 569.4803149606299 31.181102362204726 18.708661417322833 expri-

36.8503937007874 578.5511811023622 26.929133858267715 18.141732283464567 mer
52.44094488188976 578.5511811023622 26.929133858267715 18.141732283464567 par
67.74803149606299 578.5511811023622 22.96062992125984 18.141732283464567 la
79.08661417322834 578.5511811023622 57.54330708661417 18.141732283464567 sensibilité
125.29133858267717 578.5511811023622 26.929133858267715 18.141732283464567 une
140.5984251968504 578.5511811023622 53.85826771653543 18.141732283464567 profondeur
182.83464566929135 578.5511811023622 61.511811023622045 18.141732283464567 spirituelle,
232.7244094488189 578.5511811023622 22.96062992125984 18.141732283464567 se
244.3464566929134 578.5511811023622 30.614173228346456 18.141732283464567 sont
259.65354330708664 578.5511811023622 30.614173228346456 18.141732283464567 réunis

36.28346456692913 588.7559055118111 42.23622047244095 16.15748031496063 autour
65.76377952755905 588.7559055118111 25.228346456692915 16.15748031496063 du
78.51968503937007 588.7559055118111 37.98425196850393 16.15748031496063 thème
104.03149606299213 588.7559055118111 25.228346456692915 16.15748031496063 du
116.50393700787401 588.7559055118111 21.25984251968504 16.15748031496063 *
125.00787401574803 588.7559055118111 50.74015748031496 16.15748031496063 Requiem?
163.2755905511811 588.7559055118111 29.480314960629922 16.15748031496063 qui
180.0 588.7559055118111 46.488188976377955 16.15748031496063 offrait
214.01574803149606 588.7559055118111 21.25984251968504 16.15748031496063 à
222.23622047244095 588.7559055118111 33.732283464566926 16.15748031496063 leur
239.24409448818898 588.7559055118111 50.74015748031496 16.15748031496063 méditation

36.56692913385827 599.2440944881889 25.79527559055118 15.023622047244094 un
49.32283464566929 599.2440944881889 38.55118110236221 15.023622047244094 large
75.11811023622047 599.2440944881889 38.55118110236221 15.023622047244094 champ
100.91338582677166 599.2440944881889 68.5984251968504 15.023622047244094 d’expérience
156.75590551181102 599.2440944881889 25.79527559055118 15.023622047244094 et
169.79527559055117 599.2440944881889 55.84251968503937 15.023622047244094 répondait
212.5984251968504 599.2440944881889 21.543307086614174 15.023622047244094 à
221.38582677165354 599.2440944881889 38.55118110236221 15.023622047244094 leurs
246.89763779527559 599.2440944881889 43.08661417322835 15.023622047244094 soucis
272.6929133858268 599.2440944881889 17.291338582677167 15.023622047244094 de

36.56692913385827 608.5984251968504 57.25984251968504 16.15748031496063 rechercher
81.35433070866142 608.5984251968504 24.661417322834644 16.15748031496063 un
93.8267716535433 608.5984251968504 28.62992125984252 16.15748031496063 art
110.26771653543307 608.5984251968504 36.8503937007874 16.15748031496063 fondé
134.64566929133858 608.5984251968504 28.62992125984252 16.15748031496063 sur
151.08661417322836 608.5984251968504 24.661417322834644 16.15748031496063 la
159.30708661417322 608.5984251968504 36.8503937007874 16.15748031496063 pensée.

30.614173228346456 621.9212598425197 24.661417322834644 13.32283464566929 200
