287.1496062992126 672.6614173228346
162.70866141732284 13.88976377952756 78.80314960629921 18.4251968503937 PARAGUAY

8.78740157480315 53.574803149606296 29.480314960629922 25.228346456692915 les
25.79527559055118 53.574803149606296 46.20472440944882 25.228346456692915 troncs,
59.24409448818898 53.574803149606296 29.480314960629922 25.228346456692915 les
76.25196850393701 53.574803149606296 50.45669291338583 25.228346456692915 espaces,
114.23622047244095 53.574803149606296 25.228346456692915 25.228346456692915 de
126.70866141732283 53.574803149606296 46.20472440944882 25.228346456692915 lumière
160.44094488188978 53.574803149606296 37.98425196850393 25.228346456692915 entre
185.66929133858267 53.574803149606296 29.480314960629922 25.228346456692915 les
198.4251968503937 53.574803149606296 46.20472440944882 25.228346456692915 feuilles,

9.637795275590552 62.92913385826772 28.62992125984252 24.944881889763778 vus
25.79527559055118 62.92913385826772 20.409448818897637 24.944881889763778 à
34.01574803149607 62.92913385826772 44.78740157480315 24.944881889763778 travers
66.61417322834646 62.92913385826772 28.62992125984252 24.944881889763778 une
82.77165354330708 62.92913385826772 40.818897637795274 24.944881889763778 vision
111.4015748031496 62.92913385826772 56.976377952755904 24.944881889763778 surréelle,
156.18897637795277 62.92913385826772 24.37795275590551 24.944881889763778 où
168.3779527559055 62.92913385826772 28.62992125984252 24.944881889763778 les
184.53543307086613 62.92913385826772 40.818897637795274 24.944881889763778 traits
209.1968503937008 62.92913385826772 36.56692913385827 24.944881889763778 expres-

9.070866141732283 75.4015748031496 62.07874015748032 24.661417322834644 sionnistes
57.826771653543304 75.4015748031496 26.64566929133858 24.661417322834644 se
71.14960629921259 75.4015748031496 53.00787401574803 24.661417322834644 changent
110.83464566929133 75.4015748031496 26.64566929133858 24.661417322834644 en
124.15748031496064 75.4015748031496 35.43307086614173 24.661417322834644 purs
146.26771653543307 75.4015748031496 48.75590551181102 24.661417322834644 rythmes
181.70078740157481 75.4015748031496 26.64566929133858 24.661417322834644 de
190.48818897637796 75.4015748031496 39.968503937007874 24.661417322834644 lignes.

18.141732283464567 87.8740157480315 25.79527559055118 26.64566929133858 Il
30.89763779527559 87.8740157480315 47.62204724409449 26.64566929133858 devient
65.48031496062993 87.8740157480315 25.79527559055118 26.64566929133858 un
78.51968503937007 87.8740157480315 51.874015748031496 26.64566929133858 abstrait
117.35433070866142 87.8740157480315 60.37795275590551 26.64566929133858 expressif,
164.9763779527559 87.8740157480315 60.37795275590551 26.64566929133858 imaginatif
212.31496062992127 87.8740157480315 25.79527559055118 26.64566929133858 et
221.10236220472441 87.8740157480315 25.79527559055118 26.64566929133858 poé-

9.637795275590552 102.33070866141732 45.63779527559055 22.393700787401574 tique.
41.669291338582674 102.33070866141732 36.56692913385827 22.393700787401574 Rien
64.34645669291339 102.33070866141732 41.10236220472441 22.393700787401574 n’est
91.84251968503936 102.33070866141732 36.56692913385827 22.393700787401574 plus
114.80314960629921 102.33070866141732 50.173228346456696 22.393700787401574 éloigné
151.37007874015748 102.33070866141732 27.496062992125985 22.393700787401574 de
164.9763779527559 102.33070866141732 50.173228346456696 22.393700787401574 l’œuvre
201.54330708661416 102.33070866141732 27.496062992125985 22.393700787401574 de
210.61417322834646 102.33070866141732 36.56692913385827 22.393700787401574 Colom-

9.921259842519685 110.83464566929133 37.41732283464567 24.661417322834644 bino
33.44881889763779 110.83464566929133 32.881889763779526 24.661417322834644 que
52.15748031496063 110.83464566929133 28.062992125984252 24.661417322834644 le
66.33070866141732 110.83464566929133 46.77165354330709 24.661417322834644 hasard
98.92913385826772 110.83464566929133 28.062992125984252 24.661417322834644 ou
113.10236220472441 110.83464566929133 93.54330708661418 24.661417322834644 l’improvisation.
192.75590551181102 110.83464566929133 28.062992125984252 24.661417322834644 Sa
202.11023622047244 110.83464566929133 46.77165354330709 24.661417322834644 peinture

10.204724409448819 122.45669291338582 50.45669291338583 22.677165354330707 actuelle
48.188976377952756 122.45669291338582 29.480314960629922 22.677165354330707 est
64.91338582677166 122.45669291338582 25.228346456692915 22.677165354330707 le
77.38582677165354 122.45669291338582 37.7007874015748 22.677165354330707 fruit
102.61417322834646 122.45669291338582 25.228346456692915 22.677165354330707 de
115.37007874015748 122.45669291338582 58.960629921259844 22.677165354330707 recherches
161.5748031496063 122.45669291338582 67.18110236220473 22.677165354330707 conscientes,
212.03149606299212 122.45669291338582 37.7007874015748 22.677165354330707 fidèles

10.204724409448819 131.81102362204723 28.062992125984252 25.228346456692915 au
24.37795275590551 131.81102362204723 32.881889763779526 25.228346456692915 but
43.08661417322835 131.81102362204723 65.76377952755905 25.228346456692915 esthétique
94.96062992125984 131.81102362204723 32.881889763779526 25.228346456692915 que
113.66929133858268 131.81102362204723 28.062992125984252 25.228346456692915 le
127.84251968503936 131.81102362204723 51.59055118110236 25.228346456692915 peintre
165.54330708661416 131.81102362204723 28.062992125984252 25.228346456692915 se
179.43307086614172 131.81102362204723 56.40944881889764 25.228346456692915 propose.
217.13385826771653 131.81102362204723 32.881889763779526 25.228346456692915 C’est

10.771653543307087 143.71653543307087 53.00787401574803 23.811023622047244 pourquoi
50.74015748031496 143.71653543307087 35.43307086614173 23.811023622047244 elle
72.85039370078741 143.71653543307087 22.11023622047244 23.811023622047244 a
81.63779527559055 143.71653543307087 30.89763779527559 23.811023622047244 été
99.21259842519684 143.71653543307087 48.47244094488189 23.811023622047244 choisie
134.64566929133858 143.71653543307087 39.68503937007874 23.811023622047244 comme
161.00787401574803 143.71653543307087 26.64566929133858 23.811023622047244 la
174.33070866141733 143.71653543307087 35.43307086614173 23.811023622047244 plus
191.90551181102362 143.71653543307087 57.54330708661417 23.811023622047244 représenta-

11.05511811023622 154.48818897637796 36.8503937007874 21.826771653543307 tive
34.01574803149607 154.48818897637796 32.31496062992126 21.826771653543307 des
52.44094488188976 154.48818897637796 36.8503937007874 21.826771653543307 arts
75.4015748031496 154.48818897637796 64.62992125984252 21.826771653543307 plastiques
126.14173228346456 154.48818897637796 50.74015748031496 21.826771653543307 actuels
162.99212598425197 154.48818897637796 27.77952755905512 21.826771653543307 du
176.88188976377953 154.48818897637796 55.275590551181104 21.826771653543307 Paraguay
218.26771653543307 154.48818897637796 32.31496062992126 21.826771653543307 par
232.15748031496062 154.48818897637796 18.4251968503937 21.826771653543307 sa

11.05511811023622 164.1259842519685 55.55905511811024 22.96062992125984 matière,
52.44094488188976 164.1259842519685 32.31496062992126 22.96062992125984 par
71.14960629921259 164.1259842519685 32.31496062992126 22.96062992125984 les
89.5748031496063 164.1259842519685 46.20472440944882 22.96062992125984 motifs
121.88976377952756 164.1259842519685 55.55905511811024 22.96062992125984 profonds
163.2755905511811 164.1259842519685 27.77952755905512 22.96062992125984 de
177.16535433070865 164.1259842519685 32.31496062992126 22.96062992125984 son
191.0551181102362 164.1259842519685 60.09448818897638 22.96062992125984 inspiration

11.338582677165354 179.43307086614172 29.480314960629922 20.409448818897637 par
28.346456692913385 179.43307086614172 29.480314960629922 20.409448818897637 ses
45.07086614173228 179.43307086614172 46.488188976377955 20.409448818897637 rythmes
78.80314960629921 179.43307086614172 25.228346456692915 20.409448818897637 et
91.55905511811024 179.43307086614172 29.480314960629922 20.409448818897637 par
108.28346456692914 179.43307086614172 29.480314960629922 20.409448818897637 son
121.03937007874016 179.43307086614172 42.23622047244095 20.409448818897637 sérieux.

133.22834645669292 198.99212598425197 46.77165354330709 19.559055118110237 Rubén
164.40944881889763 198.99212598425197 57.25984251968504 19.559055118110237 Bareiro
200.69291338582678 198.99212598425197 52.15748031496063 19.559055118110237 Saguier.

84.75590551181102 270.1417322834646 62.07874015748032 20.976377952755904 PEINTURE
131.24409448818898 270.1417322834646 31.181102362204726 20.976377952755904 ET
141.73228346456693 270.1417322834646 41.38582677165354 20.976377952755904 DESSIN

24.944881889763778 284.31496062992125 55.84251968503937 21.25984251968504 Carlos
67.74803149606299 284.31496062992125 77.38582677165354 21.25984251968504 COLOMBINO
132.3779527559055 284.31496062992125 25.79527559055118 21.25984251968504 né
145.13385826771653 284.31496062992125 25.79527559055118 21.25984251968504 en
158.17322834645668 284.31496062992125 34.2992125984252 21.25984251968504 1937
179.43307086614172 284.31496062992125 21.543307086614174 21.25984251968504 à
188.2204724409449 284.31496062992125 60.09448818897638 21.25984251968504 Concepcion
231.0236220472441 284.31496062992125 25.79527559055118 21.25984251968504 (Pa

21.543307086614174 303.0236220472441 38.55118110236221 11.905511811023622 raguay).

18.141732283464567 305.5748031496063 40.818897637795274 16.15748031496063 1
48.75590551181102 305.5748031496063 47.62204724409449 16.15748031496063 Termitière
86.1732283464567 305.5748031496063 34.01574803149607 16.15748031496063 jaune,
109.98425196850394 305.5748031496063 27.212598425196852 16.15748031496063 1964
127.2755905511811 305.5748031496063 34.01574803149607 16.15748031496063 (huile
151.08661417322836 305.5748031496063 20.409448818897637 16.15748031496063 et
161.29133858267716 305.5748031496063 30.614173228346456 16.15748031496063 bois,
181.70078740157481 305.5748031496063 23.811023622047244 16.15748031496063 100
195.30708661417322 305.5748031496063 17.007874015748033 16.15748031496063 x
198.70866141732284 305.5748031496063 23.811023622047244 16.15748031496063 100).

18.141732283464567 318.8976377952756 93.25984251968504 14.173228346456693 2Héliotropisme,
100.62992125984252 318.8976377952756 28.62992125984252 14.173228346456693 1964
118.48818897637796 318.8976377952756 35.71653543307087 14.173228346456693 (huile
143.71653543307087 318.8976377952756 21.543307086614174 14.173228346456693 et
154.48818897637796 318.8976377952756 32.31496062992126 14.173228346456693 bois,
175.748031496063 318.8976377952756 24.944881889763778 14.173228346456693 102
190.20472440944883 318.8976377952756 17.858267716535433 14.173228346456693 x
193.88976377952756 318.8976377952756 24.944881889763778 14.173228346456693 100).

18.708661417322833 326.26771653543307 40.818897637795274 15.874015748031496 3
49.32283464566929 326.26771653543307 37.41732283464567 15.874015748031496 Presque
76.53543307086615 326.26771653543307 37.41732283464567 15.874015748031496 élégie,
103.74803149606299 326.26771653543307 27.212598425196852 15.874015748031496 1964
120.4724409448819 326.26771653543307 34.01574803149607 15.874015748031496 (huile
144.28346456692913 326.26771653543307 20.409448818897637 15.874015748031496 et
154.48818897637796 326.26771653543307 30.614173228346456 15.874015748031496 bois,
174.89763779527559 326.26771653543307 20.409448818897637 15.874015748031496 60
185.10236220472441 326.26771653543307 17.007874015748033 15.874015748031496 x
188.50393700787401 326.26771653543307 23.811023622047244 15.874015748031496 100).

18.708661417322833 335.33858267716533 43.37007874015748 15.307086614173228 4
51.30708661417323 335.33858267716533 64.91338582677166 15.307086614173228 Rapprochement,
105.16535433070867 335.33858267716533 28.913385826771652 15.307086614173228 1964
123.30708661417323 335.33858267716533 36.0 15.307086614173228 (huile
148.53543307086613 335.33858267716533 21.543307086614174 15.307086614173228 et
159.30708661417322 335.33858267716533 32.31496062992126 15.307086614173228 bois,
180.8503937007874 335.33858267716533 25.228346456692915 15.307086614173228 100
195.30708661417322 335.33858267716533 18.141732283464567 15.307086614173228 x
198.99212598425197 335.33858267716533 25.228346456692915 15.307086614173228 100).

252.0 633.8267716535433 22.11023622047244 12.755905511811024 95
