307.84251968503935 672.6614173228346
12.472440944881889 24.37795275590551 130.96062992125985 18.992125984251967 YOUGOSLAVIE

55.275590551181104 149.95275590551182 77.38582677165354 11.905511811023622 Commissaire
117.07086614173228 149.95275590551182 62.07874015748032 11.905511811023622 général:
163.55905511811022 149.95275590551182 51.59055118110236 11.905511811023622 Melita
194.74015748031496 149.95275590551182 36.0 11.905511811023622 Stele

55.84251968503937 163.84251968503938 70.01574803149606 15.874015748031496 Conservateur
112.53543307086615 163.84251968503938 26.078740157480315 15.874015748031496 du
125.5748031496063 163.84251968503938 39.40157480314961 15.874015748031496 Musée
151.93700787401573 163.84251968503938 39.40157480314961 15.874015748031496 d’Art
178.01574803149606 163.84251968503938 47.90551181102362 15.874015748031496 Moderne
212.88188976377953 163.84251968503938 26.078740157480315 15.874015748031496 de
221.66929133858267 163.84251968503938 52.44094488188976 15.874015748031496 Ljubljana.

39.118110236220474 210.33070866141733 40.25196850393701 13.88976377952756 Dans
64.34645669291339 210.33070866141733 30.330708661417322 13.88976377952756 le
79.37007874015748 210.33070866141733 45.354330708661415 13.88976377952756 cadre
109.7007874015748 210.33070866141733 30.330708661417322 13.88976377952756 de
125.00787401574803 210.33070866141733 30.330708661417322 13.88976377952756 la
140.03149606299212 210.33070866141733 45.354330708661415 13.88976377952756 jeune
170.36220472440945 210.33070866141733 70.58267716535433 13.88976377952756 génération
225.63779527559055 210.33070866141733 30.330708661417322 13.88976377952756 du
235.84251968503938 210.33070866141733 40.25196850393701 13.88976377952756 centre

26.078740157480315 222.23622047244095 66.04724409448819 13.88976377952756 artistique
77.95275590551181 222.23622047244095 28.346456692913385 13.88976377952756 de
92.1259842519685 222.23622047244095 61.22834645669291 13.88976377952756 Belgrade,
139.46456692913387 222.23622047244095 28.346456692913385 13.88976377952756 un
153.63779527559055 222.23622047244095 47.05511811023622 13.88976377952756 groupe
186.51968503937007 222.23622047244095 42.51968503937008 13.88976377952756 s’est
214.86614173228347 222.23622047244095 42.51968503937008 13.88976377952756 formé
243.21259842519686 222.23622047244095 28.346456692913385 13.88976377952756 en
252.56692913385828 222.23622047244095 23.52755905511811 13.88976377952756 ces

26.64566929133858 232.44094488188978 58.960629921259844 13.039370078740157 dernières
72.0 232.44094488188978 45.354330708661415 13.039370078740157 années
103.74803149606299 232.44094488188978 27.212598425196852 13.039370078740157 en
117.35433070866142 232.44094488188978 68.03149606299213 13.039370078740157 s’inspirant
172.06299212598427 232.44094488188978 31.748031496062993 13.039370078740157 des
190.20472440944883 232.44094488188978 40.818897637795274 13.039370078740157 idées
212.88188976377953 232.44094488188978 63.496062992125985 13.039370078740157 surréalistes

25.79527559055118 244.3464566929134 42.51968503937008 11.905511811023622 sans
52.44094488188976 244.3464566929134 47.90551181102362 11.905511811023622 qu’on
84.4724409448819 244.3464566929134 53.29133858267716 11.905511811023622 puisse
121.60629921259843 244.3464566929134 53.29133858267716 11.905511811023622 parler
159.0236220472441 244.3464566929134 42.51968503937008 11.905511811023622 d’un
185.66929133858267 244.3464566929134 69.16535433070867 11.905511811023622 programme
233.5748031496063 244.3464566929134 42.51968503937008 11.905511811023622 commun

26.362204724409448 255.11811023622047 68.5984251968504 9.921259842519685 rigoureux,
80.22047244094489 255.11811023622047 39.118110236220474 9.921259842519685 mais
104.5984251968504 255.11811023622047 49.039370078740156 9.921259842519685 plutôt
138.89763779527559 255.11811023622047 29.480314960629922 9.921259842519685 de
153.63779527559055 255.11811023622047 49.039370078740156 9.921259842519685 traits
187.93700787401573 255.11811023622047 53.85826771653543 9.921259842519685 communs
222.23622047244095 255.11811023622047 53.85826771653543 9.921259842519685 apparais-

26.362204724409448 265.6062992125984 38.267716535433074 11.05511811023622 sant
50.45669291338583 265.6062992125984 38.267716535433074 11.05511811023622 chez
74.26771653543307 265.6062992125984 47.90551181102362 11.05511811023622 divers
108.0 265.6062992125984 57.54330708661417 11.05511811023622 artistes
151.08661417322836 265.6062992125984 95.81102362204724 11.05511811023622 individuellement
227.90551181102362 265.6062992125984 47.90551181102362 11.05511811023622 caracté-

26.64566929133858 274.6771653543307 45.354330708661415 13.606299212598426 risés.
58.39370078740158 274.6771653543307 40.818897637795274 13.606299212598426 Parmi
85.60629921259843 274.6771653543307 31.748031496062993 13.606299212598426 les
103.74803149606299 274.6771653543307 36.28346456692913 13.606299212598426 plus
126.4251968503937 274.6771653543307 72.56692913385827 13.606299212598426 intéressants
185.66929133858267 274.6771653543307 27.212598425196852 13.606299212598426 de
199.2755905511811 274.6771653543307 31.748031496062993 13.606299212598426 ces
217.41732283464566 274.6771653543307 58.960629921259844 13.606299212598426 peintres,
258.23622047244095 274.6771653543307 18.141732283464567 13.606299212598426 il

25.79527559055118 285.4488188976378 37.7007874015748 13.606299212598426 faut
49.60629921259842 285.4488188976378 47.338582677165356 13.606299212598426 nommer
82.48818897637796 285.4488188976378 56.69291338582677 13.606299212598426 Vladimir
125.00787401574803 285.4488188976378 66.04724409448819 13.606299212598426 Velickovic
177.16535433070865 285.4488188976378 37.7007874015748 13.606299212598426 dont
200.69291338582678 285.4488188976378 33.16535433070866 13.606299212598426 les
219.68503937007873 285.4488188976378 47.338582677165356 13.606299212598426 toiles
248.03149606299212 285.4488188976378 28.346456692913385 13.606299212598426 nous

25.511811023622048 296.2204724409449 40.25196850393701 11.622047244094489 font
50.74015748031496 296.2204724409449 45.07086614173228 11.622047244094489 voir,
80.78740157480316 296.2204724409449 25.228346456692915 11.622047244094489 à
90.99212598425197 296.2204724409449 55.275590551181104 11.622047244094489 travers
130.96062992125985 296.2204724409449 35.1496062992126 11.622047244094489 des
151.08661417322836 296.2204724409449 65.19685039370079 11.622047244094489 réactions
196.44094488188978 296.2204724409449 80.22047244094489 11.622047244094489 psychologiques

26.078740157480315 307.2755905511811 66.04724409448819 11.338582677165354 complexes,
78.23622047244095 307.2755905511811 47.338582677165356 11.338582677165354 l’écho
111.11811023622047 307.2755905511811 75.68503937007874 11.338582677165354 d’événements
172.62992125984252 307.2755905511811 56.69291338582677 11.338582677165354 pénibles
215.1496062992126 307.2755905511811 28.346456692913385 11.338582677165354 et
224.78740157480314 307.2755905511811 51.874015748031496 11.338582677165354 sanglants

26.078740157480315 317.76377952755905 61.22834645669291 11.05511811023622 survenus
72.0 317.76377952755905 51.023622047244096 11.05511811023622 durant
107.71653543307086 317.76377952755905 66.33070866141732 11.05511811023622 l’enfance
159.0236220472441 317.76377952755905 30.614173228346456 11.05511811023622 du
174.33070866141733 317.76377952755905 61.22834645669291 11.05511811023622 peintre,
220.251968503937 317.76377952755905 56.125984251968504 11.05511811023622 pendant
255.96850393700788 317.76377952755905 20.409448818897637 11.05511811023622 la

26.078740157480315 328.53543307086613 51.874015748031496 13.32283464566929 guerre.
64.06299212598425 328.53543307086613 28.346456692913385 13.32283464566929 Il
78.23622047244095 328.53543307086613 33.16535433070866 13.32283464566929 les
96.94488188976378 328.53543307086613 47.338582677165356 13.32283464566929 traite
130.11023622047244 328.53543307086613 42.51968503937008 13.32283464566929 comme
158.45669291338584 328.53543307086613 28.346456692913385 13.32283464566929 un
172.62992125984252 328.53543307086613 80.22047244094489 13.32283464566929 avertissement
233.85826771653544 328.53543307086613 42.51968503937008 13.32283464566929 concer-

27.212598425196852 339.3070866141732 36.28346456692913 12.472440944881889 nant
49.889763779527556 339.3070866141732 27.212598425196852 12.472440944881889 la
63.496062992125985 339.3070866141732 68.03149606299213 12.472440944881889 possibilité
117.92125984251969 339.3070866141732 36.28346456692913 12.472440944881889 d’un
140.5984251968504 339.3070866141732 45.354330708661415 12.472440944881889 avenir
172.06299212598427 339.3070866141732 27.212598425196852 12.472440944881889 de
185.66929133858267 339.3070866141732 36.28346456692913 12.472440944881889 mort
208.3464566929134 339.3070866141732 27.212598425196852 12.472440944881889 et
217.41732283464566 339.3070866141732 58.960629921259844 12.472440944881889 d’anéantis-

26.078740157480315 350.0787401574803 51.874015748031496 11.622047244094489 sement.
64.06299212598425 350.0787401574803 33.16535433070866 11.622047244094489 Les
82.77165354330708 350.0787401574803 56.69291338582677 11.622047244094489 éléments
125.29133858267717 350.0787401574803 28.346456692913385 11.622047244094489 du
139.46456692913387 350.0787401574803 47.338582677165356 11.622047244094489 dessin
172.62992125984252 350.0787401574803 37.7007874015748 11.622047244094489 sont
196.15748031496062 350.0787401574803 61.511811023622045 11.622047244094489 fortement
238.6771653543307 350.0787401574803 37.7007874015748 11.622047244094489 accen-

26.078740157480315 360.0 42.51968503937008 13.039370078740157 tués,
54.425196850393704 360.0 28.346456692913385 13.039370078740157 le
68.5984251968504 360.0 75.4015748031496 13.039370078740157 défigurement
130.11023622047244 360.0 66.04724409448819 13.039370078740157 anatomique
181.98425196850394 360.0 33.16535433070866 13.039370078740157 est
200.9763779527559 360.0 47.338582677165356 13.039370078740157 voulu.
233.85826771653544 360.0 28.346456692913385 13.039370078740157 et
243.21259842519686 360.0 33.16535433070866 13.039370078740157 l’at-

26.64566929133858 373.3228346456693 57.54330708661417 9.637795275590552 mosphère
70.01574803149606 373.3228346456693 57.54330708661417 9.637795275590552 affreuse
113.10236220472441 373.3228346456693 33.732283464566926 9.637795275590552 est
132.3779527559055 373.3228346456693 57.54330708661417 9.637795275590552 exprimée
175.46456692913387 373.3228346456693 33.732283464566926 9.637795275590552 par
194.74015748031496 373.3228346456693 28.913385826771652 9.637795275590552 la
209.1968503937008 373.3228346456693 52.724409448818896 9.637795275590552 tension
242.64566929133858 373.3228346456693 33.732283464566926 9.637795275590552 entre

26.64566929133858 380.9763779527559 28.913385826771652 14.173228346456693 le
41.10236220472441 380.9763779527559 38.55118110236221 14.173228346456693 noir
65.19685039370079 380.9763779527559 28.913385826771652 14.173228346456693 et
79.65354330708661 380.9763779527559 28.913385826771652 14.173228346456693 le
93.8267716535433 380.9763779527559 43.37007874015748 14.173228346456693 blanc
122.74015748031496 380.9763779527559 28.913385826771652 14.173228346456693 et
137.1968503937008 380.9763779527559 62.36220472440945 14.173228346456693 renforcée
185.38582677165354 380.9763779527559 33.732283464566926 14.173228346456693 par
204.66141732283464 380.9763779527559 33.732283464566926 14.173228346456693 une
223.6535433070866 380.9763779527559 53.00787401574803 14.173228346456693 échelle
257.38582677165357 380.9763779527559 19.275590551181104 14.173228346456693 de

26.64566929133858 392.59842519685037 49.889763779527556 13.88976377952756 coloris
58.39370078740158 392.59842519685037 68.03149606299213 13.88976377952756 naturalistes.

39.68503937007874 407.0551181102362 40.25196850393701 10.771653543307087 D’un
64.91338582677166 407.0551181102362 65.48031496062993 10.771653543307087 fondement
115.08661417322834 407.0551181102362 65.48031496062993 10.771653543307087 analogue,
165.54330708661416 407.0551181102362 40.25196850393701 10.771653543307087 mais
190.48818897637796 407.0551181102362 45.354330708661415 10.771653543307087 d’une
215.71653543307087 407.0551181102362 60.37795275590551 10.771653543307087 expression

26.64566929133858 417.54330708661416 69.44881889763779 12.755905511811024 différente,
82.20472440944881 417.54330708661416 32.31496062992126 12.755905511811024 est
100.62992125984252 417.54330708661416 51.023622047244096 12.755905511811024 l’œuvre
137.76377952755905 417.54330708661416 27.77952755905512 12.755905511811024 du
151.6535433070866 417.54330708661416 51.023622047244096 12.755905511811024 peintre
188.78740157480314 417.54330708661416 27.77952755905512 12.755905511811024 et
202.6771653543307 417.54330708661416 51.023622047244096 12.755905511811024 peintre
234.99212598425197 417.54330708661416 41.669291338582674 12.755905511811024 graveur

27.212598425196852 427.46456692913387 46.77165354330709 11.905511811023622 Marko
58.110236220472444 427.46456692913387 77.66929133858268 11.905511811023622 Krsmanovic,
120.4724409448819 427.46456692913387 72.56692913385827 11.905511811023622 représenté
177.4488188976378 427.46456692913387 25.79527559055118 11.905511811023622 à
187.93700787401573 427.46456692913387 31.181102362204726 11.905511811023622 la
203.5275590551181 427.46456692913387 62.36220472440945 11.905511811023622 Biennale
244.91338582677164 427.46456692913387 31.181102362204726 11.905511811023622 avec

26.929133858267715 438.5196850393701 34.2992125984252 12.755905511811024 son
46.488188976377955 438.5196850393701 43.93700787401575 12.755905511811024 œuvre
75.68503937007874 438.5196850393701 68.5984251968504 12.755905511811024 graphique.
129.54330708661416 438.5196850393701 43.93700787401575 12.755905511811024 C’est
159.0236220472441 438.5196850393701 29.480314960629922 12.755905511811024 un
173.76377952755905 438.5196850393701 53.85826771653543 12.755905511811024 artiste
207.7795275590551 438.5196850393701 68.5984251968504 12.755905511811024 contemplati,

26.64566929133858 450.4251968503937 33.732283464566926 11.05511811023622 qui
45.92125984251968 450.4251968503937 38.55118110236221 11.05511811023622 nous
70.01574803149606 450.4251968503937 53.00787401574803 11.05511811023622 dévoile
108.28346456692914 450.4251968503937 33.732283464566926 11.05511811023622 ses
127.55905511811024 450.4251968503937 76.81889763779527 11.05511811023622 observations
190.20472440944883 450.4251968503937 28.913385826771652 11.05511811023622 et
204.66141732283464 450.4251968503937 33.732283464566926 11.05511811023622 ses
218.83464566929135 450.4251968503937 57.826771653543304 11.05511811023622 sentiments

27.496062992125985 461.76377952755905 34.2992125984252 11.905511811023622 par
47.05511811023622 461.76377952755905 34.2992125984252 11.905511811023622 des
66.61417322834646 461.76377952755905 53.574803149606296 11.905511811023622 accents
105.44881889763779 461.76377952755905 73.13385826771653 11.905511811023622 symboliques
164.1259842519685 461.76377952755905 29.19685039370079 11.905511811023622 et
178.86614173228347 461.76377952755905 34.2992125984252 11.905511811023622 des
198.14173228346456 461.76377952755905 48.75590551181102 11.905511811023622 signes
227.6220472440945 461.76377952755905 48.75590551181102 11.905511811023622 associa-

27.496062992125985 471.9685039370079 39.40157480314961 10.771653543307087 tifs.
53.574803149606296 471.9685039370079 26.078740157480315 10.771653543307087 Il
66.61417322834646 471.9685039370079 56.69291338582677 10.771653543307087 construit
110.26771653543307 471.9685039370079 30.614173228346456 10.771653543307087 ses
127.84251968503936 471.9685039370079 52.44094488188976 10.771653543307087 gravures
167.24409448818898 471.9685039370079 30.614173228346456 10.771653543307087 par
184.53543307086613 471.9685039370079 56.69291338582677 10.771653543307087 surfaces,
223.93700787401573 471.9685039370079 52.44094488188976 10.771653543307087 sillonnées

26.929133858267715 481.8897637795276 28.346456692913385 12.755905511811024 de
41.10236220472441 481.8897637795276 47.05511811023622 12.755905511811024 traits
73.98425196850394 481.8897637795276 75.4015748031496 12.755905511811024 profondément
135.21259842519686 481.8897637795276 47.05511811023622 12.755905511811024 gravés
168.09448818897638 481.8897637795276 23.52755905511811 12.755905511811024 à
177.4488188976378 481.8897637795276 75.4015748031496 12.755905511811024 l’eau-forte;
238.6771653543307 481.8897637795276 32.881889763779526 12.755905511811024 ses
252.8503937007874 481.8897637795276 23.52755905511811 12.755905511811024 em-

27.77952755905512 493.51181102362204 53.29133858267716 12.188976377952756 preintes
67.74803149606299 493.51181102362204 35.43307086614173 12.188976377952756 font
90.14173228346456 493.51181102362204 57.826771653543304 12.188976377952756 ressortir
134.36220472440945 493.51181102362204 26.64566929133858 12.188976377952756 un
147.68503937007873 493.51181102362204 44.503937007874015 12.188976377952756 relief
178.86614173228347 493.51181102362204 62.07874015748032 12.188976377952756 vigoureux;
227.90551181102362 493.51181102362204 35.43307086614173 12.188976377952756 pour
245.48031496062993 493.51181102362204 31.181102362204726 12.188976377952756 éche-

27.77952755905512 503.7165354330709 48.75590551181102 12.755905511811024 lonner
61.79527559055118 503.7165354330709 34.2992125984252 12.755905511811024 les
81.35433070866142 503.7165354330709 53.574803149606296 12.755905511811024 nuances
120.4724409448819 503.7165354330709 29.19685039370079 12.755905511811024 il
135.21259842519686 503.7165354330709 53.574803149606296 12.755905511811024 recourt
174.04724409448818 503.7165354330709 53.574803149606296 12.755905511811024 souvent
213.16535433070865 503.7165354330709 24.37795275590551 12.755905511811024 à
223.08661417322836 503.7165354330709 34.2992125984252 12.755905511811024 une
237.54330708661416 503.7165354330709 39.118110236220474 12.755905511811024 patine

23.244094488188978 513.6377952755905 50.45669291338583 15.590551181102363 discrète.

40.53543307086614 524.6929133858267 28.346456692913385 16.724409448818896 La
54.70866141732284 524.6929133858267 47.338582677165356 16.724409448818896 vision
87.8740157480315 524.6929133858267 66.04724409448819 16.724409448818896 artistique
139.748031496063 524.6929133858267 56.69291338582677 16.724409448818896 complexe
182.26771653543307 524.6929133858267 28.346456692913385 16.724409448818896 de
196.44094488188978 524.6929133858267 51.874015748031496 16.724409448818896 Zivojin
229.3228346456693 524.6929133858267 47.338582677165356 16.724409448818896 Turinski

28.062992125984252 539.1496062992126 60.94488188976378 11.05511811023622 manifeste
75.11811023622047 539.1496062992126 32.881889763779526 11.05511811023622 une
93.8267716535433 539.1496062992126 42.23622047244095 11.05511811023622 lutte
122.1732283464567 539.1496062992126 56.40944881889764 11.05511811023622 acharnée
164.40944881889763 539.1496062992126 37.41732283464567 11.05511811023622 pour
187.6535433070866 539.1496062992126 28.062992125984252 11.05511811023622 la
201.82677165354332 539.1496062992126 65.76377952755905 11.05511811023622 définition
248.88188976377953 539.1496062992126 28.062992125984252 11.05511811023622 per-

27.77952755905512 549.6377952755905 58.67716535433071 13.039370078740157 sonnelle
71.71653543307086 549.6377952755905 29.480314960629922 13.039370078740157 du
86.45669291338582 549.6377952755905 43.93700787401575 13.039370078740157 signe
115.65354330708661 549.6377952755905 39.118110236220474 13.039370078740157 qui,
140.31496062992127 549.6377952755905 34.2992125984252 13.039370078740157 peu
159.8740157480315 549.6377952755905 24.37795275590551 13.039370078740157 à
169.51181102362204 549.6377952755905 39.118110236220474 13.039370078740157 peu,
194.17322834645668 549.6377952755905 53.85826771653543 13.039370078740157 devient
228.18897637795277 549.6377952755905 49.039370078740156 13.039370078740157 symbole.

29.19685039370079 559.2755905511812 26.64566929133858 12.755905511811024 La
42.51968503937008 559.2755905511812 35.43307086614173 12.755905511811024 base
64.62992125984252 559.2755905511812 44.22047244094488 12.755905511811024 claire
95.81102362204724 559.2755905511812 26.64566929133858 12.755905511811024 de
109.13385826771653 559.2755905511812 26.64566929133858 12.755905511811024 la
122.1732283464567 559.2755905511812 57.54330708661417 12.755905511811024 peinture,
166.6771653543307 559.2755905511812 26.64566929133858 12.755905511811024 en
179.71653543307087 559.2755905511812 57.54330708661417 12.755905511811024 apparence
219.68503937007873 559.2755905511812 57.54330708661417 12.755905511811024 tranquille,

28.346456692913385 571.1811023622047 36.28346456692913 11.905511811023622 aux
49.039370078740156 571.1811023622047 46.488188976377955 11.905511811023622 menus
79.93700787401575 571.1811023622047 56.976377952755904 11.905511811023622 détails
121.60629921259843 571.1811023622047 88.15748031496064 11.905511811023622 soigneusement
194.17322834645668 571.1811023622047 62.07874015748032 11.905511811023622 traités,
240.66141732283464 571.1811023622047 36.28346456692913 11.905511811023622 est
256.251968503937 571.1811023622047 20.69291338582677 11.905511811023622 en

28.346456692913385 581.6692913385826 63.496062992125985 12.755905511811024 contraste
77.10236220472441 581.6692913385826 39.118110236220474 12.755905511811024 avec
101.76377952755905 581.6692913385826 34.2992125984252 12.755905511811024 les
121.32283464566929 581.6692913385826 58.67716535433071 12.755905511811024 contours
165.25984251968504 581.6692913385826 88.15748031496064 12.755905511811024 rigoureusement
233.85826771653544 581.6692913385826 43.93700787401575 12.755905511811024 marqués

28.62992125984252 591.3070866141733 29.19685039370079 11.05511811023622 du
43.08661417322835 591.3070866141733 24.37795275590551 11.05511811023622 *
53.00787401574803 591.3070866141733 48.75590551181102 11.05511811023622 signe:
87.02362204724409 591.3070866141733 48.75590551181102 11.05511811023622 inséré
121.32283464566929 591.3070866141733 39.118110236220474 11.05511811023622 avec
145.70078740157481 591.3070866141733 82.77165354330708 11.05511811023622 préméditation
213.73228346456693 591.3070866141733 39.118110236220474 11.05511811023622 dans
238.11023622047244 591.3070866141733 29.19685039370079 11.05511811023622 la
248.03149606299212 591.3070866141733 29.19685039370079 11.05511811023622 sur-

28.913385826771652 601.2283464566929 36.28346456692913 14.173228346456693 face
51.59055118110236 601.2283464566929 63.21259842519685 14.173228346456693 distinguée
101.19685039370079 601.2283464566929 31.748031496062993 14.173228346456693 par
119.33858267716535 601.2283464566929 27.212598425196852 14.173228346456693 un
132.9448818897638 601.2283464566929 49.60629921259842 14.173228346456693 coloris
168.9448818897638 601.2283464566929 31.748031496062993 14.173228346456693 vif
187.08661417322836 601.2283464566929 27.212598425196852 14.173228346456693 où
200.69291338582678 601.2283464566929 36.28346456692913 14.173228346456693 nous
218.83464566929135 601.2283464566929 58.67716535433071 14.173228346456693 pressentons

29.19685039370079 612.0 46.77165354330709 14.173228346456693 l’écho
62.07874015748032 612.0 28.062992125984252 14.173228346456693 de
76.25196850393701 612.0 60.94488188976378 14.173228346456693 l’échelle
123.02362204724409 612.0 32.881889763779526 14.173228346456693 des
141.73228346456693 612.0 51.59055118110236 14.173228346456693 coloris
179.1496062992126 612.0 28.062992125984252 14.173228346456693 de
193.3228346456693 612.0 28.062992125984252 14.173228346456693 la
207.21259842519686 612.0 56.125984251968504 14.173228346456693 peinture
244.62992125984252 612.0 32.881889763779526 14.173228346456693 serbe

24.944881889763778 623.0551181102362 60.09448818897638 14.173228346456693 historique.

25.511811023622048 641.7637795275591 22.677165354330707 11.338582677165354 126
