307.84251968503935 672.6614173228346
68.31496062992126 20.976377952755904 39.40157480314961 18.4251968503937 PAYS

54.425196850393704 122.45669291338582 78.23622047244095 15.874015748031496 Commissaire
116.78740157480316 122.45669291338582 62.645669291338585 15.874015748031496 général:
163.84251968503938 122.45669291338582 31.181102362204726 15.874015748031496 J.
174.33070866141733 122.45669291338582 46.77165354330709 15.874015748031496 Leering

55.84251968503937 134.07874015748033 55.55905511811024 19.559055118110237 Directeur
98.64566929133858 134.07874015748033 25.79527559055118 19.559055118110237 du
111.4015748031496 134.07874015748033 38.55118110236221 19.559055118110237 Musée
137.1968503937008 134.07874015748033 55.55905511811024 19.559055118110237 Municipal
180.0 134.07874015748033 30.04724409448819 19.559055118110237 Van
197.00787401574803 134.07874015748033 34.2992125984252 19.559055118110237 Abbe
218.5511811023622 134.07874015748033 21.543307086614174 19.559055118110237 à
222.8031496062992 134.07874015748033 51.30708661417323 19.559055118110237 Eindhoven.

38.267716535433074 176.31496062992127 31.46456692913386 17.5748031496063 De
53.85826771653543 176.31496062992127 41.95275590551181 17.5748031496063 même
79.93700787401575 176.31496062992127 36.56692913385827 17.5748031496063 que
100.91338582677166 176.31496062992127 41.95275590551181 17.5748031496063 dans
127.2755905511811 176.31496062992127 31.46456692913386 17.5748031496063 de
142.86614173228347 176.31496062992127 62.92913385826772 17.5748031496063 nombreux
189.92125984251967 176.31496062992127 52.44094488188976 17.5748031496063 autres
226.77165354330708 176.31496062992127 47.05511811023622 17.5748031496063 pays,
252.8503937007874 176.31496062992127 20.976377952755904 17.5748031496063 de

25.79527559055118 188.78740157480314 60.661417322834644 15.590551181102363 nouvelles
72.28346456692914 188.78740157480314 74.83464566929133 15.590551181102363 perspectives
133.22834645669292 188.78740157480314 28.062992125984252 15.590551181102363 se
147.11811023622047 188.78740157480314 37.41732283464567 15.590551181102363 sont
170.36220472440945 188.78740157480314 70.01574803149606 15.590551181102363 manifestées
226.48818897637796 188.78740157480314 32.59842519685039 15.590551181102363 aux
240.66141732283464 188.78740157480314 32.59842519685039 15.590551181102363 Pays-

25.228346456692915 198.4251968503937 34.86614173228347 16.724409448818896 Bas
45.354330708661415 198.4251968503937 39.68503937007874 16.724409448818896 dans
70.01574803149606 198.4251968503937 54.70866141732284 16.724409448818896 l’œuvre
109.7007874015748 198.4251968503937 34.86614173228347 16.724409448818896 des
129.54330708661416 198.4251968503937 49.60629921259842 16.724409448818896 jeunes
164.40944881889763 198.4251968503937 59.52755905511811 16.724409448818896 artistes
208.91338582677164 198.4251968503937 29.763779527559056 16.724409448818896 au
223.93700787401573 198.4251968503937 44.78740157480315 16.724409448818896 cours
248.5984251968504 198.4251968503937 24.944881889763778 16.724409448818896 des

24.661417322834644 210.04724409448818 38.267716535433074 16.724409448818896 deux
48.47244094488189 210.04724409448818 62.07874015748032 16.724409448818896 dernières
96.37795275590551 210.04724409448818 52.44094488188976 16.724409448818896 années,
134.64566929133858 210.04724409448818 76.53543307086615 16.724409448818896 perspectives
196.7244094488189 210.04724409448818 33.44881889763779 16.724409448818896 qui
216.0 210.04724409448818 28.62992125984252 16.724409448818896 se
230.17322834645668 210.04724409448818 38.267716535433074 16.724409448818896 sont
249.4488188976378 210.04724409448818 23.811023622047244 16.724409448818896 dé-

24.094488188976378 221.95275590551182 62.36220472440945 15.874015748031496 veloppées
72.0 221.95275590551182 81.63779527559055 15.874015748031496 simultanément
139.1811023622047 221.95275590551182 28.913385826771652 15.874015748031496 et
153.63779527559055 221.95275590551182 33.44881889763779 15.874015748031496 qui
172.91338582677164 221.95275590551182 28.913385826771652 15.874015748031496 se
187.08661417322836 221.95275590551182 81.63779527559055 15.874015748031496 caractérisent
249.4488188976378 221.95275590551182 24.094488188976378 15.874015748031496 par

24.944881889763778 230.45669291338584 32.31496062992126 13.32283464566929 une
43.37007874015748 230.45669291338584 41.669291338582674 13.32283464566929 large
66.61417322834646 230.45669291338584 55.55905511811024 13.32283464566929 diversité.

36.8503937007874 244.3464566929134 27.212598425196852 15.590551181102363 Il
50.45669291338583 244.3464566929134 31.748031496062993 15.590551181102363 est
68.5984251968504 244.3464566929134 63.496062992125985 15.590551181102363 impossible
118.48818897637796 244.3464566929134 27.212598425196852 15.590551181102363 de
132.09448818897638 244.3464566929134 58.960629921259844 15.590551181102363 présenter
177.73228346456693 244.3464566929134 36.28346456692913 15.590551181102363 dans
200.40944881889763 244.3464566929134 54.425196850393704 15.590551181102363 l’espace
236.69291338582678 244.3464566929134 36.28346456692913 15.590551181102363 dévolu

24.094488188976378 257.6692913385827 33.44881889763779 12.472440944881889 une
43.37007874015748 257.6692913385827 33.44881889763779 12.472440944881889 vue
62.36220472440945 257.6692913385827 66.89763779527559 12.472440944881889 d’ensemble
115.08661417322834 257.6692913385827 33.44881889763779 12.472440944881889 qui
134.07874015748033 257.6692913385827 43.08661417322835 12.472440944881889 rende
162.70866141732284 257.6692913385827 52.44094488188976 12.472440944881889 justice
200.9763779527559 257.6692913385827 23.811023622047244 12.472440944881889 à
210.61417322834646 257.6692913385827 43.08661417322835 12.472440944881889 cette
234.4251968503937 257.6692913385827 38.267716535433074 12.472440944881889 diver-

23.244094488188978 267.87401574803147 45.92125984251968 13.606299212598426 sité,
53.85826771653543 267.87401574803147 40.818897637795274 13.606299212598426 mais
79.37007874015748 267.87401574803147 35.71653543307087 13.606299212598426 qui
99.49606299212599 267.87401574803147 66.04724409448819 13.606299212598426 donnerait
150.51968503937007 267.87401574803147 30.614173228346456 13.606299212598426 en
165.82677165354332 267.87401574803147 40.818897637795274 13.606299212598426 même
191.33858267716536 267.87401574803147 45.92125984251968 13.606299212598426 temps
221.66929133858267 267.87401574803147 35.71653543307087 13.606299212598426 une
236.9763779527559 267.87401574803147 35.71653543307087 13.606299212598426 image

23.52755905511811 278.3622047244094 52.724409448818896 11.05511811023622 précise
61.79527559055118 278.3622047244094 28.62992125984252 11.05511811023622 de
76.25196850393701 278.3622047244094 52.724409448818896 11.05511811023622 l’œuvre
114.51968503937007 278.3622047244094 28.62992125984252 11.05511811023622 de
128.9763779527559 278.3622047244094 47.90551181102362 11.05511811023622 chacun
162.4251968503937 278.3622047244094 33.44881889763779 11.05511811023622 des
181.41732283464566 278.3622047244094 57.54330708661417 11.05511811023622 artistes
219.68503937007873 278.3622047244094 52.724409448818896 11.05511811023622 représen-

22.96062992125984 289.4173228346457 39.968503937007874 13.32283464566929 tés.
47.90551181102362 289.4173228346457 44.78740157480315 13.32283464566929 Cette
77.95275590551181 289.4173228346457 34.86614173228347 13.32283464566929 vue
97.79527559055119 289.4173228346457 59.811023622047244 13.32283464566929 générale
142.86614173228347 289.4173228346457 44.78740157480315 13.32283464566929 devra
172.62992125984252 289.4173228346457 30.04724409448819 13.32283464566929 se
187.6535433070866 289.4173228346457 54.99212598425197 13.32283464566929 dégager
227.6220472440945 289.4173228346457 30.04724409448819 13.32283464566929 de
237.54330708661416 289.4173228346457 34.86614173228347 13.32283464566929 l’en-

22.677165354330707 300.4724409448819 49.889763779527556 11.905511811023622 semble
57.54330708661417 300.4724409448819 34.86614173228347 11.905511811023622 des
77.66929133858268 300.4724409448819 89.5748031496063 11.905511811023622 participations
152.2204724409449 300.4724409448819 84.75590551181102 11.905511811023622 néerlandaises
221.95275590551182 300.4724409448819 34.86614173228347 11.905511811023622 aux
236.9763779527559 300.4724409448819 34.86614173228347 11.905511811023622 Bien-

23.244094488188978 308.9763779527559 44.503937007874015 15.590551181102363 nales
47.90551181102362 308.9763779527559 68.88188976377953 15.590551181102363 successives.

35.1496062992126 320.59842519685037 28.913385826771652 16.440944881889763 La
49.60629921259842 320.59842519685037 67.74803149606299 16.440944881889763 commission
102.89763779527559 320.59842519685037 53.29133858267716 16.440944881889763 chargée
141.4488188976378 320.59842519685037 28.913385826771652 16.440944881889763 de
156.18897637795277 320.59842519685037 28.913385826771652 16.440944881889763 la
170.64566929133858 320.59842519685037 62.92913385826772 16.440944881889763 sélection
218.83464566929135 320.59842519685037 33.732283464566926 16.440944881889763 des
233.5748031496063 320.59842519685037 38.83464566929134 16.440944881889763 œuvres

22.677165354330707 335.62204724409446 41.38582677165354 12.472440944881889 s’est
50.173228346456696 335.62204724409446 46.20472440944882 12.472440944881889 basée,
82.48818897637796 335.62204724409446 36.8503937007874 12.472440944881889 dans
105.44881889763779 335.62204724409446 27.77952755905512 12.472440944881889 la
119.33858267716535 335.62204724409446 69.16535433070867 12.472440944881889 composition
174.61417322834646 335.62204724409446 32.31496062992126 12.472440944881889 des
193.3228346456693 335.62204724409446 69.16535433070867 12.472440944881889 différentes
243.7795275590551 335.62204724409446 27.77952755905512 12.472440944881889 sec-

22.11023622047244 345.8267716535433 47.05511811023622 14.456692913385826 tions,
55.275590551181104 345.8267716535433 32.881889763779526 14.456692913385826 sur
73.98425196850394 345.8267716535433 28.346456692913385 14.456692913385826 le
88.15748031496064 345.8267716535433 47.05511811023622 14.456692913385826 besoin
121.03937007874016 345.8267716535433 61.22834645669291 14.456692913385826 manifeste
168.09448818897638 345.8267716535433 28.346456692913385 14.456692913385826 de
182.26771653543307 345.8267716535433 51.874015748031496 14.456692913385826 choisir
219.96850393700788 345.8267716535433 32.881889763779526 14.456692913385826 des
234.14173228346456 345.8267716535433 37.7007874015748 14.456692913385826 œuvres

22.393700787401574 358.2992125984252 69.73228346456693 11.05511811023622 présentant
77.38582677165354 358.2992125984252 44.78740157480315 11.05511811023622 entre
107.14960629921259 358.2992125984252 44.78740157480315 11.05511811023622 elles
137.1968503937008 358.2992125984252 29.763779527559056 11.05511811023622 un
151.93700787401573 358.2992125984252 39.968503937007874 11.05511811023622 lien
176.88188976377953 358.2992125984252 54.70866141732284 11.05511811023622 commun,
216.8503937007874 358.2992125984252 29.763779527559056 11.05511811023622 et
231.59055118110237 358.2992125984252 29.763779527559056 11.05511811023622 en
241.79527559055117 358.2992125984252 29.763779527559056 11.05511811023622 même

21.826771653543307 367.0866141732283 43.08661417322835 14.173228346456693 temps
50.74015748031496 367.0866141732283 28.913385826771652 14.173228346456693 de
64.91338582677166 367.0866141732283 62.36220472440945 14.173228346456693 présenter
113.10236220472441 367.0866141732283 52.724409448818896 14.173228346456693 l’œuvre
151.37007874015748 367.0866141732283 28.913385826771652 14.173228346456693 de
165.82677165354332 367.0866141732283 47.90551181102362 14.173228346456693 chaque
199.2755905511811 367.0866141732283 52.724409448818896 14.173228346456693 artiste
237.82677165354332 367.0866141732283 28.913385826771652 14.173228346456693 de
247.1811023622047 367.0866141732283 24.094488188976378 14.173228346456693 ma-

22.11023622047244 376.4409448818898 44.78740157480315 13.606299212598426 nière
47.05511811023622 376.4409448818898 54.99212598425197 13.606299212598426 adéquate.

34.01574803149607 387.7795275590551 24.37795275590551 16.440944881889763 A
43.653543307086615 387.7795275590551 38.83464566929134 16.440944881889763 côté
68.03149606299213 387.7795275590551 29.19685039370079 16.440944881889763 de
82.48818897637796 387.7795275590551 72.85039370078741 16.440944881889763 l’influence
140.5984251968504 387.7795275590551 29.19685039370079 16.440944881889763 du
155.33858267716536 387.7795275590551 62.92913385826772 16.440944881889763 mouvement
203.81102362204723 387.7795275590551 48.47244094488189 16.440944881889763 Cobra,
237.54330708661416 387.7795275590551 34.01574803149607 16.440944881889763 qui
252.28346456692913 387.7795275590551 19.275590551181104 16.440944881889763 se

21.826771653543307 401.1023622047244 36.28346456692913 15.590551181102363 fait
44.503937007874015 401.1023622047244 45.354330708661415 15.590551181102363 encore
76.25196850393701 401.1023622047244 49.889763779527556 15.590551181102363 sentir,
112.53543307086615 401.1023622047244 27.212598425196852 15.590551181102363 de
126.14173228346456 401.1023622047244 40.818897637795274 15.590551181102363 celle
153.63779527559055 401.1023622047244 27.212598425196852 15.590551181102363 du
167.24409448818898 401.1023622047244 54.425196850393704 15.590551181102363 pop-art,
208.06299212598427 401.1023622047244 27.212598425196852 15.590551181102363 de
221.66929133858267 401.1023622047244 27.212598425196852 15.590551181102363 la
230.74015748031496 401.1023622047244 40.818897637795274 15.590551181102363 nouvele

21.826771653543307 413.00787401574803 65.76377952755905 13.039370078740157 figuration,
74.26771653543307 413.00787401574803 65.76377952755905 13.039370078740157 l’influence
126.70866141732283 413.00787401574803 65.76377952755905 13.039370078740157 persistante
179.43307086614172 413.00787401574803 26.362204724409448 13.039370078740157 de
192.4724409448819 413.00787401574803 39.40157480314961 13.039370078740157 l’art
214.29921259842519 413.00787401574803 56.976377952755904 13.039370078740157 géométrique

21.826771653543307 425.4803149606299 62.07874015748032 11.338582677165354 abstrait,
69.73228346456693 425.4803149606299 33.44881889763779 11.338582677165354 qui
88.7244094488189 425.4803149606299 23.811023622047244 11.338582677165354 a
98.36220472440945 425.4803149606299 47.90551181102362 11.338582677165354 trouvé
131.81102362204723 425.4803149606299 33.44881889763779 11.338582677165354 une
151.08661417322836 425.4803149606299 28.62992125984252 11.338582677165354 de
165.54330708661416 425.4803149606299 33.44881889763779 11.338582677165354 ses
184.53543307086613 425.4803149606299 52.724409448818896 11.338582677165354 sources
222.8031496062992 425.4803149606299 33.44881889763779 11.338582677165354 aux
237.25984251968504 425.4803149606299 33.44881889763779 11.338582677165354 Pays-

22.11023622047244 433.4173228346457 39.118110236220474 14.456692913385826 Bas,
46.488188976377955 433.4173228346457 34.2992125984252 14.456692913385826 est
66.04724409448819 433.4173228346457 29.19685039370079 14.456692913385826 un
80.78740157480316 433.4173228346457 63.496062992125985 14.456692913385826 phénomène
129.54330708661416 433.4173228346457 68.31496062992126 14.456692913385826 surprenant
183.4015748031496 433.4173228346457 39.118110236220474 14.456692913385826 dans
207.7795275590551 433.4173228346457 29.19685039370079 14.456692913385826 le
222.51968503937007 433.4173228346457 43.93700787401575 14.456692913385826 jeune
246.89763779527559 433.4173228346457 24.37795275590551 14.456692913385826 art

16.440944881889763 444.4724409448819 68.5984251968504 14.740157480314961 néerlandais.

17.5748031496063 636.9448818897638 20.976377952755904 11.622047244094489 96

221.38582677165354 619.3700787401575 24.094488188976378 14.456692913385826 J.
229.3228346456693 619.3700787401575 40.25196850393701 14.456692913385826 Leering.
