<alto xmlns:xsi="http://www.w3.org/2001/XMLSchema-instance" xmlns="http://www.loc.gov/standards/alto/ns-v2#" xmlns:page="http://schema.primaresearch.org/PAGE/gts/pagecontent/2013-07-15" xsi:schemaLocation="http://www.loc.gov/standards/alto/ns-v2# http://www.loc.gov/standards/alto/alto.xsd">
  <Description>
    <MeasurementUnit>pixel</MeasurementUnit>
    <sourceImageInformation>
         <fileName>Cat_Paris_1965-0061.xml</fileName>
      </sourceImageInformation>
    <OCRProcessing ID="IdOcr">
      <ocrProcessingStep>
        <processingDateTime>2020-07-02T15:31:47.112+02:00</processingDateTime>
        <processingSoftware>
               <softwareCreator>CONTRIBUTORS</softwareCreator>
               <softwareName>pdfalto</softwareName>
               <softwareVersion>0.1</softwareVersion>
            </processingSoftware>
      </ocrProcessingStep>
    </OCRProcessing>
  </Description>
  <Styles>
     <TextStyle ID="FONT0" FONTFAMILY="unknown" FONTSIZE="unknown" FONTTYPE="unknown" FONTWIDTH="unknown" FONTCOLOR="unknown" FONTSTYLE=""/>
     <TextStyle ID="FONT1" FONTFAMILY="unknown" FONTSIZE="unknown" FONTTYPE="unknown" FONTWIDTH="unknown" FONTCOLOR="unknown" FONTSTYLE="bold"/>
     <TextStyle ID="FONT2" FONTFAMILY="unknown" FONTSIZE="unknown" FONTTYPE="unknown" FONTWIDTH="unknown" FONTCOLOR="unknown" FONTSTYLE="italics"/>
</Styles>
  <Tags/>
  <Layout>
    <Page ID="Page1" PHYSICAL_IMG_NR="1" HEIGHT="672.6614173228346" WIDTH="307.84251968503935">
      <PrintSpace HEIGHT="649.4173228346457" WIDTH="307.84251968503935" VPOS="23.244094488188978" HPOS="0.0">
        <TextBlock ID="r_1_1" HEIGHT="11.905511811023622" WIDTH="40.818897637795274" VPOS="26.929133858267715" HPOS="8.78740157480315">
          <TextLine ID="tl_1" BASELINE="144" HEIGHT="17.007874015748033" WIDTH="43.93700787401575" VPOS="23.811023622047244" HPOS="7.086614173228346">
            <String HEIGHT="17.007874015748033" WIDTH="51.30708661417323" VPOS="23.811023622047244" HPOS="-0.28346456692913385" CONTENT="GRÈCE" ID="tl_1_1" STYLEREFS="FONT1"/>
          </TextLine>
        </TextBlock>
        <TextBlock ID="r_2_1" HEIGHT="31.748031496062993" WIDTH="215.1496062992126" VPOS="163.2755905511811" HPOS="44.503937007874015">
          <TextLine ID="tl_2" BASELINE="618" HEIGHT="14.740157480314961" WIDTH="217.41732283464566" VPOS="160.44094488188978" HPOS="43.37007874015748">
            <String HEIGHT="14.740157480314961" WIDTH="65.19685039370079" VPOS="160.44094488188978" HPOS="39.118110236220474" CONTENT="Commissaire" ID="tl_2_1" STYLEREFS="FONT0"/>
            <SP HEIGHT="14.740157480314961" WIDTH="4.251968503937008" VPOS="160.44094488188978" HPOS="104.31496062992126"/>
            <String HEIGHT="14.740157480314961" WIDTH="47.90551181102362" VPOS="160.44094488188978" HPOS="91.2755905511811" CONTENT="général" ID="tl_2_2" STYLEREFS="FONT0"/>
            <SP HEIGHT="14.740157480314961" WIDTH="4.251968503937008" VPOS="160.44094488188978" HPOS="138.89763779527559"/>
            <String HEIGHT="14.740157480314961" WIDTH="21.826771653543307" VPOS="160.44094488188978" HPOS="125.85826771653544" CONTENT=":" ID="tl_2_3" STYLEREFS="FONT0"/>
            <SP HEIGHT="14.740157480314961" WIDTH="4.251968503937008" VPOS="160.44094488188978" HPOS="147.68503937007873"/>
            <String HEIGHT="14.740157480314961" WIDTH="73.98425196850394" VPOS="160.44094488188978" HPOS="134.64566929133858" CONTENT="Constantin" ID="tl_2_4" STYLEREFS="FONT1"/>
            <SP HEIGHT="14.740157480314961" WIDTH="4.251968503937008" VPOS="160.44094488188978" HPOS="208.62992125984252"/>
            <String HEIGHT="14.740157480314961" WIDTH="69.44881889763779" VPOS="160.44094488188978" HPOS="191.33858267716536" CONTENT="Papapanos" ID="tl_2_5" STYLEREFS="FONT1"/>
          </TextLine>
          <TextLine ID="tl_3" BASELINE="666" HEIGHT="14.740157480314961" WIDTH="217.70078740157481" VPOS="174.04724409448818" HPOS="43.37007874015748">
            <String HEIGHT="14.740157480314961" WIDTH="56.69291338582677" VPOS="174.04724409448818" HPOS="39.118110236220474" CONTENT="Directeur" ID="tl_3_1" STYLEREFS="FONT0"/>
            <SP HEIGHT="14.740157480314961" WIDTH="4.251968503937008" VPOS="174.04724409448818" HPOS="95.5275590551181"/>
            <String HEIGHT="14.740157480314961" WIDTH="26.078740157480315" VPOS="174.04724409448818" HPOS="82.48818897637796" CONTENT="de" ID="tl_3_2" STYLEREFS="FONT0"/>
            <SP HEIGHT="14.740157480314961" WIDTH="4.251968503937008" VPOS="174.04724409448818" HPOS="108.56692913385827"/>
            <String HEIGHT="14.740157480314961" WIDTH="26.078740157480315" VPOS="174.04724409448818" HPOS="95.5275590551181" CONTENT="la" ID="tl_3_3" STYLEREFS="FONT0"/>
            <SP HEIGHT="14.740157480314961" WIDTH="4.251968503937008" VPOS="174.04724409448818" HPOS="121.60629921259843"/>
            <String HEIGHT="14.740157480314961" WIDTH="47.90551181102362" VPOS="174.04724409448818" HPOS="108.56692913385827" CONTENT="section" ID="tl_3_4" STYLEREFS="FONT0"/>
            <SP HEIGHT="14.740157480314961" WIDTH="4.251968503937008" VPOS="174.04724409448818" HPOS="156.4724409448819"/>
            <String HEIGHT="14.740157480314961" WIDTH="30.614173228346456" VPOS="174.04724409448818" HPOS="143.43307086614172" CONTENT="des" ID="tl_3_5" STYLEREFS="FONT0"/>
            <SP HEIGHT="14.740157480314961" WIDTH="4.251968503937008" VPOS="174.04724409448818" HPOS="174.04724409448818"/>
            <String HEIGHT="14.740157480314961" WIDTH="60.94488188976378" VPOS="174.04724409448818" HPOS="161.00787401574803" CONTENT="Beaux-Arts" ID="tl_3_6" STYLEREFS="FONT0"/>
            <SP HEIGHT="14.740157480314961" WIDTH="4.251968503937008" VPOS="174.04724409448818" HPOS="221.95275590551182"/>
            <String HEIGHT="14.740157480314961" WIDTH="26.078740157480315" VPOS="174.04724409448818" HPOS="208.91338582677164" CONTENT="du" ID="tl_3_7" STYLEREFS="FONT0"/>
            <SP HEIGHT="14.740157480314961" WIDTH="4.251968503937008" VPOS="174.04724409448818" HPOS="234.99212598425197"/>
            <String HEIGHT="14.740157480314961" WIDTH="39.118110236220474" VPOS="174.04724409448818" HPOS="221.95275590551182" CONTENT="Musée" ID="tl_3_8" STYLEREFS="FONT0"/>
            <SP HEIGHT="14.740157480314961" WIDTH="4.251968503937008" VPOS="174.04724409448818" HPOS="261.07086614173227"/>
            <String HEIGHT="14.740157480314961" WIDTH="17.291338582677167" VPOS="174.04724409448818" HPOS="243.7795275590551" CONTENT="de" ID="tl_3_9" STYLEREFS="FONT0"/>
          </TextLine>
          <TextLine ID="tl_4" BASELINE="699" HEIGHT="13.039370078740157" WIDTH="131.5275590551181" VPOS="185.10236220472441" HPOS="43.37007874015748">
            <String HEIGHT="13.039370078740157" WIDTH="63.77952755905512" VPOS="185.10236220472441" HPOS="39.118110236220474" CONTENT="l’Education" ID="tl_4_1" STYLEREFS="FONT0"/>
            <SP HEIGHT="13.039370078740157" WIDTH="4.251968503937008" VPOS="185.10236220472441" HPOS="102.89763779527559"/>
            <String HEIGHT="13.039370078740157" WIDTH="55.275590551181104" VPOS="185.10236220472441" HPOS="90.14173228346456" CONTENT="Nationale" ID="tl_4_2" STYLEREFS="FONT0"/>
            <SP HEIGHT="13.039370078740157" WIDTH="4.251968503937008" VPOS="185.10236220472441" HPOS="145.13385826771653"/>
            <String HEIGHT="13.039370078740157" WIDTH="25.511811023622048" VPOS="185.10236220472441" HPOS="132.3779527559055" CONTENT="de" ID="tl_4_3" STYLEREFS="FONT0"/>
            <SP HEIGHT="13.039370078740157" WIDTH="4.251968503937008" VPOS="185.10236220472441" HPOS="157.88976377952756"/>
            <String HEIGHT="13.039370078740157" WIDTH="34.01574803149607" VPOS="185.10236220472441" HPOS="140.88188976377953" CONTENT="Grèce." ID="tl_4_4" STYLEREFS="FONT0"/>
          </TextLine>
        </TextBlock>
        <TextBlock ID="r_3_1" HEIGHT="86.74015748031496" WIDTH="243.49606299212599" VPOS="227.90551181102362" HPOS="15.874015748031496">
          <TextLine ID="tl_5" BASELINE="850" HEIGHT="13.606299212598426" WIDTH="232.44094488188978" VPOS="227.33858267716536" HPOS="28.062992125984252">
            <String HEIGHT="13.606299212598426" WIDTH="62.92913385826772" VPOS="227.33858267716536" HPOS="23.244094488188978" CONTENT="Behrakis," ID="tl_5_1" STYLEREFS="FONT0"/>
            <SP HEIGHT="13.606299212598426" WIDTH="4.818897637795276" VPOS="227.33858267716536" HPOS="86.1732283464567"/>
            <String HEIGHT="13.606299212598426" WIDTH="62.92913385826772" VPOS="227.33858267716536" HPOS="71.71653543307086" CONTENT="Canistra," ID="tl_5_2" STYLEREFS="FONT0"/>
            <SP HEIGHT="13.606299212598426" WIDTH="4.818897637795276" VPOS="227.33858267716536" HPOS="134.64566929133858"/>
            <String HEIGHT="13.606299212598426" WIDTH="58.110236220472444" VPOS="227.33858267716536" HPOS="120.18897637795276" CONTENT="loannou," ID="tl_5_3" STYLEREFS="FONT0"/>
            <SP HEIGHT="13.606299212598426" WIDTH="4.818897637795276" VPOS="227.33858267716536" HPOS="178.29921259842519"/>
            <String HEIGHT="13.606299212598426" WIDTH="67.74803149606299" VPOS="227.33858267716536" HPOS="163.55905511811022" CONTENT="Caroussos," ID="tl_5_4" STYLEREFS="FONT0"/>
            <SP HEIGHT="13.606299212598426" WIDTH="4.818897637795276" VPOS="227.33858267716536" HPOS="231.59055118110237"/>
            <String HEIGHT="13.606299212598426" WIDTH="48.47244094488189" VPOS="227.33858267716536" HPOS="212.03149606299212" CONTENT="Kipreos," ID="tl_5_5" STYLEREFS="FONT0"/>
          </TextLine>
          <TextLine ID="tl_6" BASELINE="885" HEIGHT="14.173228346456693" WIDTH="244.62992125984252" VPOS="236.69291338582678" HPOS="15.590551181102363">
            <String HEIGHT="14.173228346456693" WIDTH="50.74015748031496" VPOS="236.69291338582678" HPOS="11.05511811023622" CONTENT="Pavlos," ID="tl_6_1" STYLEREFS="FONT0"/>
            <SP HEIGHT="14.173228346456693" WIDTH="4.535433070866142" VPOS="236.69291338582678" HPOS="61.79527559055118"/>
            <String HEIGHT="14.173228346456693" WIDTH="60.09448818897638" VPOS="236.69291338582678" HPOS="47.90551181102362" CONTENT="Theodoros" ID="tl_6_2" STYLEREFS="FONT0"/>
            <SP HEIGHT="14.173228346456693" WIDTH="4.535433070866142" VPOS="236.69291338582678" HPOS="108.0"/>
            <String HEIGHT="14.173228346456693" WIDTH="69.16535433070867" VPOS="236.69291338582678" HPOS="94.11023622047244" CONTENT="participent" ID="tl_6_3" STYLEREFS="FONT0"/>
            <SP HEIGHT="14.173228346456693" WIDTH="4.535433070866142" VPOS="236.69291338582678" HPOS="163.2755905511811"/>
            <String HEIGHT="14.173228346456693" WIDTH="36.8503937007874" VPOS="236.69291338582678" HPOS="149.38582677165354" CONTENT="pour" ID="tl_6_4" STYLEREFS="FONT0"/>
            <SP HEIGHT="14.173228346456693" WIDTH="4.535433070866142" VPOS="236.69291338582678" HPOS="186.23622047244095"/>
            <String HEIGHT="14.173228346456693" WIDTH="27.77952755905512" VPOS="236.69291338582678" HPOS="172.62992125984252" CONTENT="la" ID="tl_6_5" STYLEREFS="FONT0"/>
            <SP HEIGHT="14.173228346456693" WIDTH="4.535433070866142" VPOS="236.69291338582678" HPOS="200.1259842519685"/>
            <String HEIGHT="14.173228346456693" WIDTH="55.275590551181104" VPOS="236.69291338582678" HPOS="186.23622047244095" CONTENT="première" ID="tl_6_6" STYLEREFS="FONT0"/>
            <SP HEIGHT="14.173228346456693" WIDTH="4.535433070866142" VPOS="236.69291338582678" HPOS="241.79527559055117"/>
            <String HEIGHT="14.173228346456693" WIDTH="36.8503937007874" VPOS="236.69291338582678" HPOS="227.90551181102362" CONTENT="fois" ID="tl_6_7" STYLEREFS="FONT0"/>
            <SP HEIGHT="14.173228346456693" WIDTH="4.535433070866142" VPOS="236.69291338582678" HPOS="264.755905511811"/>
            <String HEIGHT="14.173228346456693" WIDTH="13.88976377952756" VPOS="236.69291338582678" HPOS="246.33070866141733" CONTENT="à" ID="tl_6_8" STYLEREFS="FONT0"/>
          </TextLine>
          <TextLine ID="tl_7" BASELINE="919" HEIGHT="11.905511811023622" WIDTH="245.1968503937008" VPOS="248.5984251968504" HPOS="14.740157480314961">
            <String HEIGHT="11.905511811023622" WIDTH="26.64566929133858" VPOS="248.5984251968504" HPOS="10.204724409448819" CONTENT="la" ID="tl_7_1" STYLEREFS="FONT0"/>
            <SP HEIGHT="11.905511811023622" WIDTH="4.535433070866142" VPOS="248.5984251968504" HPOS="37.13385826771653"/>
            <String HEIGHT="11.905511811023622" WIDTH="53.574803149606296" VPOS="248.5984251968504" HPOS="23.52755905511811" CONTENT="Biennale" ID="tl_7_2" STYLEREFS="FONT0"/>
            <SP HEIGHT="11.905511811023622" WIDTH="4.535433070866142" VPOS="248.5984251968504" HPOS="77.10236220472441"/>
            <String HEIGHT="11.905511811023622" WIDTH="26.64566929133858" VPOS="248.5984251968504" HPOS="63.77952755905512" CONTENT="de" ID="tl_7_3" STYLEREFS="FONT0"/>
            <SP HEIGHT="11.905511811023622" WIDTH="4.535433070866142" VPOS="248.5984251968504" HPOS="90.4251968503937"/>
            <String HEIGHT="11.905511811023622" WIDTH="44.503937007874015" VPOS="248.5984251968504" HPOS="77.10236220472441" CONTENT="Paris." ID="tl_7_4" STYLEREFS="FONT0"/>
            <SP HEIGHT="11.905511811023622" WIDTH="4.535433070866142" VPOS="248.5984251968504" HPOS="121.60629921259843"/>
            <String HEIGHT="11.905511811023622" WIDTH="31.181102362204726" VPOS="248.5984251968504" HPOS="108.28346456692914" CONTENT="Ils" ID="tl_7_5" STYLEREFS="FONT0"/>
            <SP HEIGHT="11.905511811023622" WIDTH="4.535433070866142" VPOS="248.5984251968504" HPOS="139.46456692913387"/>
            <String HEIGHT="11.905511811023622" WIDTH="31.181102362204726" VPOS="248.5984251968504" HPOS="126.14173228346456" CONTENT="ont" ID="tl_7_6" STYLEREFS="FONT0"/>
            <SP HEIGHT="11.905511811023622" WIDTH="4.535433070866142" VPOS="248.5984251968504" HPOS="157.3228346456693"/>
            <String HEIGHT="11.905511811023622" WIDTH="31.181102362204726" VPOS="248.5984251968504" HPOS="144.0" CONTENT="été" ID="tl_7_7" STYLEREFS="FONT0"/>
            <SP HEIGHT="11.905511811023622" WIDTH="4.535433070866142" VPOS="248.5984251968504" HPOS="175.1811023622047"/>
            <String HEIGHT="11.905511811023622" WIDTH="49.039370078740156" VPOS="248.5984251968504" HPOS="161.85826771653544" CONTENT="choisis" ID="tl_7_8" STYLEREFS="FONT0"/>
            <SP HEIGHT="11.905511811023622" WIDTH="4.535433070866142" VPOS="248.5984251968504" HPOS="210.89763779527559"/>
            <String HEIGHT="11.905511811023622" WIDTH="40.25196850393701" VPOS="248.5984251968504" HPOS="197.5748031496063" CONTENT="après" ID="tl_7_9" STYLEREFS="FONT0"/>
            <SP HEIGHT="11.905511811023622" WIDTH="4.535433070866142" VPOS="248.5984251968504" HPOS="237.54330708661416"/>
            <String HEIGHT="11.905511811023622" WIDTH="31.181102362204726" VPOS="248.5984251968504" HPOS="224.2204724409449" CONTENT="une" ID="tl_7_10" STYLEREFS="FONT0"/>
            <SP HEIGHT="11.905511811023622" WIDTH="4.535433070866142" VPOS="248.5984251968504" HPOS="255.4015748031496"/>
            <String HEIGHT="11.905511811023622" WIDTH="22.393700787401574" VPOS="248.5984251968504" HPOS="237.54330708661416" CONTENT="sé" SUBS_TYPE="HypPart1" SUBS_CONTENT="sélection" ID="tl_7_11" STYLEREFS="FONT0"/>
            <HYP CONTENT="-"/>
          </TextLine>
          <TextLine ID="tl_8" BASELINE="962" HEIGHT="13.32283464566929" WIDTH="245.1968503937008" VPOS="259.37007874015745" HPOS="15.023622047244094">
            <String HEIGHT="13.32283464566929" WIDTH="53.00787401574803" VPOS="259.37007874015745" HPOS="10.204724409448819" CONTENT="lection" SUBS_TYPE="HypPart2" SUBS_CONTENT="sélection" ID="tl_8_1" STYLEREFS="FONT0"/>
            <SP HEIGHT="13.32283464566929" WIDTH="4.818897637795276" VPOS="259.37007874015745" HPOS="63.21259842519685"/>
            <String HEIGHT="13.32283464566929" WIDTH="48.188976377952756" VPOS="259.37007874015745" HPOS="48.75590551181102" CONTENT="serrée" ID="tl_8_2" STYLEREFS="FONT0"/>
            <SP HEIGHT="13.32283464566929" WIDTH="4.818897637795276" VPOS="259.37007874015745" HPOS="96.66141732283465"/>
            <String HEIGHT="13.32283464566929" WIDTH="43.37007874015748" VPOS="259.37007874015745" HPOS="82.20472440944881" CONTENT="faite" ID="tl_8_3" STYLEREFS="FONT0"/>
            <SP HEIGHT="13.32283464566929" WIDTH="4.818897637795276" VPOS="259.37007874015745" HPOS="125.5748031496063"/>
            <String HEIGHT="13.32283464566929" WIDTH="33.732283464566926" VPOS="259.37007874015745" HPOS="111.11811023622047" CONTENT="par" ID="tl_8_4" STYLEREFS="FONT0"/>
            <SP HEIGHT="13.32283464566929" WIDTH="4.818897637795276" VPOS="259.37007874015745" HPOS="144.8503937007874"/>
            <String HEIGHT="13.32283464566929" WIDTH="28.913385826771652" VPOS="259.37007874015745" HPOS="130.39370078740157" CONTENT="un" ID="tl_8_5" STYLEREFS="FONT0"/>
            <SP HEIGHT="13.32283464566929" WIDTH="4.818897637795276" VPOS="259.37007874015745" HPOS="159.30708661417322"/>
            <String HEIGHT="13.32283464566929" WIDTH="48.188976377952756" VPOS="259.37007874015745" HPOS="144.8503937007874" CONTENT="Comité" ID="tl_8_6" STYLEREFS="FONT0"/>
            <SP HEIGHT="13.32283464566929" WIDTH="4.818897637795276" VPOS="259.37007874015745" HPOS="193.03937007874015"/>
            <String HEIGHT="13.32283464566929" WIDTH="53.00787401574803" VPOS="259.37007874015745" HPOS="178.58267716535434" CONTENT="composé" ID="tl_8_7" STYLEREFS="FONT0"/>
            <SP HEIGHT="13.32283464566929" WIDTH="4.818897637795276" VPOS="259.37007874015745" HPOS="231.30708661417322"/>
            <String HEIGHT="13.32283464566929" WIDTH="28.913385826771652" VPOS="259.37007874015745" HPOS="216.8503937007874" CONTENT="de" ID="tl_8_8" STYLEREFS="FONT0"/>
            <SP HEIGHT="13.32283464566929" WIDTH="4.818897637795276" VPOS="259.37007874015745" HPOS="245.76377952755905"/>
            <String HEIGHT="13.32283464566929" WIDTH="33.732283464566926" VPOS="259.37007874015745" HPOS="226.48818897637796" CONTENT="trois" ID="tl_8_9" STYLEREFS="FONT0"/>
          </TextLine>
          <TextLine ID="tl_9" BASELINE="997" HEIGHT="11.905511811023622" WIDTH="245.1968503937008" VPOS="270.70866141732284" HPOS="15.023622047244094">
            <String HEIGHT="11.905511811023622" WIDTH="55.84251968503937" VPOS="270.70866141732284" HPOS="10.771653543307087" CONTENT="artistes," ID="tl_9_1" STYLEREFS="FONT0"/>
            <SP HEIGHT="11.905511811023622" WIDTH="4.251968503937008" VPOS="270.70866141732284" HPOS="66.61417322834646"/>
            <String HEIGHT="11.905511811023622" WIDTH="34.2992125984252" VPOS="270.70866141732284" HPOS="53.85826771653543" CONTENT="deux" ID="tl_9_2" STYLEREFS="FONT0"/>
            <SP HEIGHT="11.905511811023622" WIDTH="4.251968503937008" VPOS="270.70866141732284" HPOS="88.15748031496064"/>
            <String HEIGHT="11.905511811023622" WIDTH="55.84251968503937" VPOS="270.70866141732284" HPOS="75.11811023622047" CONTENT="critiques" ID="tl_9_3" STYLEREFS="FONT0"/>
            <SP HEIGHT="11.905511811023622" WIDTH="4.251968503937008" VPOS="270.70866141732284" HPOS="131.24409448818898"/>
            <String HEIGHT="11.905511811023622" WIDTH="38.83464566929134" VPOS="270.70866141732284" HPOS="118.20472440944881" CONTENT="d’art" ID="tl_9_4" STYLEREFS="FONT0"/>
            <SP HEIGHT="11.905511811023622" WIDTH="4.251968503937008" VPOS="270.70866141732284" HPOS="157.03937007874015"/>
            <String HEIGHT="11.905511811023622" WIDTH="25.79527559055118" VPOS="270.70866141732284" HPOS="144.0" CONTENT="et" ID="tl_9_5" STYLEREFS="FONT0"/>
            <SP HEIGHT="11.905511811023622" WIDTH="4.251968503937008" VPOS="270.70866141732284" HPOS="169.79527559055117"/>
            <String HEIGHT="11.905511811023622" WIDTH="25.79527559055118" VPOS="270.70866141732284" HPOS="157.03937007874015" CONTENT="le" ID="tl_9_6" STYLEREFS="FONT0"/>
            <SP HEIGHT="11.905511811023622" WIDTH="4.251968503937008" VPOS="270.70866141732284" HPOS="182.83464566929135"/>
            <String HEIGHT="11.905511811023622" WIDTH="55.84251968503937" VPOS="270.70866141732284" HPOS="169.79527559055117" CONTENT="Directeur" ID="tl_9_7" STYLEREFS="FONT0"/>
            <SP HEIGHT="11.905511811023622" WIDTH="4.251968503937008" VPOS="270.70866141732284" HPOS="225.92125984251967"/>
            <String HEIGHT="11.905511811023622" WIDTH="30.04724409448819" VPOS="270.70866141732284" HPOS="212.88188976377953" CONTENT="des" ID="tl_9_8" STYLEREFS="FONT0"/>
            <SP HEIGHT="11.905511811023622" WIDTH="4.251968503937008" VPOS="270.70866141732284" HPOS="242.9291338582677"/>
            <String HEIGHT="11.905511811023622" WIDTH="34.2992125984252" VPOS="270.70866141732284" HPOS="225.92125984251967" CONTENT="Beaux" SUBS_TYPE="HypPart1" SUBS_CONTENT="BeauxArts" ID="tl_9_9" STYLEREFS="FONT0"/>
            <HYP CONTENT="-"/>
          </TextLine>
          <TextLine ID="tl_10" BASELINE="1038" HEIGHT="12.755905511811024" WIDTH="245.76377952755905" VPOS="281.4803149606299" HPOS="14.740157480314961">
            <String HEIGHT="12.755905511811024" WIDTH="37.7007874015748" VPOS="281.4803149606299" HPOS="9.921259842519685" CONTENT="Arts" SUBS_TYPE="HypPart2" SUBS_CONTENT="BeauxArts" ID="tl_10_1" STYLEREFS="FONT0"/>
            <SP HEIGHT="12.755905511811024" WIDTH="4.818897637795276" VPOS="281.4803149606299" HPOS="47.90551181102362"/>
            <String HEIGHT="12.755905511811024" WIDTH="28.346456692913385" VPOS="281.4803149606299" HPOS="33.732283464566926" CONTENT="au" ID="tl_10_2" STYLEREFS="FONT0"/>
            <SP HEIGHT="12.755905511811024" WIDTH="4.818897637795276" VPOS="281.4803149606299" HPOS="62.07874015748032"/>
            <String HEIGHT="12.755905511811024" WIDTH="61.511811023622045" VPOS="281.4803149606299" HPOS="47.90551181102362" CONTENT="Ministère" ID="tl_10_3" STYLEREFS="FONT0"/>
            <SP HEIGHT="12.755905511811024" WIDTH="4.818897637795276" VPOS="281.4803149606299" HPOS="109.13385826771653"/>
            <String HEIGHT="12.755905511811024" WIDTH="28.346456692913385" VPOS="281.4803149606299" HPOS="94.96062992125984" CONTENT="de" ID="tl_10_4" STYLEREFS="FONT0"/>
            <SP HEIGHT="12.755905511811024" WIDTH="4.818897637795276" VPOS="281.4803149606299" HPOS="123.30708661417323"/>
            <String HEIGHT="12.755905511811024" WIDTH="70.86614173228347" VPOS="281.4803149606299" HPOS="109.13385826771653" CONTENT="l’Education" ID="tl_10_5" STYLEREFS="FONT0"/>
            <SP HEIGHT="12.755905511811024" WIDTH="4.818897637795276" VPOS="281.4803149606299" HPOS="180.28346456692913"/>
            <String HEIGHT="12.755905511811024" WIDTH="66.04724409448819" VPOS="281.4803149606299" HPOS="166.11023622047244" CONTENT="Nationale." ID="tl_10_6" STYLEREFS="FONT0"/>
            <SP HEIGHT="12.755905511811024" WIDTH="4.818897637795276" VPOS="281.4803149606299" HPOS="232.15748031496062"/>
            <String HEIGHT="12.755905511811024" WIDTH="28.346456692913385" VPOS="281.4803149606299" HPOS="217.98425196850394" CONTENT="Le" ID="tl_10_7" STYLEREFS="FONT0"/>
            <SP HEIGHT="12.755905511811024" WIDTH="4.818897637795276" VPOS="281.4803149606299" HPOS="246.33070866141733"/>
            <String HEIGHT="12.755905511811024" WIDTH="33.16535433070866" VPOS="281.4803149606299" HPOS="227.33858267716536" CONTENT="souci" ID="tl_10_8" STYLEREFS="FONT0"/>
          </TextLine>
          <TextLine ID="tl_11" BASELINE="1070" HEIGHT="10.771653543307087" WIDTH="244.91338582677164" VPOS="292.53543307086613" HPOS="15.023622047244094">
            <String HEIGHT="10.771653543307087" WIDTH="27.212598425196852" VPOS="292.53543307086613" HPOS="10.488188976377952" CONTENT="de" ID="tl_11_1" STYLEREFS="FONT0"/>
            <SP HEIGHT="10.771653543307087" WIDTH="4.535433070866142" VPOS="292.53543307086613" HPOS="37.7007874015748"/>
            <String HEIGHT="10.771653543307087" WIDTH="27.212598425196852" VPOS="292.53543307086613" HPOS="24.094488188976378" CONTENT="ce" ID="tl_11_2" STYLEREFS="FONT0"/>
            <SP HEIGHT="10.771653543307087" WIDTH="4.535433070866142" VPOS="292.53543307086613" HPOS="51.30708661417323"/>
            <String HEIGHT="10.771653543307087" WIDTH="45.354330708661415" VPOS="292.53543307086613" HPOS="37.7007874015748" CONTENT="Comité" ID="tl_11_3" STYLEREFS="FONT0"/>
            <SP HEIGHT="10.771653543307087" WIDTH="4.535433070866142" VPOS="292.53543307086613" HPOS="83.05511811023622"/>
            <String HEIGHT="10.771653543307087" WIDTH="31.748031496062993" VPOS="292.53543307086613" HPOS="69.44881889763779" CONTENT="est" ID="tl_11_4" STYLEREFS="FONT0"/>
            <SP HEIGHT="10.771653543307087" WIDTH="4.535433070866142" VPOS="292.53543307086613" HPOS="101.19685039370079"/>
            <String HEIGHT="10.771653543307087" WIDTH="36.28346456692913" VPOS="292.53543307086613" HPOS="87.59055118110236" CONTENT="allé" ID="tl_11_5" STYLEREFS="FONT0"/>
            <SP HEIGHT="10.771653543307087" WIDTH="4.535433070866142" VPOS="292.53543307086613" HPOS="123.8740157480315"/>
            <String HEIGHT="10.771653543307087" WIDTH="45.354330708661415" VPOS="292.53543307086613" HPOS="110.26771653543307" CONTENT="plutôt" ID="tl_11_6" STYLEREFS="FONT0"/>
            <SP HEIGHT="10.771653543307087" WIDTH="4.535433070866142" VPOS="292.53543307086613" HPOS="155.6220472440945"/>
            <String HEIGHT="10.771653543307087" WIDTH="36.28346456692913" VPOS="292.53543307086613" HPOS="142.01574803149606" CONTENT="vers" ID="tl_11_7" STYLEREFS="FONT0"/>
            <SP HEIGHT="10.771653543307087" WIDTH="4.535433070866142" VPOS="292.53543307086613" HPOS="178.29921259842519"/>
            <String HEIGHT="10.771653543307087" WIDTH="31.748031496062993" VPOS="292.53543307086613" HPOS="164.69291338582678" CONTENT="une" ID="tl_11_8" STYLEREFS="FONT0"/>
            <SP HEIGHT="10.771653543307087" WIDTH="4.535433070866142" VPOS="292.53543307086613" HPOS="196.44094488188978"/>
            <String HEIGHT="10.771653543307087" WIDTH="77.10236220472441" VPOS="292.53543307086613" HPOS="182.83464566929135" CONTENT="participation" ID="tl_11_9" STYLEREFS="FONT0"/>
            <SP HEIGHT="10.771653543307087" WIDTH="4.535433070866142" VPOS="292.53543307086613" HPOS="259.93700787401576"/>
            <String HEIGHT="10.771653543307087" WIDTH="18.141732283464567" VPOS="292.53543307086613" HPOS="241.79527559055117" CONTENT="de" ID="tl_11_10" STYLEREFS="FONT0"/>
          </TextLine>
          <TextLine ID="tl_12" BASELINE="1110" HEIGHT="12.188976377952756" WIDTH="238.39370078740157" VPOS="302.45669291338584" HPOS="14.456692913385826">
            <String HEIGHT="12.188976377952756" WIDTH="56.125984251968504" VPOS="302.45669291338584" HPOS="9.921259842519685" CONTENT="qualité," ID="tl_12_1" STYLEREFS="FONT0"/>
            <SP HEIGHT="12.188976377952756" WIDTH="4.535433070866142" VPOS="302.45669291338584" HPOS="65.76377952755905"/>
            <String HEIGHT="12.188976377952756" WIDTH="32.59842519685039" VPOS="302.45669291338584" HPOS="51.874015748031496" CONTENT="que" ID="tl_12_2" STYLEREFS="FONT0"/>
            <SP HEIGHT="12.188976377952756" WIDTH="4.535433070866142" VPOS="302.45669291338584" HPOS="84.4724409448819"/>
            <String HEIGHT="12.188976377952756" WIDTH="37.41732283464567" VPOS="302.45669291338584" HPOS="70.58267716535433" CONTENT="vers" ID="tl_12_3" STYLEREFS="FONT0"/>
            <SP HEIGHT="12.188976377952756" WIDTH="4.535433070866142" VPOS="302.45669291338584" HPOS="108.0"/>
            <String HEIGHT="12.188976377952756" WIDTH="28.062992125984252" VPOS="302.45669291338584" HPOS="93.8267716535433" CONTENT="la" ID="tl_12_4" STYLEREFS="FONT0"/>
            <SP HEIGHT="12.188976377952756" WIDTH="4.535433070866142" VPOS="302.45669291338584" HPOS="121.88976377952756"/>
            <String HEIGHT="12.188976377952756" WIDTH="84.18897637795276" VPOS="302.45669291338584" HPOS="108.0" CONTENT="représentation" ID="tl_12_5" STYLEREFS="FONT0"/>
            <SP HEIGHT="12.188976377952756" WIDTH="4.535433070866142" VPOS="302.45669291338584" HPOS="192.18897637795277"/>
            <String HEIGHT="12.188976377952756" WIDTH="41.95275590551181" VPOS="302.45669291338584" HPOS="178.01574803149606" CONTENT="d’une" ID="tl_12_6" STYLEREFS="FONT0"/>
            <SP HEIGHT="12.188976377952756" WIDTH="4.535433070866142" VPOS="302.45669291338584" HPOS="220.251968503937"/>
            <String HEIGHT="12.188976377952756" WIDTH="51.30708661417323" VPOS="302.45669291338584" HPOS="201.54330708661416" CONTENT="tendance." ID="tl_12_7" STYLEREFS="FONT0"/>
          </TextLine>
        </TextBlock>
        <TextBlock ID="r_3_2" HEIGHT="53.85826771653543" WIDTH="242.9291338582677" VPOS="317.4803149606299" HPOS="16.15748031496063">
          <TextLine ID="tl_13" BASELINE="1161" HEIGHT="14.740157480314961" WIDTH="233.29133858267716" VPOS="314.3622047244094" HPOS="26.929133858267715">
            <String HEIGHT="14.740157480314961" WIDTH="28.62992125984252" VPOS="314.3622047244094" HPOS="22.11023622047244" CONTENT="Si" ID="tl_13_1" STYLEREFS="FONT0"/>
            <SP HEIGHT="14.740157480314961" WIDTH="4.818897637795276" VPOS="314.3622047244094" HPOS="50.74015748031496"/>
            <String HEIGHT="14.740157480314961" WIDTH="28.62992125984252" VPOS="314.3622047244094" HPOS="36.56692913385827" CONTENT="la" ID="tl_13_2" STYLEREFS="FONT0"/>
            <SP HEIGHT="14.740157480314961" WIDTH="4.818897637795276" VPOS="314.3622047244094" HPOS="64.91338582677166"/>
            <String HEIGHT="14.740157480314961" WIDTH="42.803149606299215" VPOS="314.3622047244094" HPOS="50.74015748031496" CONTENT="gamme" ID="tl_13_3" STYLEREFS="FONT0"/>
            <SP HEIGHT="14.740157480314961" WIDTH="4.818897637795276" VPOS="314.3622047244094" HPOS="93.54330708661418"/>
            <String HEIGHT="14.740157480314961" WIDTH="28.62992125984252" VPOS="314.3622047244094" HPOS="79.37007874015748" CONTENT="de" ID="tl_13_4" STYLEREFS="FONT0"/>
            <SP HEIGHT="14.740157480314961" WIDTH="4.818897637795276" VPOS="314.3622047244094" HPOS="108.0"/>
            <String HEIGHT="14.740157480314961" WIDTH="61.79527559055118" VPOS="314.3622047244094" HPOS="93.54330708661418" CONTENT="candidats" ID="tl_13_5" STYLEREFS="FONT0"/>
            <SP HEIGHT="14.740157480314961" WIDTH="4.818897637795276" VPOS="314.3622047244094" HPOS="155.33858267716536"/>
            <String HEIGHT="14.740157480314961" WIDTH="23.811023622047244" VPOS="314.3622047244094" HPOS="141.16535433070865" CONTENT="à" ID="tl_13_6" STYLEREFS="FONT0"/>
            <SP HEIGHT="14.740157480314961" WIDTH="4.818897637795276" VPOS="314.3622047244094" HPOS="164.9763779527559"/>
            <String HEIGHT="14.740157480314961" WIDTH="28.62992125984252" VPOS="314.3622047244094" HPOS="150.8031496062992" CONTENT="la" ID="tl_13_7" STYLEREFS="FONT0"/>
            <SP HEIGHT="14.740157480314961" WIDTH="4.818897637795276" VPOS="314.3622047244094" HPOS="179.1496062992126"/>
            <String HEIGHT="14.740157480314961" WIDTH="61.79527559055118" VPOS="314.3622047244094" HPOS="164.9763779527559" CONTENT="sélection" ID="tl_13_8" STYLEREFS="FONT0"/>
            <SP HEIGHT="14.740157480314961" WIDTH="4.818897637795276" VPOS="314.3622047244094" HPOS="226.77165354330708"/>
            <String HEIGHT="14.740157480314961" WIDTH="33.44881889763779" VPOS="314.3622047244094" HPOS="212.5984251968504" CONTENT="est" ID="tl_13_9" STYLEREFS="FONT0"/>
            <SP HEIGHT="14.740157480314961" WIDTH="4.818897637795276" VPOS="314.3622047244094" HPOS="246.04724409448818"/>
            <String HEIGHT="14.740157480314961" WIDTH="33.44881889763779" VPOS="314.3622047244094" HPOS="226.77165354330708" CONTENT="assez" ID="tl_13_10" STYLEREFS="FONT0"/>
          </TextLine>
          <TextLine ID="tl_14" BASELINE="1199" HEIGHT="12.188976377952756" WIDTH="245.48031496062993" VPOS="327.68503937007875" HPOS="14.740157480314961">
            <String HEIGHT="12.188976377952756" WIDTH="64.06299212598425" VPOS="327.68503937007875" HPOS="9.354330708661417" CONTENT="étendue," ID="tl_14_1" STYLEREFS="FONT0"/>
            <SP HEIGHT="12.188976377952756" WIDTH="5.3858267716535435" VPOS="327.68503937007875" HPOS="73.41732283464567"/>
            <String HEIGHT="12.188976377952756" WIDTH="69.44881889763779" VPOS="327.68503937007875" HPOS="57.54330708661417" CONTENT="puisqu’il" ID="tl_14_2" STYLEREFS="FONT0"/>
            <SP HEIGHT="12.188976377952756" WIDTH="5.3858267716535435" VPOS="327.68503937007875" HPOS="126.70866141732283"/>
            <String HEIGHT="12.188976377952756" WIDTH="53.29133858267716" VPOS="327.68503937007875" HPOS="110.83464566929133" CONTENT="existe" ID="tl_14_3" STYLEREFS="FONT0"/>
            <SP HEIGHT="12.188976377952756" WIDTH="5.3858267716535435" VPOS="327.68503937007875" HPOS="164.1259842519685"/>
            <String HEIGHT="12.188976377952756" WIDTH="32.031496062992126" VPOS="327.68503937007875" HPOS="148.251968503937" CONTENT="en" ID="tl_14_4" STYLEREFS="FONT0"/>
            <SP HEIGHT="12.188976377952756" WIDTH="5.3858267716535435" VPOS="327.68503937007875" HPOS="180.28346456692913"/>
            <String HEIGHT="12.188976377952756" WIDTH="47.90551181102362" VPOS="327.68503937007875" HPOS="164.1259842519685" CONTENT="Grèce" ID="tl_14_5" STYLEREFS="FONT0"/>
            <SP HEIGHT="12.188976377952756" WIDTH="5.3858267716535435" VPOS="327.68503937007875" HPOS="212.31496062992127"/>
            <String HEIGHT="12.188976377952756" WIDTH="32.031496062992126" VPOS="327.68503937007875" HPOS="196.15748031496062" CONTENT="de" ID="tl_14_6" STYLEREFS="FONT0"/>
            <SP HEIGHT="12.188976377952756" WIDTH="5.3858267716535435" VPOS="327.68503937007875" HPOS="228.18897637795277"/>
            <String HEIGHT="12.188976377952756" WIDTH="53.29133858267716" VPOS="327.68503937007875" HPOS="206.9291338582677" CONTENT="nombreux" ID="tl_14_7" STYLEREFS="FONT0"/>
          </TextLine>
          <TextLine ID="tl_15" BASELINE="1238" HEIGHT="13.88976377952756" WIDTH="245.1968503937008" VPOS="337.03937007874015" HPOS="15.023622047244094">
            <String HEIGHT="13.88976377952756" WIDTH="57.826771653543304" VPOS="337.03937007874015" HPOS="10.488188976377952" CONTENT="artistes," ID="tl_15_1" STYLEREFS="FONT0"/>
            <SP HEIGHT="13.88976377952756" WIDTH="4.535433070866142" VPOS="337.03937007874015" HPOS="68.5984251968504"/>
            <String HEIGHT="13.88976377952756" WIDTH="35.71653543307087" VPOS="337.03937007874015" HPOS="55.275590551181104" CONTENT="dans" ID="tl_15_2" STYLEREFS="FONT0"/>
            <SP HEIGHT="13.88976377952756" WIDTH="4.535433070866142" VPOS="337.03937007874015" HPOS="90.70866141732283"/>
            <String HEIGHT="13.88976377952756" WIDTH="31.181102362204726" VPOS="337.03937007874015" HPOS="77.38582677165354" CONTENT="les" ID="tl_15_3" STYLEREFS="FONT0"/>
            <SP HEIGHT="13.88976377952756" WIDTH="4.535433070866142" VPOS="337.03937007874015" HPOS="108.56692913385827"/>
            <String HEIGHT="13.88976377952756" WIDTH="49.039370078740156" VPOS="337.03937007874015" HPOS="95.24409448818898" CONTENT="limites" ID="tl_15_4" STYLEREFS="FONT0"/>
            <SP HEIGHT="13.88976377952756" WIDTH="4.535433070866142" VPOS="337.03937007874015" HPOS="144.28346456692913"/>
            <String HEIGHT="13.88976377952756" WIDTH="40.25196850393701" VPOS="337.03937007874015" HPOS="130.96062992125985" CONTENT="d’âge" ID="tl_15_5" STYLEREFS="FONT0"/>
            <SP HEIGHT="13.88976377952756" WIDTH="4.535433070866142" VPOS="337.03937007874015" HPOS="170.9291338582677"/>
            <String HEIGHT="13.88976377952756" WIDTH="49.039370078740156" VPOS="337.03937007874015" HPOS="157.60629921259843" CONTENT="prêvue," ID="tl_15_6" STYLEREFS="FONT0"/>
            <SP HEIGHT="13.88976377952756" WIDTH="4.535433070866142" VPOS="337.03937007874015" HPOS="206.64566929133858"/>
            <String HEIGHT="13.88976377952756" WIDTH="31.181102362204726" VPOS="337.03937007874015" HPOS="193.3228346456693" CONTENT="qui" ID="tl_15_7" STYLEREFS="FONT0"/>
            <SP HEIGHT="13.88976377952756" WIDTH="4.535433070866142" VPOS="337.03937007874015" HPOS="224.50393700787401"/>
            <String HEIGHT="13.88976377952756" WIDTH="53.574803149606296" VPOS="337.03937007874015" HPOS="206.64566929133858" CONTENT="produisent" ID="tl_15_8" STYLEREFS="FONT0"/>
          </TextLine>
          <TextLine ID="tl_16" BASELINE="1272" HEIGHT="12.188976377952756" WIDTH="244.91338582677164" VPOS="348.37795275590554" HPOS="15.023622047244094">
            <String HEIGHT="12.188976377952756" WIDTH="36.8503937007874" VPOS="348.37795275590554" HPOS="10.488188976377952" CONTENT="déjà" ID="tl_16_1" STYLEREFS="FONT0"/>
            <SP HEIGHT="12.188976377952756" WIDTH="4.535433070866142" VPOS="348.37795275590554" HPOS="47.338582677165356"/>
            <String HEIGHT="12.188976377952756" WIDTH="32.31496062992126" VPOS="348.37795275590554" HPOS="33.44881889763779" CONTENT="des" ID="tl_16_2" STYLEREFS="FONT0"/>
            <SP HEIGHT="12.188976377952756" WIDTH="4.535433070866142" VPOS="348.37795275590554" HPOS="65.76377952755905"/>
            <String HEIGHT="12.188976377952756" WIDTH="46.20472440944882" VPOS="348.37795275590554" HPOS="51.874015748031496" CONTENT="œuvres" ID="tl_16_3" STYLEREFS="FONT0"/>
            <SP HEIGHT="12.188976377952756" WIDTH="4.535433070866142" VPOS="348.37795275590554" HPOS="98.07874015748031"/>
            <String HEIGHT="12.188976377952756" WIDTH="60.09448818897638" VPOS="348.37795275590554" HPOS="84.4724409448819" CONTENT="valables," ID="tl_16_4" STYLEREFS="FONT0"/>
            <SP HEIGHT="12.188976377952756" WIDTH="4.535433070866142" VPOS="348.37795275590554" HPOS="144.28346456692913"/>
            <String HEIGHT="12.188976377952756" WIDTH="27.77952755905512" VPOS="348.37795275590554" HPOS="130.6771653543307" CONTENT="il" ID="tl_16_5" STYLEREFS="FONT0"/>
            <SP HEIGHT="12.188976377952756" WIDTH="4.535433070866142" VPOS="348.37795275590554" HPOS="158.17322834645668"/>
            <String HEIGHT="12.188976377952756" WIDTH="32.31496062992126" VPOS="348.37795275590554" HPOS="144.28346456692913" CONTENT="est" ID="tl_16_6" STYLEREFS="FONT0"/>
            <SP HEIGHT="12.188976377952756" WIDTH="4.535433070866142" VPOS="348.37795275590554" HPOS="176.88188976377953"/>
            <String HEIGHT="12.188976377952756" WIDTH="60.09448818897638" VPOS="348.37795275590554" HPOS="162.99212598425197" CONTENT="difficile" ID="tl_16_7" STYLEREFS="FONT0"/>
            <SP HEIGHT="12.188976377952756" WIDTH="4.535433070866142" VPOS="348.37795275590554" HPOS="223.08661417322836"/>
            <String HEIGHT="12.188976377952756" WIDTH="27.77952755905512" VPOS="348.37795275590554" HPOS="209.1968503937008" CONTENT="de" ID="tl_16_8" STYLEREFS="FONT0"/>
            <SP HEIGHT="12.188976377952756" WIDTH="4.535433070866142" VPOS="348.37795275590554" HPOS="236.69291338582678"/>
            <String HEIGHT="12.188976377952756" WIDTH="41.669291338582674" VPOS="348.37795275590554" HPOS="218.26771653543307" CONTENT="dégager" ID="tl_16_9" STYLEREFS="FONT0"/>
          </TextLine>
          <TextLine ID="tl_17" BASELINE="1308" HEIGHT="10.771653543307087" WIDTH="195.59055118110237" VPOS="360.0" HPOS="15.307086614173228">
            <String HEIGHT="10.771653543307087" WIDTH="45.07086614173228" VPOS="360.0" HPOS="10.204724409448819" CONTENT="entre" ID="tl_17_1" STYLEREFS="FONT0"/>
            <SP HEIGHT="10.771653543307087" WIDTH="5.102362204724409" VPOS="360.0" HPOS="55.55905511811024"/>
            <String HEIGHT="10.771653543307087" WIDTH="35.1496062992126" VPOS="360.0" HPOS="40.25196850393701" CONTENT="eux" ID="tl_17_2" STYLEREFS="FONT0"/>
            <SP HEIGHT="10.771653543307087" WIDTH="5.102362204724409" VPOS="360.0" HPOS="75.4015748031496"/>
            <String HEIGHT="10.771653543307087" WIDTH="35.1496062992126" VPOS="360.0" HPOS="60.37795275590551" CONTENT="des" ID="tl_17_3" STYLEREFS="FONT0"/>
            <SP HEIGHT="10.771653543307087" WIDTH="5.102362204724409" VPOS="360.0" HPOS="95.5275590551181"/>
            <String HEIGHT="10.771653543307087" WIDTH="65.19685039370079" VPOS="360.0" HPOS="80.50393700787401" CONTENT="tendances" ID="tl_17_4" STYLEREFS="FONT0"/>
            <SP HEIGHT="10.771653543307087" WIDTH="5.102362204724409" VPOS="360.0" HPOS="145.70078740157481"/>
            <String HEIGHT="10.771653543307087" WIDTH="30.04724409448819" VPOS="360.0" HPOS="130.6771653543307" CONTENT="ou" ID="tl_17_5" STYLEREFS="FONT0"/>
            <SP HEIGHT="10.771653543307087" WIDTH="5.102362204724409" VPOS="360.0" HPOS="160.7244094488189"/>
            <String HEIGHT="10.771653543307087" WIDTH="35.1496062992126" VPOS="360.0" HPOS="145.70078740157481" CONTENT="des" ID="tl_17_6" STYLEREFS="FONT0"/>
            <SP HEIGHT="10.771653543307087" WIDTH="5.102362204724409" VPOS="360.0" HPOS="180.8503937007874"/>
            <String HEIGHT="10.771653543307087" WIDTH="50.173228346456696" VPOS="360.0" HPOS="160.7244094488189" CONTENT="groupes." ID="tl_17_7" STYLEREFS="FONT0"/>
          </TextLine>
        </TextBlock>
        <TextBlock ID="r_3_3" HEIGHT="84.18897637795276" WIDTH="242.36220472440945" VPOS="374.45669291338584" HPOS="16.440944881889763">
          <TextLine ID="tl_18" BASELINE="1359" HEIGHT="13.32283464566929" WIDTH="231.8740157480315" VPOS="371.90551181102364" HPOS="27.77952755905512">
            <String HEIGHT="13.32283464566929" WIDTH="58.110236220472444" VPOS="371.90551181102364" HPOS="23.244094488188978" CONTENT="L’artiste" ID="tl_18_1" STYLEREFS="FONT0"/>
            <SP HEIGHT="13.32283464566929" WIDTH="4.535433070866142" VPOS="371.90551181102364" HPOS="81.35433070866142"/>
            <String HEIGHT="13.32283464566929" WIDTH="35.71653543307087" VPOS="371.90551181102364" HPOS="68.03149606299213" CONTENT="grec" ID="tl_18_2" STYLEREFS="FONT0"/>
            <SP HEIGHT="13.32283464566929" WIDTH="4.535433070866142" VPOS="371.90551181102364" HPOS="103.46456692913385"/>
            <String HEIGHT="13.32283464566929" WIDTH="40.25196850393701" VPOS="371.90551181102364" HPOS="90.14173228346456" CONTENT="reste" ID="tl_18_3" STYLEREFS="FONT0"/>
            <SP HEIGHT="13.32283464566929" WIDTH="4.535433070866142" VPOS="371.90551181102364" HPOS="130.39370078740157"/>
            <String HEIGHT="13.32283464566929" WIDTH="84.75590551181102" VPOS="371.90551181102364" HPOS="117.07086614173228" CONTENT="essentiellement" ID="tl_18_4" STYLEREFS="FONT0"/>
            <SP HEIGHT="13.32283464566929" WIDTH="4.535433070866142" VPOS="371.90551181102364" HPOS="201.82677165354332"/>
            <String HEIGHT="13.32283464566929" WIDTH="75.68503937007874" VPOS="371.90551181102364" HPOS="183.96850393700788" CONTENT="individualiste." ID="tl_18_5" STYLEREFS="FONT0"/>
          </TextLine>
          <TextLine ID="tl_19" BASELINE="1404" HEIGHT="15.307086614173228" WIDTH="244.06299212598427" VPOS="382.6771653543307" HPOS="15.874015748031496">
            <String HEIGHT="15.307086614173228" WIDTH="30.614173228346456" VPOS="382.6771653543307" HPOS="10.771653543307087" CONTENT="Ce" ID="tl_19_1" STYLEREFS="FONT0"/>
            <SP HEIGHT="15.307086614173228" WIDTH="5.102362204724409" VPOS="382.6771653543307" HPOS="41.38582677165354"/>
            <String HEIGHT="15.307086614173228" WIDTH="25.511811023622048" VPOS="382.6771653543307" HPOS="26.078740157480315" CONTENT="l" ID="tl_19_2" STYLEREFS="FONT0"/>
            <SP HEIGHT="15.307086614173228" WIDTH="5.102362204724409" VPOS="382.6771653543307" HPOS="51.59055118110236"/>
            <String HEIGHT="15.307086614173228" WIDTH="50.74015748031496" VPOS="382.6771653543307" HPOS="36.28346456692913" CONTENT="chacun" ID="tl_19_3" STYLEREFS="FONT0"/>
            <SP HEIGHT="15.307086614173228" WIDTH="5.102362204724409" VPOS="382.6771653543307" HPOS="87.02362204724409"/>
            <String HEIGHT="15.307086614173228" WIDTH="40.818897637795274" VPOS="382.6771653543307" HPOS="71.71653543307086" CONTENT="pour" ID="tl_19_4" STYLEREFS="FONT0"/>
            <SP HEIGHT="15.307086614173228" WIDTH="5.102362204724409" VPOS="382.6771653543307" HPOS="112.53543307086615"/>
            <String HEIGHT="15.307086614173228" WIDTH="35.71653543307087" VPOS="382.6771653543307" HPOS="97.22834645669292" CONTENT="soi" ID="tl_19_5" STYLEREFS="FONT0"/>
            <SP HEIGHT="15.307086614173228" WIDTH="5.102362204724409" VPOS="382.6771653543307" HPOS="132.9448818897638"/>
            <String HEIGHT="15.307086614173228" WIDTH="20.409448818897637" VPOS="382.6771653543307" HPOS="117.63779527559055" CONTENT="" ID="tl_19_6" STYLEREFS="FONT0"/>
            <SP HEIGHT="15.307086614173228" WIDTH="5.102362204724409" VPOS="382.6771653543307" HPOS="138.04724409448818"/>
            <String HEIGHT="15.307086614173228" WIDTH="35.71653543307087" VPOS="382.6771653543307" HPOS="122.74015748031496" CONTENT="est" ID="tl_19_7" STYLEREFS="FONT0"/>
            <SP HEIGHT="15.307086614173228" WIDTH="5.102362204724409" VPOS="382.6771653543307" HPOS="158.17322834645668"/>
            <String HEIGHT="15.307086614173228" WIDTH="60.94488188976378" VPOS="382.6771653543307" HPOS="142.86614173228347" CONTENT="d’autant" ID="tl_19_8" STYLEREFS="FONT0"/>
            <SP HEIGHT="15.307086614173228" WIDTH="5.102362204724409" VPOS="382.6771653543307" HPOS="204.09448818897638"/>
            <String HEIGHT="15.307086614173228" WIDTH="40.818897637795274" VPOS="382.6771653543307" HPOS="188.78740157480314" CONTENT="plus" ID="tl_19_9" STYLEREFS="FONT0"/>
            <SP HEIGHT="15.307086614173228" WIDTH="5.102362204724409" VPOS="382.6771653543307" HPOS="229.3228346456693"/>
            <String HEIGHT="15.307086614173228" WIDTH="50.74015748031496" VPOS="382.6771653543307" HPOS="209.1968503937008" CONTENT="accentué" ID="tl_19_10" STYLEREFS="FONT0"/>
          </TextLine>
          <TextLine ID="tl_20" BASELINE="1435" HEIGHT="11.338582677165354" WIDTH="244.06299212598427" VPOS="395.43307086614175" HPOS="15.307086614173228">
            <String HEIGHT="11.338582677165354" WIDTH="33.44881889763779" VPOS="395.43307086614175" HPOS="10.488188976377952" CONTENT="que" ID="tl_20_1" STYLEREFS="FONT0"/>
            <SP HEIGHT="11.338582677165354" WIDTH="4.818897637795276" VPOS="395.43307086614175" HPOS="43.93700787401575"/>
            <String HEIGHT="11.338582677165354" WIDTH="33.44881889763779" VPOS="395.43307086614175" HPOS="29.763779527559056" CONTENT="les" ID="tl_20_2" STYLEREFS="FONT0"/>
            <SP HEIGHT="11.338582677165354" WIDTH="4.818897637795276" VPOS="395.43307086614175" HPOS="63.21259842519685"/>
            <String HEIGHT="11.338582677165354" WIDTH="38.267716535433074" VPOS="395.43307086614175" HPOS="48.75590551181102" CONTENT="arts" ID="tl_20_3" STYLEREFS="FONT0"/>
            <SP HEIGHT="11.338582677165354" WIDTH="4.818897637795276" VPOS="395.43307086614175" HPOS="87.02362204724409"/>
            <String HEIGHT="11.338582677165354" WIDTH="66.89763779527559" VPOS="395.43307086614175" HPOS="72.85039370078741" CONTENT="plastiques" ID="tl_20_4" STYLEREFS="FONT0"/>
            <SP HEIGHT="11.338582677165354" WIDTH="4.818897637795276" VPOS="395.43307086614175" HPOS="139.748031496063"/>
            <String HEIGHT="11.338582677165354" WIDTH="28.62992125984252" VPOS="395.43307086614175" HPOS="125.29133858267717" CONTENT="en" ID="tl_20_5" STYLEREFS="FONT0"/>
            <SP HEIGHT="11.338582677165354" WIDTH="4.818897637795276" VPOS="395.43307086614175" HPOS="154.20472440944883"/>
            <String HEIGHT="11.338582677165354" WIDTH="43.08661417322835" VPOS="395.43307086614175" HPOS="139.748031496063" CONTENT="Grèce" ID="tl_20_6" STYLEREFS="FONT0"/>
            <SP HEIGHT="11.338582677165354" WIDTH="4.818897637795276" VPOS="395.43307086614175" HPOS="182.83464566929135"/>
            <String HEIGHT="11.338582677165354" WIDTH="66.89763779527559" VPOS="395.43307086614175" HPOS="168.3779527559055" CONTENT="approchent" ID="tl_20_7" STYLEREFS="FONT0"/>
            <SP HEIGHT="11.338582677165354" WIDTH="4.818897637795276" VPOS="395.43307086614175" HPOS="235.55905511811022"/>
            <String HEIGHT="11.338582677165354" WIDTH="28.62992125984252" VPOS="395.43307086614175" HPOS="221.10236220472441" CONTENT="du" ID="tl_20_8" STYLEREFS="FONT0"/>
            <SP HEIGHT="11.338582677165354" WIDTH="4.818897637795276" VPOS="395.43307086614175" HPOS="249.73228346456693"/>
            <String HEIGHT="11.338582677165354" WIDTH="28.62992125984252" VPOS="395.43307086614175" HPOS="230.74015748031496" CONTENT="car" SUBS_TYPE="HypPart1" SUBS_CONTENT="carrefour" ID="tl_20_9" STYLEREFS="FONT0"/>
            <HYP CONTENT="-"/>
          </TextLine>
          <TextLine ID="tl_21" BASELINE="1472" HEIGHT="11.622047244094489" WIDTH="243.7795275590551" VPOS="405.6377952755906" HPOS="15.874015748031496">
            <String HEIGHT="11.622047244094489" WIDTH="42.803149606299215" VPOS="405.6377952755906" HPOS="11.622047244094489" CONTENT="refour" SUBS_TYPE="HypPart2" SUBS_CONTENT="carrefour" ID="tl_21_1" STYLEREFS="FONT0"/>
            <SP HEIGHT="11.622047244094489" WIDTH="4.251968503937008" VPOS="405.6377952755906" HPOS="54.425196850393704"/>
            <String HEIGHT="11.622047244094489" WIDTH="30.04724409448819" VPOS="405.6377952755906" HPOS="41.669291338582674" CONTENT="où," ID="tl_21_2" STYLEREFS="FONT0"/>
            <SP HEIGHT="11.622047244094489" WIDTH="4.251968503937008" VPOS="405.6377952755906" HPOS="71.43307086614173"/>
            <String HEIGHT="11.622047244094489" WIDTH="34.2992125984252" VPOS="405.6377952755906" HPOS="58.67716535433071" CONTENT="dans" ID="tl_21_3" STYLEREFS="FONT0"/>
            <SP HEIGHT="11.622047244094489" WIDTH="4.251968503937008" VPOS="405.6377952755906" HPOS="92.97637795275591"/>
            <String HEIGHT="11.622047244094489" WIDTH="30.04724409448819" VPOS="405.6377952755906" HPOS="79.93700787401575" CONTENT="les" ID="tl_21_4" STYLEREFS="FONT0"/>
            <SP HEIGHT="11.622047244094489" WIDTH="4.251968503937008" VPOS="405.6377952755906" HPOS="109.98425196850394"/>
            <String HEIGHT="11.622047244094489" WIDTH="42.803149606299215" VPOS="405.6377952755906" HPOS="97.22834645669292" CONTENT="grands" ID="tl_21_5" STYLEREFS="FONT0"/>
            <SP HEIGHT="11.622047244094489" WIDTH="4.251968503937008" VPOS="405.6377952755906" HPOS="140.03149606299212"/>
            <String HEIGHT="11.622047244094489" WIDTH="47.05511811023622" VPOS="405.6377952755906" HPOS="126.99212598425197" CONTENT="centres" ID="tl_21_6" STYLEREFS="FONT0"/>
            <SP HEIGHT="11.622047244094489" WIDTH="4.251968503937008" VPOS="405.6377952755906" HPOS="174.04724409448818"/>
            <String HEIGHT="11.622047244094489" WIDTH="42.803149606299215" VPOS="405.6377952755906" HPOS="161.29133858267716" CONTENT="d’art," ID="tl_21_7" STYLEREFS="FONT0"/>
            <SP HEIGHT="11.622047244094489" WIDTH="4.251968503937008" VPOS="405.6377952755906" HPOS="204.09448818897638"/>
            <String HEIGHT="11.622047244094489" WIDTH="34.2992125984252" VPOS="405.6377952755906" HPOS="191.33858267716536" CONTENT="tels" ID="tl_21_8" STYLEREFS="FONT0"/>
            <SP HEIGHT="11.622047244094489" WIDTH="4.251968503937008" VPOS="405.6377952755906" HPOS="225.35433070866142"/>
            <String HEIGHT="11.622047244094489" WIDTH="30.04724409448819" VPOS="405.6377952755906" HPOS="212.5984251968504" CONTENT="que" ID="tl_21_9" STYLEREFS="FONT0"/>
            <SP HEIGHT="11.622047244094489" WIDTH="4.251968503937008" VPOS="405.6377952755906" HPOS="242.64566929133858"/>
            <String HEIGHT="11.622047244094489" WIDTH="34.2992125984252" VPOS="405.6377952755906" HPOS="225.35433070866142" CONTENT="Paris," ID="tl_21_10" STYLEREFS="FONT0"/>
          </TextLine>
          <TextLine ID="tl_22" BASELINE="1516" HEIGHT="13.88976377952756" WIDTH="244.3464566929134" VPOS="415.84251968503935" HPOS="15.590551181102363">
            <String HEIGHT="13.88976377952756" WIDTH="36.28346456692913" VPOS="415.84251968503935" HPOS="10.488188976377952" CONTENT="les" ID="tl_22_1" STYLEREFS="FONT0"/>
            <SP HEIGHT="13.88976377952756" WIDTH="5.102362204724409" VPOS="415.84251968503935" HPOS="46.77165354330709"/>
            <String HEIGHT="13.88976377952756" WIDTH="41.669291338582674" VPOS="415.84251968503935" HPOS="31.181102362204726" CONTENT="arts" ID="tl_22_2" STYLEREFS="FONT0"/>
            <SP HEIGHT="13.88976377952756" WIDTH="5.102362204724409" VPOS="415.84251968503935" HPOS="72.85039370078741"/>
            <String HEIGHT="13.88976377952756" WIDTH="72.85039370078741" VPOS="415.84251968503935" HPOS="57.25984251968504" CONTENT="plastiques" ID="tl_22_3" STYLEREFS="FONT0"/>
            <SP HEIGHT="13.88976377952756" WIDTH="5.102362204724409" VPOS="415.84251968503935" HPOS="129.82677165354332"/>
            <String HEIGHT="13.88976377952756" WIDTH="31.181102362204726" VPOS="415.84251968503935" HPOS="114.23622047244095" CONTENT="du" ID="tl_22_4" STYLEREFS="FONT0"/>
            <SP HEIGHT="13.88976377952756" WIDTH="5.102362204724409" VPOS="415.84251968503935" HPOS="145.70078740157481"/>
            <String HEIGHT="13.88976377952756" WIDTH="46.77165354330709" VPOS="415.84251968503935" HPOS="129.82677165354332" CONTENT="monde" ID="tl_22_5" STYLEREFS="FONT0"/>
            <SP HEIGHT="13.88976377952756" WIDTH="5.102362204724409" VPOS="415.84251968503935" HPOS="176.88188976377953"/>
            <String HEIGHT="13.88976377952756" WIDTH="72.85039370078741" VPOS="415.84251968503935" HPOS="161.29133858267716" CONTENT="débouchent" ID="tl_22_6" STYLEREFS="FONT0"/>
            <SP HEIGHT="13.88976377952756" WIDTH="5.102362204724409" VPOS="415.84251968503935" HPOS="233.85826771653544"/>
            <String HEIGHT="13.88976377952756" WIDTH="31.181102362204726" VPOS="415.84251968503935" HPOS="218.26771653543307" CONTENT="du" ID="tl_22_7" STYLEREFS="FONT0"/>
            <SP HEIGHT="13.88976377952756" WIDTH="5.102362204724409" VPOS="415.84251968503935" HPOS="249.4488188976378"/>
            <String HEIGHT="13.88976377952756" WIDTH="31.181102362204726" VPOS="415.84251968503935" HPOS="228.75590551181102" CONTENT="non" SUBS_TYPE="HypPart1" SUBS_CONTENT="nonobjectif" ID="tl_22_8" STYLEREFS="FONT0"/>
            <HYP CONTENT="-"/>
          </TextLine>
          <TextLine ID="tl_23" BASELINE="1543" HEIGHT="10.204724409448819" WIDTH="244.3464566929134" VPOS="427.18110236220474" HPOS="15.590551181102363">
            <String HEIGHT="10.204724409448819" WIDTH="53.29133858267716" VPOS="427.18110236220474" HPOS="11.05511811023622" CONTENT="objectif" SUBS_TYPE="HypPart2" SUBS_CONTENT="nonobjectif" ID="tl_23_1" STYLEREFS="FONT0"/>
            <SP HEIGHT="10.204724409448819" WIDTH="4.535433070866142" VPOS="427.18110236220474" HPOS="64.34645669291339"/>
            <String HEIGHT="10.204724409448819" WIDTH="31.181102362204726" VPOS="427.18110236220474" HPOS="51.023622047244096" CONTENT="sur" ID="tl_23_2" STYLEREFS="FONT0"/>
            <SP HEIGHT="10.204724409448819" WIDTH="4.535433070866142" VPOS="427.18110236220474" HPOS="82.20472440944881"/>
            <String HEIGHT="10.204724409448819" WIDTH="53.29133858267716" VPOS="427.18110236220474" HPOS="68.88188976377953" CONTENT="l’objet," ID="tl_23_3" STYLEREFS="FONT0"/>
            <SP HEIGHT="10.204724409448819" WIDTH="4.535433070866142" VPOS="427.18110236220474" HPOS="122.1732283464567"/>
            <String HEIGHT="10.204724409448819" WIDTH="26.64566929133858" VPOS="427.18110236220474" HPOS="108.85039370078741" CONTENT="de" ID="tl_23_4" STYLEREFS="FONT0"/>
            <SP HEIGHT="10.204724409448819" WIDTH="4.535433070866142" VPOS="427.18110236220474" HPOS="135.49606299212599"/>
            <String HEIGHT="10.204724409448819" WIDTH="75.4015748031496" VPOS="427.18110236220474" HPOS="122.1732283464567" CONTENT="l’abstraction" ID="tl_23_5" STYLEREFS="FONT0"/>
            <SP HEIGHT="10.204724409448819" WIDTH="4.535433070866142" VPOS="427.18110236220474" HPOS="197.85826771653544"/>
            <String HEIGHT="10.204724409448819" WIDTH="35.43307086614173" VPOS="427.18110236220474" HPOS="184.53543307086613" CONTENT="vers" ID="tl_23_6" STYLEREFS="FONT0"/>
            <SP HEIGHT="10.204724409448819" WIDTH="4.535433070866142" VPOS="427.18110236220474" HPOS="219.96850393700788"/>
            <String HEIGHT="10.204724409448819" WIDTH="31.181102362204726" VPOS="427.18110236220474" HPOS="206.64566929133858" CONTENT="une" ID="tl_23_7" STYLEREFS="FONT0"/>
            <SP HEIGHT="10.204724409448819" WIDTH="4.535433070866142" VPOS="427.18110236220474" HPOS="237.82677165354332"/>
            <String HEIGHT="10.204724409448819" WIDTH="39.968503937007874" VPOS="427.18110236220474" HPOS="219.96850393700788" CONTENT="figura" SUBS_TYPE="HypPart1" SUBS_CONTENT="figuration" ID="tl_23_8" STYLEREFS="FONT0"/>
            <HYP CONTENT="-"/>
          </TextLine>
          <TextLine ID="tl_24" BASELINE="1591" HEIGHT="13.606299212598426" WIDTH="244.62992125984252" VPOS="437.38582677165357" HPOS="15.307086614173228">
            <String HEIGHT="13.606299212598426" WIDTH="40.818897637795274" VPOS="437.38582677165357" HPOS="10.204724409448819" CONTENT="tion" SUBS_TYPE="HypPart2" SUBS_CONTENT="figuration" ID="tl_24_1" STYLEREFS="FONT0"/>
            <SP HEIGHT="13.606299212598426" WIDTH="5.102362204724409" VPOS="437.38582677165357" HPOS="51.023622047244096"/>
            <String HEIGHT="13.606299212598426" WIDTH="66.33070866141732" VPOS="437.38582677165357" HPOS="35.71653543307087" CONTENT="nouvelle," ID="tl_24_2" STYLEREFS="FONT0"/>
            <SP HEIGHT="13.606299212598426" WIDTH="5.102362204724409" VPOS="437.38582677165357" HPOS="102.04724409448819"/>
            <String HEIGHT="13.606299212598426" WIDTH="30.614173228346456" VPOS="437.38582677165357" HPOS="86.74015748031496" CONTENT="du" ID="tl_24_3" STYLEREFS="FONT0"/>
            <SP HEIGHT="13.606299212598426" WIDTH="5.102362204724409" VPOS="437.38582677165357" HPOS="117.35433070866142"/>
            <String HEIGHT="13.606299212598426" WIDTH="107.14960629921259" VPOS="437.38582677165357" HPOS="102.04724409448819" CONTENT="figé-dimensionnel" ID="tl_24_4" STYLEREFS="FONT0"/>
            <SP HEIGHT="13.606299212598426" WIDTH="5.102362204724409" VPOS="437.38582677165357" HPOS="208.91338582677164"/>
            <String HEIGHT="13.606299212598426" WIDTH="30.614173228346456" VPOS="437.38582677165357" HPOS="193.60629921259843" CONTENT="au" ID="tl_24_5" STYLEREFS="FONT0"/>
            <SP HEIGHT="13.606299212598426" WIDTH="5.102362204724409" VPOS="437.38582677165357" HPOS="224.2204724409449"/>
            <String HEIGHT="13.606299212598426" WIDTH="56.125984251968504" VPOS="437.38582677165357" HPOS="203.81102362204723" CONTENT="mouvement" ID="tl_24_6" STYLEREFS="FONT0"/>
          </TextLine>
          <TextLine ID="tl_25" BASELINE="1637" HEIGHT="16.724409448818896" WIDTH="94.96062992125984" VPOS="447.3070866141732" HPOS="15.874015748031496">
            <String HEIGHT="16.724409448818896" WIDTH="28.62992125984252" VPOS="447.3070866141732" HPOS="11.05511811023622" CONTENT="en" ID="tl_25_1" STYLEREFS="FONT0"/>
            <SP HEIGHT="16.724409448818896" WIDTH="4.818897637795276" VPOS="447.3070866141732" HPOS="39.68503937007874"/>
            <String HEIGHT="16.724409448818896" WIDTH="42.803149606299215" VPOS="447.3070866141732" HPOS="25.511811023622048" CONTENT="trois" ID="tl_25_2" STYLEREFS="FONT0"/>
            <SP HEIGHT="16.724409448818896" WIDTH="4.818897637795276" VPOS="447.3070866141732" HPOS="68.03149606299213"/>
            <String HEIGHT="16.724409448818896" WIDTH="61.79527559055118" VPOS="447.3070866141732" HPOS="49.039370078740156" CONTENT="dimensions." ID="tl_25_3" STYLEREFS="FONT0"/>
          </TextLine>
        </TextBlock>
        <TextBlock ID="r_3_4" HEIGHT="73.98425196850394" WIDTH="242.36220472440945" VPOS="463.18110236220474" HPOS="17.007874015748033">
          <TextLine ID="tl_26" BASELINE="1676" HEIGHT="15.023622047244094" WIDTH="232.15748031496062" VPOS="460.06299212598424" HPOS="27.77952755905512">
            <String HEIGHT="15.023622047244094" WIDTH="30.330708661417322" VPOS="460.06299212598424" HPOS="22.677165354330707" CONTENT="Ce" ID="tl_26_1" STYLEREFS="FONT0"/>
            <SP HEIGHT="15.023622047244094" WIDTH="5.102362204724409" VPOS="460.06299212598424" HPOS="53.00787401574803"/>
            <String HEIGHT="15.023622047244094" WIDTH="65.48031496062993" VPOS="460.06299212598424" HPOS="37.98425196850393" CONTENT="carrefour" ID="tl_26_2" STYLEREFS="FONT0"/>
            <SP HEIGHT="15.023622047244094" WIDTH="5.102362204724409" VPOS="460.06299212598424" HPOS="103.46456692913385"/>
            <String HEIGHT="15.023622047244094" WIDTH="60.661417322834644" VPOS="460.06299212598424" HPOS="88.44094488188976" CONTENT="comporte" ID="tl_26_3" STYLEREFS="FONT0"/>
            <SP HEIGHT="15.023622047244094" WIDTH="5.102362204724409" VPOS="460.06299212598424" HPOS="148.8188976377953"/>
            <String HEIGHT="15.023622047244094" WIDTH="35.43307086614173" VPOS="460.06299212598424" HPOS="133.79527559055117" CONTENT="des" ID="tl_26_4" STYLEREFS="FONT0"/>
            <SP HEIGHT="15.023622047244094" WIDTH="5.102362204724409" VPOS="460.06299212598424" HPOS="169.22834645669292"/>
            <String HEIGHT="15.023622047244094" WIDTH="45.354330708661415" VPOS="460.06299212598424" HPOS="153.92125984251967" CONTENT="choix" ID="tl_26_5" STYLEREFS="FONT0"/>
            <SP HEIGHT="15.023622047244094" WIDTH="5.102362204724409" VPOS="460.06299212598424" HPOS="199.2755905511811"/>
            <String HEIGHT="15.023622047244094" WIDTH="40.25196850393701" VPOS="460.06299212598424" HPOS="184.251968503937" CONTENT="très" ID="tl_26_6" STYLEREFS="FONT0"/>
            <SP HEIGHT="15.023622047244094" WIDTH="5.102362204724409" VPOS="460.06299212598424" HPOS="224.50393700787401"/>
            <String HEIGHT="15.023622047244094" WIDTH="55.55905511811024" VPOS="460.06299212598424" HPOS="204.3779527559055" CONTENT="nombreux," ID="tl_26_7" STYLEREFS="FONT0"/>
          </TextLine>
          <TextLine ID="tl_27" BASELINE="1711" HEIGHT="11.905511811023622" WIDTH="244.91338582677164" VPOS="473.1023622047244" HPOS="15.590551181102363">
            <String HEIGHT="11.905511811023622" WIDTH="33.732283464566926" VPOS="473.1023622047244" HPOS="10.771653543307087" CONTENT="des" ID="tl_27_1" STYLEREFS="FONT0"/>
            <SP HEIGHT="11.905511811023622" WIDTH="4.818897637795276" VPOS="473.1023622047244" HPOS="44.503937007874015"/>
            <String HEIGHT="11.905511811023622" WIDTH="76.81889763779527" VPOS="473.1023622047244" HPOS="30.04724409448819" CONTENT="possibilités" ID="tl_27_2" STYLEREFS="FONT0"/>
            <SP HEIGHT="11.905511811023622" WIDTH="4.818897637795276" VPOS="473.1023622047244" HPOS="106.86614173228347"/>
            <String HEIGHT="11.905511811023622" WIDTH="76.81889763779527" VPOS="473.1023622047244" HPOS="92.40944881889764" CONTENT="d’hésitation" ID="tl_27_3" STYLEREFS="FONT0"/>
            <SP HEIGHT="11.905511811023622" WIDTH="4.818897637795276" VPOS="473.1023622047244" HPOS="169.22834645669292"/>
            <String HEIGHT="11.905511811023622" WIDTH="28.913385826771652" VPOS="473.1023622047244" HPOS="154.77165354330708" CONTENT="et" ID="tl_27_4" STYLEREFS="FONT0"/>
            <SP HEIGHT="11.905511811023622" WIDTH="4.818897637795276" VPOS="473.1023622047244" HPOS="183.68503937007873"/>
            <String HEIGHT="11.905511811023622" WIDTH="81.63779527559055" VPOS="473.1023622047244" HPOS="169.22834645669292" CONTENT="d’exploration" ID="tl_27_5" STYLEREFS="FONT0"/>
            <SP HEIGHT="11.905511811023622" WIDTH="4.818897637795276" VPOS="473.1023622047244" HPOS="250.86614173228347"/>
            <String HEIGHT="11.905511811023622" WIDTH="28.913385826771652" VPOS="473.1023622047244" HPOS="231.59055118110237" CONTENT="très" ID="tl_27_6" STYLEREFS="FONT0"/>
          </TextLine>
          <TextLine ID="tl_28" BASELINE="1750" HEIGHT="12.188976377952756" WIDTH="243.49606299212599" VPOS="483.87401574803147" HPOS="16.440944881889763">
            <String HEIGHT="12.188976377952756" WIDTH="53.574803149606296" VPOS="483.87401574803147" HPOS="11.622047244094489" CONTENT="riches," ID="tl_28_1" STYLEREFS="FONT0"/>
            <SP HEIGHT="12.188976377952756" WIDTH="4.818897637795276" VPOS="483.87401574803147" HPOS="65.19685039370079"/>
            <String HEIGHT="12.188976377952756" WIDTH="43.93700787401575" VPOS="483.87401574803147" HPOS="50.45669291338583" CONTENT="entre" ID="tl_28_2" STYLEREFS="FONT0"/>
            <SP HEIGHT="12.188976377952756" WIDTH="4.818897637795276" VPOS="483.87401574803147" HPOS="94.39370078740157"/>
            <String HEIGHT="12.188976377952756" WIDTH="68.31496062992126" VPOS="483.87401574803147" HPOS="79.65354330708661" CONTENT="lesquelles" ID="tl_28_3" STYLEREFS="FONT0"/>
            <SP HEIGHT="12.188976377952756" WIDTH="4.818897637795276" VPOS="483.87401574803147" HPOS="147.96850393700788"/>
            <String HEIGHT="12.188976377952756" WIDTH="34.01574803149607" VPOS="483.87401574803147" HPOS="133.22834645669292" CONTENT="ces" ID="tl_28_4" STYLEREFS="FONT0"/>
            <SP HEIGHT="12.188976377952756" WIDTH="4.818897637795276" VPOS="483.87401574803147" HPOS="167.5275590551181"/>
            <String HEIGHT="12.188976377952756" WIDTH="38.83464566929134" VPOS="483.87401574803147" HPOS="152.78740157480314" CONTENT="sept" ID="tl_28_5" STYLEREFS="FONT0"/>
            <SP HEIGHT="12.188976377952756" WIDTH="4.818897637795276" VPOS="483.87401574803147" HPOS="191.6220472440945"/>
            <String HEIGHT="12.188976377952756" WIDTH="43.93700787401575" VPOS="483.87401574803147" HPOS="177.16535433070865" CONTENT="Grecs" ID="tl_28_6" STYLEREFS="FONT0"/>
            <SP HEIGHT="12.188976377952756" WIDTH="4.818897637795276" VPOS="483.87401574803147" HPOS="221.10236220472441"/>
            <String HEIGHT="12.188976377952756" WIDTH="58.39370078740158" VPOS="483.87401574803147" HPOS="201.54330708661416" CONTENT="balancent." ID="tl_28_7" STYLEREFS="FONT0"/>
          </TextLine>
          <TextLine ID="tl_29" BASELINE="1781" HEIGHT="11.905511811023622" WIDTH="243.7795275590551" VPOS="492.9448818897638" HPOS="16.724409448818896">
            <String HEIGHT="11.905511811023622" WIDTH="36.8503937007874" VPOS="492.9448818897638" HPOS="12.188976377952756" CONTENT="Leur" ID="tl_29_1" STYLEREFS="FONT0"/>
            <SP HEIGHT="11.905511811023622" WIDTH="4.535433070866142" VPOS="492.9448818897638" HPOS="49.039370078740156"/>
            <String HEIGHT="11.905511811023622" WIDTH="50.45669291338583" VPOS="492.9448818897638" HPOS="35.1496062992126" CONTENT="travail" ID="tl_29_2" STYLEREFS="FONT0"/>
            <SP HEIGHT="11.905511811023622" WIDTH="4.535433070866142" VPOS="492.9448818897638" HPOS="85.60629921259843"/>
            <String HEIGHT="11.905511811023622" WIDTH="50.45669291338583" VPOS="492.9448818897638" HPOS="72.0" CONTENT="reflète" ID="tl_29_3" STYLEREFS="FONT0"/>
            <SP HEIGHT="11.905511811023622" WIDTH="4.535433070866142" VPOS="492.9448818897638" HPOS="122.45669291338582"/>
            <String HEIGHT="11.905511811023622" WIDTH="64.34645669291339" VPOS="492.9448818897638" HPOS="108.85039370078741" CONTENT="fidèlement" ID="tl_29_4" STYLEREFS="FONT0"/>
            <SP HEIGHT="11.905511811023622" WIDTH="4.535433070866142" VPOS="492.9448818897638" HPOS="173.1968503937008"/>
            <String HEIGHT="11.905511811023622" WIDTH="27.496062992125985" VPOS="492.9448818897638" HPOS="159.30708661417322" CONTENT="et" ID="tl_29_5" STYLEREFS="FONT0"/>
            <SP HEIGHT="11.905511811023622" WIDTH="4.535433070866142" VPOS="492.9448818897638" HPOS="186.8031496062992"/>
            <String HEIGHT="11.905511811023622" WIDTH="36.8503937007874" VPOS="492.9448818897638" HPOS="173.1968503937008" CONTENT="avec" ID="tl_29_6" STYLEREFS="FONT0"/>
            <SP HEIGHT="11.905511811023622" WIDTH="4.535433070866142" VPOS="492.9448818897638" HPOS="210.04724409448818"/>
            <String HEIGHT="11.905511811023622" WIDTH="50.45669291338583" VPOS="492.9448818897638" HPOS="196.15748031496062" CONTENT="naturel" ID="tl_29_7" STYLEREFS="FONT0"/>
            <SP HEIGHT="11.905511811023622" WIDTH="4.535433070866142" VPOS="492.9448818897638" HPOS="246.61417322834646"/>
            <String HEIGHT="11.905511811023622" WIDTH="32.31496062992126" VPOS="492.9448818897638" HPOS="228.18897637795277" CONTENT="cette" ID="tl_29_8" STYLEREFS="FONT0"/>
          </TextLine>
          <TextLine ID="tl_30" BASELINE="1830" HEIGHT="14.456692913385826" WIDTH="243.7795275590551" VPOS="504.2834645669291" HPOS="16.15748031496063">
            <String HEIGHT="14.456692913385826" WIDTH="67.74803149606299" VPOS="504.2834645669291" HPOS="11.622047244094489" CONTENT="incertitude" ID="tl_30_1" STYLEREFS="FONT0"/>
            <SP HEIGHT="14.456692913385826" WIDTH="4.535433070866142" VPOS="504.2834645669291" HPOS="79.37007874015748"/>
            <String HEIGHT="14.456692913385826" WIDTH="22.677165354330707" VPOS="504.2834645669291" HPOS="65.76377952755905" CONTENT="-" ID="tl_30_2" STYLEREFS="FONT0"/>
            <SP HEIGHT="14.456692913385826" WIDTH="4.535433070866142" VPOS="504.2834645669291" HPOS="88.44094488188976"/>
            <String HEIGHT="14.456692913385826" WIDTH="31.46456692913386" VPOS="504.2834645669291" HPOS="74.83464566929133" CONTENT="qui" ID="tl_30_3" STYLEREFS="FONT0"/>
            <SP HEIGHT="14.456692913385826" WIDTH="4.535433070866142" VPOS="504.2834645669291" HPOS="106.58267716535433"/>
            <String HEIGHT="14.456692913385826" WIDTH="49.60629921259842" VPOS="504.2834645669291" HPOS="92.97637795275591" CONTENT="parfois" ID="tl_30_4" STYLEREFS="FONT0"/>
            <SP HEIGHT="14.456692913385826" WIDTH="4.535433070866142" VPOS="504.2834645669291" HPOS="142.58267716535434"/>
            <String HEIGHT="14.456692913385826" WIDTH="49.60629921259842" VPOS="504.2834645669291" HPOS="128.9763779527559" CONTENT="enferme" ID="tl_30_5" STYLEREFS="FONT0"/>
            <SP HEIGHT="14.456692913385826" WIDTH="4.535433070866142" VPOS="504.2834645669291" HPOS="178.58267716535434"/>
            <String HEIGHT="14.456692913385826" WIDTH="54.14173228346457" VPOS="504.2834645669291" HPOS="165.25984251968504" CONTENT="l’espoir" ID="tl_30_6" STYLEREFS="FONT0"/>
            <SP HEIGHT="14.456692913385826" WIDTH="4.535433070866142" VPOS="504.2834645669291" HPOS="219.4015748031496"/>
            <String HEIGHT="14.456692913385826" WIDTH="40.53543307086614" VPOS="504.2834645669291" HPOS="205.79527559055117" CONTENT="d’une" ID="tl_30_7" STYLEREFS="FONT0"/>
            <SP HEIGHT="14.456692913385826" WIDTH="4.535433070866142" VPOS="504.2834645669291" HPOS="246.33070866141733"/>
            <String HEIGHT="14.456692913385826" WIDTH="31.46456692913386" VPOS="504.2834645669291" HPOS="228.4724409448819" CONTENT="cris" SUBS_TYPE="HypPart1" SUBS_CONTENT="cristallisation" ID="tl_30_8" STYLEREFS="FONT0"/>
            <HYP CONTENT="-"/>
          </TextLine>
          <TextLine ID="tl_31" BASELINE="1865" HEIGHT="14.173228346456693" WIDTH="244.06299212598427" VPOS="514.488188976378" HPOS="16.15748031496063">
            <String HEIGHT="14.173228346456693" WIDTH="67.74803149606299" VPOS="514.488188976378" HPOS="11.622047244094489" CONTENT="tallisation" SUBS_TYPE="HypPart2" SUBS_CONTENT="cristallisation" ID="tl_31_1" STYLEREFS="FONT0"/>
            <SP HEIGHT="14.173228346456693" WIDTH="4.535433070866142" VPOS="514.488188976378" HPOS="79.37007874015748"/>
            <String HEIGHT="14.173228346456693" WIDTH="122.1732283464567" VPOS="514.488188976378" HPOS="65.76377952755905" CONTENT="éblouissante-renforçant" ID="tl_31_2" STYLEREFS="FONT0"/>
            <SP HEIGHT="14.173228346456693" WIDTH="4.535433070866142" VPOS="514.488188976378" HPOS="187.93700787401573"/>
            <String HEIGHT="14.173228346456693" WIDTH="76.81889763779527" VPOS="514.488188976378" HPOS="174.33070866141733" CONTENT="l’ambivalence" ID="tl_31_3" STYLEREFS="FONT0"/>
            <SP HEIGHT="14.173228346456693" WIDTH="4.535433070866142" VPOS="514.488188976378" HPOS="251.1496062992126"/>
            <String HEIGHT="14.173228346456693" WIDTH="27.212598425196852" VPOS="514.488188976378" HPOS="233.00787401574803" CONTENT="nor" SUBS_TYPE="HypPart1" SUBS_CONTENT="normale" ID="tl_31_4" STYLEREFS="FONT0"/>
            <HYP CONTENT="-"/>
          </TextLine>
          <TextLine ID="tl_32" BASELINE="1913" HEIGHT="15.874015748031496" WIDTH="103.18110236220473" VPOS="526.3937007874016" HPOS="16.440944881889763">
            <String HEIGHT="15.874015748031496" WIDTH="41.38582677165354" VPOS="526.3937007874016" HPOS="11.338582677165354" CONTENT="male" SUBS_TYPE="HypPart2" SUBS_CONTENT="normale" ID="tl_32_1" STYLEREFS="FONT0"/>
            <SP HEIGHT="15.874015748031496" WIDTH="5.102362204724409" VPOS="526.3937007874016" HPOS="52.44094488188976"/>
            <String HEIGHT="15.874015748031496" WIDTH="30.89763779527559" VPOS="526.3937007874016" HPOS="37.13385826771653" CONTENT="du" ID="tl_32_2" STYLEREFS="FONT0"/>
            <SP HEIGHT="15.874015748031496" WIDTH="5.102362204724409" VPOS="526.3937007874016" HPOS="68.03149606299213"/>
            <String HEIGHT="15.874015748031496" WIDTH="72.28346456692914" VPOS="526.3937007874016" HPOS="47.338582677165356" CONTENT="mûrissement." ID="tl_32_3" STYLEREFS="FONT0"/>
          </TextLine>
        </TextBlock>
        <TextBlock ID="r_3_5" HEIGHT="84.75590551181102" WIDTH="241.22834645669292" VPOS="541.4173228346457" HPOS="18.141732283464567">
          <TextLine ID="tl_33" BASELINE="1956" HEIGHT="16.440944881889763" WIDTH="231.59055118110237" VPOS="538.0157480314961" HPOS="28.913385826771652">
            <String HEIGHT="16.440944881889763" WIDTH="43.37007874015748" VPOS="538.0157480314961" HPOS="24.094488188976378" CONTENT="Leurs" ID="tl_33_1" STYLEREFS="FONT0"/>
            <SP HEIGHT="16.440944881889763" WIDTH="4.818897637795276" VPOS="538.0157480314961" HPOS="67.46456692913385"/>
            <String HEIGHT="16.440944881889763" WIDTH="48.188976377952756" VPOS="538.0157480314961" HPOS="53.00787401574803" CONTENT="œuvres" ID="tl_33_2" STYLEREFS="FONT0"/>
            <SP HEIGHT="16.440944881889763" WIDTH="4.818897637795276" VPOS="538.0157480314961" HPOS="101.19685039370079"/>
            <String HEIGHT="16.440944881889763" WIDTH="72.28346456692914" VPOS="538.0157480314961" HPOS="86.74015748031496" CONTENT="n’indiquent" ID="tl_33_3" STYLEREFS="FONT0"/>
            <SP HEIGHT="16.440944881889763" WIDTH="4.818897637795276" VPOS="538.0157480314961" HPOS="159.30708661417322"/>
            <String HEIGHT="16.440944881889763" WIDTH="33.732283464566926" VPOS="538.0157480314961" HPOS="144.56692913385828" CONTENT="pas" ID="tl_33_4" STYLEREFS="FONT0"/>
            <SP HEIGHT="16.440944881889763" WIDTH="4.818897637795276" VPOS="538.0157480314961" HPOS="178.58267716535434"/>
            <String HEIGHT="16.440944881889763" WIDTH="28.913385826771652" VPOS="538.0157480314961" HPOS="164.1259842519685" CONTENT="de" ID="tl_33_5" STYLEREFS="FONT0"/>
            <SP HEIGHT="16.440944881889763" WIDTH="4.818897637795276" VPOS="538.0157480314961" HPOS="193.03937007874015"/>
            <String HEIGHT="16.440944881889763" WIDTH="53.00787401574803" VPOS="538.0157480314961" HPOS="178.58267716535434" CONTENT="chemins" ID="tl_33_6" STYLEREFS="FONT0"/>
            <SP HEIGHT="16.440944881889763" WIDTH="4.818897637795276" VPOS="538.0157480314961" HPOS="231.59055118110237"/>
            <String HEIGHT="16.440944881889763" WIDTH="48.188976377952756" VPOS="538.0157480314961" HPOS="212.31496062992127" CONTENT="définis," ID="tl_33_7" STYLEREFS="FONT0"/>
          </TextLine>
          <TextLine ID="tl_34" BASELINE="1986" HEIGHT="11.338582677165354" WIDTH="244.06299212598427" VPOS="551.6220472440945" HPOS="16.724409448818896">
            <String HEIGHT="11.338582677165354" WIDTH="35.43307086614173" VPOS="551.6220472440945" HPOS="12.188976377952756" CONTENT="déjà" ID="tl_34_1" STYLEREFS="FONT0"/>
            <SP HEIGHT="11.338582677165354" WIDTH="4.535433070866142" VPOS="551.6220472440945" HPOS="47.90551181102362"/>
            <String HEIGHT="11.338582677165354" WIDTH="53.29133858267716" VPOS="551.6220472440945" HPOS="34.58267716535433" CONTENT="choisis," ID="tl_34_2" STYLEREFS="FONT0"/>
            <SP HEIGHT="11.338582677165354" WIDTH="4.535433070866142" VPOS="551.6220472440945" HPOS="87.59055118110236"/>
            <String HEIGHT="11.338582677165354" WIDTH="31.181102362204726" VPOS="551.6220472440945" HPOS="74.55118110236221" CONTENT="car" ID="tl_34_3" STYLEREFS="FONT0"/>
            <SP HEIGHT="11.338582677165354" WIDTH="4.535433070866142" VPOS="551.6220472440945" HPOS="105.44881889763779"/>
            <String HEIGHT="11.338582677165354" WIDTH="31.181102362204726" VPOS="551.6220472440945" HPOS="92.1259842519685" CONTENT="ils" ID="tl_34_4" STYLEREFS="FONT0"/>
            <SP HEIGHT="11.338582677165354" WIDTH="4.535433070866142" VPOS="551.6220472440945" HPOS="123.30708661417323"/>
            <String HEIGHT="11.338582677165354" WIDTH="39.968503937007874" VPOS="551.6220472440945" HPOS="109.98425196850394" CONTENT="n’ont" ID="tl_34_5" STYLEREFS="FONT0"/>
            <SP HEIGHT="11.338582677165354" WIDTH="4.535433070866142" VPOS="551.6220472440945" HPOS="149.95275590551182"/>
            <String HEIGHT="11.338582677165354" WIDTH="44.503937007874015" VPOS="551.6220472440945" HPOS="136.62992125984252" CONTENT="encore" ID="tl_34_6" STYLEREFS="FONT0"/>
            <SP HEIGHT="11.338582677165354" WIDTH="4.535433070866142" VPOS="551.6220472440945" HPOS="180.8503937007874"/>
            <String HEIGHT="11.338582677165354" WIDTH="35.43307086614173" VPOS="551.6220472440945" HPOS="167.5275590551181" CONTENT="jeté" ID="tl_34_7" STYLEREFS="FONT0"/>
            <SP HEIGHT="11.338582677165354" WIDTH="4.535433070866142" VPOS="551.6220472440945" HPOS="202.96062992125985"/>
            <String HEIGHT="11.338582677165354" WIDTH="35.43307086614173" VPOS="551.6220472440945" HPOS="189.92125984251967" CONTENT="leur" ID="tl_34_8" STYLEREFS="FONT0"/>
            <SP HEIGHT="11.338582677165354" WIDTH="4.535433070866142" VPOS="551.6220472440945" HPOS="225.35433070866142"/>
            <String HEIGHT="11.338582677165354" WIDTH="44.503937007874015" VPOS="551.6220472440945" HPOS="212.03149606299212" CONTENT="dévolu" ID="tl_34_9" STYLEREFS="FONT0"/>
            <SP HEIGHT="11.338582677165354" WIDTH="4.535433070866142" VPOS="551.6220472440945" HPOS="256.251968503937"/>
            <String HEIGHT="11.338582677165354" WIDTH="22.11023622047244" VPOS="551.6220472440945" HPOS="238.6771653543307" CONTENT="sur" ID="tl_34_10" STYLEREFS="FONT0"/>
          </TextLine>
          <TextLine ID="tl_35" BASELINE="2029" HEIGHT="13.606299212598426" WIDTH="243.21259842519686" VPOS="561.5433070866142" HPOS="17.007874015748033">
            <String HEIGHT="13.606299212598426" WIDTH="48.75590551181102" VPOS="561.5433070866142" HPOS="12.188976377952756" CONTENT="aucune" ID="tl_35_1" STYLEREFS="FONT0"/>
            <SP HEIGHT="13.606299212598426" WIDTH="4.818897637795276" VPOS="561.5433070866142" HPOS="60.661417322834644"/>
            <String HEIGHT="13.606299212598426" WIDTH="43.653543307086615" VPOS="561.5433070866142" HPOS="46.20472440944882" CONTENT="cible" ID="tl_35_2" STYLEREFS="FONT0"/>
            <SP HEIGHT="13.606299212598426" WIDTH="4.818897637795276" VPOS="561.5433070866142" HPOS="89.85826771653544"/>
            <String HEIGHT="13.606299212598426" WIDTH="72.85039370078741" VPOS="561.5433070866142" HPOS="75.4015748031496" CONTENT="spécifique." ID="tl_35_3" STYLEREFS="FONT0"/>
            <SP HEIGHT="13.606299212598426" WIDTH="4.818897637795276" VPOS="561.5433070866142" HPOS="148.251968503937"/>
            <String HEIGHT="13.606299212598426" WIDTH="34.01574803149607" VPOS="561.5433070866142" HPOS="133.79527559055117" CONTENT="Ils" ID="tl_35_4" STYLEREFS="FONT0"/>
            <SP HEIGHT="13.606299212598426" WIDTH="4.818897637795276" VPOS="561.5433070866142" HPOS="167.81102362204723"/>
            <String HEIGHT="13.606299212598426" WIDTH="29.19685039370079" VPOS="561.5433070866142" HPOS="153.0708661417323" CONTENT="ne" ID="tl_35_5" STYLEREFS="FONT0"/>
            <SP HEIGHT="13.606299212598426" WIDTH="4.818897637795276" VPOS="561.5433070866142" HPOS="182.26771653543307"/>
            <String HEIGHT="13.606299212598426" WIDTH="48.75590551181102" VPOS="561.5433070866142" HPOS="167.81102362204723" CONTENT="visent" ID="tl_35_6" STYLEREFS="FONT0"/>
            <SP HEIGHT="13.606299212598426" WIDTH="4.818897637795276" VPOS="561.5433070866142" HPOS="216.56692913385828"/>
            <String HEIGHT="13.606299212598426" WIDTH="48.75590551181102" VPOS="561.5433070866142" HPOS="201.82677165354332" CONTENT="encore" ID="tl_35_7" STYLEREFS="FONT0"/>
            <SP HEIGHT="13.606299212598426" WIDTH="4.818897637795276" VPOS="561.5433070866142" HPOS="250.58267716535434"/>
            <String HEIGHT="13.606299212598426" WIDTH="29.19685039370079" VPOS="561.5433070866142" HPOS="231.0236220472441" CONTENT="qu’à" ID="tl_35_8" STYLEREFS="FONT0"/>
          </TextLine>
          <TextLine ID="tl_36" BASELINE="2064" HEIGHT="13.32283464566929" WIDTH="243.21259842519686" VPOS="571.7480314960629" HPOS="17.291338582677167">
            <String HEIGHT="13.32283464566929" WIDTH="63.21259842519685" VPOS="571.7480314960629" HPOS="12.472440944881889" CONTENT="exprimer," ID="tl_36_1" STYLEREFS="FONT0"/>
            <SP HEIGHT="13.32283464566929" WIDTH="4.818897637795276" VPOS="571.7480314960629" HPOS="75.68503937007874"/>
            <String HEIGHT="13.32283464566929" WIDTH="43.653543307086615" VPOS="571.7480314960629" HPOS="60.94488188976378" CONTENT="aussi" ID="tl_36_2" STYLEREFS="FONT0"/>
            <SP HEIGHT="13.32283464566929" WIDTH="4.818897637795276" VPOS="571.7480314960629" HPOS="104.88188976377953"/>
            <String HEIGHT="13.32283464566929" WIDTH="68.03149606299213" VPOS="571.7480314960629" HPOS="90.14173228346456" CONTENT="pleinement" ID="tl_36_3" STYLEREFS="FONT0"/>
            <SP HEIGHT="13.32283464566929" WIDTH="4.818897637795276" VPOS="571.7480314960629" HPOS="158.45669291338584"/>
            <String HEIGHT="13.32283464566929" WIDTH="48.75590551181102" VPOS="571.7480314960629" HPOS="143.71653543307087" CONTENT="qu’ils" ID="tl_36_4" STYLEREFS="FONT0"/>
            <SP HEIGHT="13.32283464566929" WIDTH="4.818897637795276" VPOS="571.7480314960629" HPOS="192.4724409448819"/>
            <String HEIGHT="13.32283464566929" WIDTH="29.19685039370079" VPOS="571.7480314960629" HPOS="177.73228346456693" CONTENT="le" ID="tl_36_5" STYLEREFS="FONT0"/>
            <SP HEIGHT="13.32283464566929" WIDTH="4.818897637795276" VPOS="571.7480314960629" HPOS="206.9291338582677"/>
            <String HEIGHT="13.32283464566929" WIDTH="58.39370078740158" VPOS="571.7480314960629" HPOS="192.4724409448819" CONTENT="peuvent," ID="tl_36_6" STYLEREFS="FONT0"/>
            <SP HEIGHT="13.32283464566929" WIDTH="4.818897637795276" VPOS="571.7480314960629" HPOS="250.86614173228347"/>
            <String HEIGHT="13.32283464566929" WIDTH="29.19685039370079" VPOS="571.7480314960629" HPOS="231.30708661417322" CONTENT="leur" ID="tl_36_7" STYLEREFS="FONT0"/>
          </TextLine>
          <TextLine ID="tl_37" BASELINE="2107" HEIGHT="15.307086614173228" WIDTH="242.36220472440945" VPOS="581.9527559055118" HPOS="17.5748031496063">
            <String HEIGHT="15.307086614173228" WIDTH="40.53543307086614" VPOS="581.9527559055118" HPOS="12.472440944881889" CONTENT="élan" ID="tl_37_1" STYLEREFS="FONT0"/>
            <SP HEIGHT="15.307086614173228" WIDTH="5.102362204724409" VPOS="581.9527559055118" HPOS="53.00787401574803"/>
            <String HEIGHT="15.307086614173228" WIDTH="60.661417322834644" VPOS="581.9527559055118" HPOS="37.7007874015748" CONTENT="créateur" ID="tl_37_2" STYLEREFS="FONT0"/>
            <SP HEIGHT="15.307086614173228" WIDTH="5.102362204724409" VPOS="581.9527559055118" HPOS="98.36220472440945"/>
            <String HEIGHT="15.307086614173228" WIDTH="30.330708661417322" VPOS="581.9527559055118" HPOS="83.33858267716535" CONTENT="du" ID="tl_37_3" STYLEREFS="FONT0"/>
            <SP HEIGHT="15.307086614173228" WIDTH="5.102362204724409" VPOS="581.9527559055118" HPOS="113.38582677165354"/>
            <String HEIGHT="15.307086614173228" WIDTH="55.55905511811024" VPOS="581.9527559055118" HPOS="98.36220472440945" CONTENT="moment." ID="tl_37_4" STYLEREFS="FONT0"/>
            <SP HEIGHT="15.307086614173228" WIDTH="5.102362204724409" VPOS="581.9527559055118" HPOS="153.92125984251967"/>
            <String HEIGHT="15.307086614173228" WIDTH="30.330708661417322" VPOS="581.9527559055118" HPOS="138.89763779527559" CONTENT="En" ID="tl_37_5" STYLEREFS="FONT0"/>
            <SP HEIGHT="15.307086614173228" WIDTH="5.102362204724409" VPOS="581.9527559055118" HPOS="168.9448818897638"/>
            <String HEIGHT="15.307086614173228" WIDTH="45.354330708661415" VPOS="581.9527559055118" HPOS="153.92125984251967" CONTENT="cela," ID="tl_37_6" STYLEREFS="FONT0"/>
            <SP HEIGHT="15.307086614173228" WIDTH="5.102362204724409" VPOS="581.9527559055118" HPOS="199.2755905511811"/>
            <String HEIGHT="15.307086614173228" WIDTH="45.354330708661415" VPOS="581.9527559055118" HPOS="184.251968503937" CONTENT="ainsi" ID="tl_37_7" STYLEREFS="FONT0"/>
            <SP HEIGHT="15.307086614173228" WIDTH="5.102362204724409" VPOS="581.9527559055118" HPOS="229.60629921259843"/>
            <String HEIGHT="15.307086614173228" WIDTH="45.354330708661415" VPOS="581.9527559055118" HPOS="214.58267716535434" CONTENT="qu’en" ID="tl_37_8" STYLEREFS="FONT0"/>
            <SP HEIGHT="15.307086614173228" WIDTH="5.102362204724409" VPOS="581.9527559055118" HPOS="259.93700787401576"/>
            <String HEIGHT="15.307086614173228" WIDTH="20.125984251968504" VPOS="581.9527559055118" HPOS="239.81102362204723" CONTENT="la" ID="tl_37_9" STYLEREFS="FONT0"/>
          </TextLine>
          <TextLine ID="tl_38" BASELINE="2136" HEIGHT="11.622047244094489" WIDTH="242.07874015748033" VPOS="593.8582677165355" HPOS="17.858267716535433">
            <String HEIGHT="11.622047244094489" WIDTH="83.90551181102362" VPOS="593.8582677165355" HPOS="13.039370078740157" CONTENT="préoccupation" ID="tl_38_1" STYLEREFS="FONT0"/>
            <SP HEIGHT="11.622047244094489" WIDTH="4.818897637795276" VPOS="593.8582677165355" HPOS="96.94488188976378"/>
            <String HEIGHT="11.622047244094489" WIDTH="39.40157480314961" VPOS="593.8582677165355" HPOS="82.20472440944881" CONTENT="avec" ID="tl_38_2" STYLEREFS="FONT0"/>
            <SP HEIGHT="11.622047244094489" WIDTH="4.818897637795276" VPOS="593.8582677165355" HPOS="121.60629921259843"/>
            <String HEIGHT="11.622047244094489" WIDTH="29.763779527559056" VPOS="593.8582677165355" HPOS="106.86614173228347" CONTENT="le" ID="tl_38_3" STYLEREFS="FONT0"/>
            <SP HEIGHT="11.622047244094489" WIDTH="4.818897637795276" VPOS="593.8582677165355" HPOS="136.3464566929134"/>
            <String HEIGHT="11.622047244094489" WIDTH="49.32283464566929" VPOS="593.8582677165355" HPOS="121.60629921259843" CONTENT="formel" ID="tl_38_4" STYLEREFS="FONT0"/>
            <SP HEIGHT="11.622047244094489" WIDTH="4.818897637795276" VPOS="593.8582677165355" HPOS="170.9291338582677"/>
            <String HEIGHT="11.622047244094489" WIDTH="34.58267716535433" VPOS="593.8582677165355" HPOS="156.18897637795277" CONTENT="qui" ID="tl_38_5" STYLEREFS="FONT0"/>
            <SP HEIGHT="11.622047244094489" WIDTH="4.818897637795276" VPOS="593.8582677165355" HPOS="190.77165354330708"/>
            <String HEIGHT="11.622047244094489" WIDTH="73.98425196850394" VPOS="593.8582677165355" HPOS="176.03149606299212" CONTENT="transparait" ID="tl_38_6" STYLEREFS="FONT0"/>
            <SP HEIGHT="11.622047244094489" WIDTH="4.818897637795276" VPOS="593.8582677165355" HPOS="250.01574803149606"/>
            <String HEIGHT="11.622047244094489" WIDTH="29.763779527559056" VPOS="593.8582677165355" HPOS="230.17322834645668" CONTENT="dans" ID="tl_38_7" STYLEREFS="FONT0"/>
          </TextLine>
          <TextLine ID="tl_39" BASELINE="2187" HEIGHT="16.15748031496063" WIDTH="242.36220472440945" VPOS="603.7795275590552" HPOS="18.141732283464567">
            <String HEIGHT="16.15748031496063" WIDTH="39.68503937007874" VPOS="603.7795275590552" HPOS="13.606299212598426" CONTENT="leurs" ID="tl_39_1" STYLEREFS="FONT0"/>
            <SP HEIGHT="16.15748031496063" WIDTH="4.535433070866142" VPOS="603.7795275590552" HPOS="53.29133858267716"/>
            <String HEIGHT="16.15748031496063" WIDTH="48.47244094488189" VPOS="603.7795275590552" HPOS="40.25196850393701" CONTENT="œuvres," ID="tl_39_2" STYLEREFS="FONT0"/>
            <SP HEIGHT="16.15748031496063" WIDTH="4.535433070866142" VPOS="603.7795275590552" HPOS="88.7244094488189"/>
            <String HEIGHT="16.15748031496063" WIDTH="30.89763779527559" VPOS="603.7795275590552" HPOS="75.4015748031496" CONTENT="ils" ID="tl_39_3" STYLEREFS="FONT0"/>
            <SP HEIGHT="16.15748031496063" WIDTH="4.535433070866142" VPOS="603.7795275590552" HPOS="106.2992125984252"/>
            <String HEIGHT="16.15748031496063" WIDTH="35.1496062992126" VPOS="603.7795275590552" HPOS="92.97637795275591" CONTENT="sont" ID="tl_39_4" STYLEREFS="FONT0"/>
            <SP HEIGHT="16.15748031496063" WIDTH="4.535433070866142" VPOS="603.7795275590552" HPOS="128.40944881889763"/>
            <String HEIGHT="16.15748031496063" WIDTH="79.37007874015748" VPOS="603.7795275590552" HPOS="115.08661417322834" CONTENT="représentatifs" ID="tl_39_5" STYLEREFS="FONT0"/>
            <SP HEIGHT="16.15748031496063" WIDTH="4.535433070866142" VPOS="603.7795275590552" HPOS="194.45669291338584"/>
            <String HEIGHT="16.15748031496063" WIDTH="26.362204724409448" VPOS="603.7795275590552" HPOS="181.13385826771653" CONTENT="de" ID="tl_39_6" STYLEREFS="FONT0"/>
            <SP HEIGHT="16.15748031496063" WIDTH="4.535433070866142" VPOS="603.7795275590552" HPOS="207.49606299212599"/>
            <String HEIGHT="16.15748031496063" WIDTH="43.93700787401575" VPOS="603.7795275590552" HPOS="194.45669291338584" CONTENT="l’état" ID="tl_39_7" STYLEREFS="FONT0"/>
            <SP HEIGHT="16.15748031496063" WIDTH="4.535433070866142" VPOS="603.7795275590552" HPOS="238.39370078740157"/>
            <String HEIGHT="16.15748031496063" WIDTH="39.68503937007874" VPOS="603.7795275590552" HPOS="220.8188976377953" CONTENT="présent" ID="tl_39_8" STYLEREFS="FONT0"/>
          </TextLine>
          <TextLine ID="tl_40" BASELINE="2225" HEIGHT="15.590551181102363" WIDTH="79.65354330708661" VPOS="615.1181102362204" HPOS="17.858267716535433">
            <String HEIGHT="15.590551181102363" WIDTH="26.64566929133858" VPOS="615.1181102362204" HPOS="13.32283464566929" CONTENT="de" ID="tl_40_1" STYLEREFS="FONT0"/>
            <SP HEIGHT="15.590551181102363" WIDTH="4.535433070866142" VPOS="615.1181102362204" HPOS="39.968503937007874"/>
            <String HEIGHT="15.590551181102363" WIDTH="39.968503937007874" VPOS="615.1181102362204" HPOS="26.64566929133858" CONTENT="l’art" ID="tl_40_2" STYLEREFS="FONT0"/>
            <SP HEIGHT="15.590551181102363" WIDTH="4.535433070866142" VPOS="615.1181102362204" HPOS="66.61417322834646"/>
            <String HEIGHT="15.590551181102363" WIDTH="26.64566929133858" VPOS="615.1181102362204" HPOS="53.29133858267716" CONTENT="en" ID="tl_40_3" STYLEREFS="FONT0"/>
            <SP HEIGHT="15.590551181102363" WIDTH="4.535433070866142" VPOS="615.1181102362204" HPOS="79.93700787401575"/>
            <String HEIGHT="15.590551181102363" WIDTH="35.43307086614173" VPOS="615.1181102362204" HPOS="62.07874015748032" CONTENT="Grèce." ID="tl_40_4" STYLEREFS="FONT0"/>
          </TextLine>
        </TextBlock>
        <TextBlock ID="r_3_6" HEIGHT="1.984251968503937" WIDTH="233.29133858267716" VPOS="670.9606299212599" HPOS="27.212598425196852"/>
        <GraphicalElement ID="r_4" HEIGHT="0.8503937007874016" WIDTH="286.01574803149606" VPOS="671.8110236220473" HPOS="21.826771653543307"/>
        <GraphicalElement ID="r_5" HEIGHT="544.2519685039371" WIDTH="1.7007874015748032" VPOS="23.244094488188978" HPOS="0.0"/>
        <GraphicalElement ID="r_6" HEIGHT="67.74803149606299" WIDTH="0.8503937007874016" VPOS="567.496062992126" HPOS="0.0"/>
      </PrintSpace>
    </Page>
  </Layout>
</alto>
