307.84251968503935 672.6614173228346
10.488188976377952 33.44881889763779 60.09448818897638 19.84251968503937 SRAEL

25.511811023622048 63.21259842519685 58.39370078740158 17.291338582677167 humaines
69.16535433070867 63.21259842519685 29.19685039370079 17.291338582677167 et
83.90551181102362 63.21259842519685 58.39370078740158 17.291338582677167 animales
127.55905511811024 63.21259842519685 38.83464566929134 17.291338582677167 qui,
151.93700787401573 63.21259842519685 38.83464566929134 17.291338582677167 même
176.03149606299212 63.21259842519685 43.653543307086615 17.291338582677167 quand
205.22834645669292 63.21259842519685 43.653543307086615 17.291338582677167 elles
234.4251968503937 63.21259842519685 29.19685039370079 17.291338582677167 ne
244.06299212598427 63.21259842519685 29.19685039370079 17.291338582677167 sont

25.511811023622048 75.11811023622047 32.59842519685039 16.440944881889763 pas
43.93700787401575 75.11811023622047 70.01574803149606 16.440944881889763 accessibles
100.06299212598425 75.11811023622047 28.062992125984252 16.440944881889763 du
113.95275590551181 75.11811023622047 51.30708661417323 16.440944881889763 premier
151.37007874015748 75.11811023622047 37.41732283464567 16.440944881889763 coup
174.61417322834646 75.11811023622047 46.488188976377955 16.440944881889763 d’œil,
207.21259842519686 75.11811023622047 32.59842519685039 16.440944881889763 ont
225.92125984251967 75.11811023622047 28.062992125984252 16.440944881889763 un
234.99212598425197 75.11811023622047 37.41732283464567 16.440944881889763 carac-

24.37795275590551 86.1732283464567 39.968503937007874 14.740157480314961 tère
49.32283464566929 86.1732283464567 64.62992125984252 14.740157480314961 organique
99.21259842519684 86.1732283464567 89.5748031496063 14.740157480314961 incontestable.
174.04724409448818 86.1732283464567 29.763779527559056 14.740157480314961 Le
188.78740157480314 86.1732283464567 39.968503937007874 14.740157480314961 plus
208.91338582677164 86.1732283464567 64.62992125984252 14.740157480314961 remarquable

25.511811023622048 98.36220472440945 36.56692913385827 13.606299212598426 dans
48.47244094488189 98.36220472440945 27.496062992125985 13.606299212598426 sa
62.07874015748032 98.36220472440945 54.99212598425197 13.606299212598426 création
103.46456692913385 98.36220472440945 32.031496062992126 13.606299212598426 est
121.60629921259843 98.36220472440945 27.496062992125985 13.606299212598426 le
135.49606299212599 98.36220472440945 32.031496062992126 13.606299212598426 jeu
153.92125984251967 98.36220472440945 64.06299212598425 13.606299212598426 réciproque
204.09448818897638 98.36220472440945 41.38582677165354 13.606299212598426 entre
231.59055118110237 98.36220472440945 27.496062992125985 13.606299212598426 la
240.9448818897638 98.36220472440945 32.031496062992126 13.606299212598426 forme

24.661417322834644 111.96850393700787 59.52755905511811 10.771653543307087 définie,
69.44881889763779 111.96850393700787 49.60629921259842 10.771653543307087 fermée
104.31496062992126 111.96850393700787 24.944881889763778 10.771653543307087 -
114.23622047244095 111.96850393700787 29.763779527559056 10.771653543307087 un
129.25984251968504 111.96850393700787 49.60629921259842 10.771653543307087 volume
163.84251968503938 111.96850393700787 44.78740157480315 10.771653543307087 creux
193.88976377952756 111.96850393700787 59.52755905511811 10.771653543307087 délimité
238.39370078740157 111.96850393700787 34.86614173228347 10.771653543307087 par
253.41732283464566 111.96850393700787 19.84251968503937 10.771653543307087 le

25.511811023622048 116.50393700787401 45.92125984251968 15.590551181102363 métal-
57.54330708661417 116.50393700787401 27.496062992125985 15.590551181102363 et
71.43307086614173 116.50393700787401 27.496062992125985 15.590551181102363 la
85.03937007874016 116.50393700787401 41.38582677165354 15.590551181102363 forme
112.81889763779527 116.50393700787401 50.45669291338583 15.590551181102363 ouverte
149.38582677165354 116.50393700787401 27.496062992125985 15.590551181102363 de
163.2755905511811 116.50393700787401 27.496062992125985 15.590551181102363 la
177.16535433070865 116.50393700787401 50.45669291338583 15.590551181102363 feuille
213.73228346456693 116.50393700787401 45.92125984251968 15.590551181102363 plane,
241.51181102362204 116.50393700787401 32.031496062992126 15.590551181102363 forme

25.228346456692915 129.25984251968504 36.8503937007874 15.023622047244094 qui,
48.188976377952756 129.25984251968504 36.8503937007874 15.023622047244094 bien
71.14960629921259 129.25984251968504 32.031496062992126 15.023622047244094 que
89.5748031496063 129.25984251968504 54.99212598425197 15.023622047244094 concave,
130.96062992125985 129.25984251968504 41.38582677165354 15.023622047244094 reste
158.45669291338584 129.25984251968504 22.96062992125984 15.023622047244094 à
167.5275590551181 129.25984251968504 36.8503937007874 15.023622047244094 deux
190.48818897637796 129.25984251968504 68.88188976377953 15.023622047244094 dimensions,
245.76377952755905 129.25984251968504 27.496062992125985 15.023622047244094 et
254.83464566929135 129.25984251968504 18.4251968503937 15.023622047244094 la

24.661417322834644 140.03149606299212 76.25196850393701 13.606299212598426 combinaison
85.60629921259843 140.03149606299212 30.614173228346456 13.606299212598426 de
100.91338582677166 140.03149606299212 35.43307086614173 13.606299212598426 ces
121.32283464566929 140.03149606299212 40.53543307086614 13.606299212598426 deux
146.5511811023622 140.03149606299212 60.94488188976378 13.606299212598426 éléments
192.18897637795277 140.03149606299212 30.614173228346456 13.606299212598426 et
207.49606299212599 140.03149606299212 30.614173228346456 13.606299212598426 la
222.8031496062992 140.03149606299212 45.63779527559055 13.606299212598426 façon
248.03149606299212 140.03149606299212 25.511811023622048 13.606299212598426 par

25.511811023622048 150.51968503937007 56.125984251968504 14.456692913385826 laquelle
67.46456692913385 150.51968503937007 32.881889763779526 14.456692913385826 ils
86.1732283464567 150.51968503937007 28.062992125984252 14.456692913385826 se
100.34645669291339 150.51968503937007 65.48031496062993 14.456692913385826 rattachent
151.6535433070866 150.51968503937007 37.41732283464567 14.456692913385826 l’un
175.1811023622047 150.51968503937007 23.52755905511811 14.456692913385826 à
184.53543307086613 150.51968503937007 56.125984251968504 14.456692913385826 l’autre.
226.48818897637796 150.51968503937007 32.881889763779526 14.456692913385826 Son
240.66141732283464 150.51968503937007 32.881889763779526 14.456692913385826 œuvre

24.661417322834644 164.9763779527559 57.25984251968504 10.771653543307087 consiste
67.74803149606299 164.9763779527559 38.267716535433074 10.771653543307087 donc
91.55905511811024 164.9763779527559 90.70866141732283 10.771653543307087 essentiellement
167.81102362204723 164.9763779527559 28.62992125984252 10.771653543307087 en
182.26771653543307 164.9763779527559 33.44881889763779 10.771653543307087 une
196.7244094488189 164.9763779527559 76.25196850393701 10.771653543307087 juxtaposition-

25.228346456692915 175.1811023622047 63.21259842519685 9.354330708661417 contraste,
74.83464566929133 175.1811023622047 40.53543307086614 9.354330708661417 entre
102.04724409448819 175.1811023622047 27.212598425196852 9.354330708661417 le
115.65354330708661 175.1811023622047 40.53543307086614 9.354330708661417 plein
142.58267716535434 175.1811023622047 27.212598425196852 9.354330708661417 et
156.18897637795277 175.1811023622047 31.46456692913386 9.354330708661417 les
174.33070866141733 175.1811023622047 49.60629921259842 9.354330708661417 courbes
210.33070866141733 175.1811023622047 40.53543307086614 9.354330708661417 d’une
237.54330708661416 175.1811023622047 36.0 9.354330708661417 part
255.4015748031496 175.1811023622047 18.141732283464567 9.354330708661417 et

25.511811023622048 183.68503937007873 31.46456692913386 11.905511811023622 les
43.653543307086615 183.68503937007873 45.07086614173228 11.905511811023622 lignes
75.11811023622047 183.68503937007873 53.85826771653543 11.905511811023622 élancées
115.65354330708661 183.68503937007873 26.929133858267715 11.905511811023622 et
128.9763779527559 183.68503937007873 94.39370078740157 11.905511811023622 perpendiculaires,
210.04724409448818 183.68503937007873 40.53543307086614 11.905511811023622 entre
236.9763779527559 183.68503937007873 31.46456692913386 11.905511811023622 les
250.58267716535434 183.68503937007873 22.393700787401574 11.905511811023622 vo-

25.228346456692915 193.88976377952756 40.53543307086614 12.472440944881889 lumes
52.44094488188976 193.88976377952756 26.929133858267715 12.472440944881889 et
65.76377952755905 193.88976377952756 31.46456692913386 12.472440944881889 les
83.90551181102362 193.88976377952756 45.07086614173228 12.472440944881889 plans,
115.37007874015748 193.88976377952756 40.53543307086614 12.472440944881889 entre
142.58267716535434 193.88976377952756 31.46456692913386 12.472440944881889 les
160.44094488188978 193.88976377952756 45.07086614173228 12.472440944881889 formes
192.18897637795277 193.88976377952756 63.21259842519685 12.472440944881889 verticales
241.79527559055117 193.88976377952756 26.929133858267715 12.472440944881889 et
250.58267716535434 193.88976377952756 22.677165354330707 12.472440944881889 les

20.409448818897637 204.09448818897638 69.44881889763779 14.456692913385826 horizontales.

37.7007874015748 222.23622047244095 32.31496062992126 15.590551181102363 Les
56.125984251968504 222.23622047244095 46.20472440944882 15.590551181102363 toiles
88.44094488188976 222.23622047244095 27.77952755905512 15.590551181102363 de
102.33070866141732 222.23622047244095 41.669291338582674 15.590551181102363 Yosef
130.11023622047244 222.23622047244095 55.55905511811024 15.590551181102363 Gattegno
171.49606299212599 222.23622047244095 36.8503937007874 15.590551181102363 sont
194.74015748031496 222.23622047244095 50.74015748031496 15.590551181102363 presque
227.0551181102362 222.23622047244095 46.20472440944882 15.590551181102363 abstrai-

24.094488188976378 237.25984251968504 41.669291338582674 10.204724409448819 tes.
49.889763779527556 237.25984251968504 46.77165354330709 10.204724409448819 Elles
81.07086614173228 237.25984251968504 62.36220472440945 10.204724409448819 évoquent
127.84251968503936 237.25984251968504 36.28346456692913 10.204724409448819 une
148.53543307086613 237.25984251968504 72.56692913385827 10.204724409448819 atmosphère
205.79527559055117 237.25984251968504 36.28346456692913 10.204724409448819 des
221.38582677165354 237.25984251968504 51.874015748031496 10.204724409448819 réminis-

24.661417322834644 246.33070866141733 51.874015748031496 12.472440944881889 cences
60.94488188976378 246.33070866141733 31.181102362204726 12.472440944881889 de
76.53543307086615 246.33070866141733 67.46456692913385 12.472440944881889 paysages,
128.40944881889763 246.33070866141733 51.874015748031496 12.472440944881889 plutôt
164.69291338582678 246.33070866141733 46.77165354330709 12.472440944881889 qu’un
195.8740157480315 246.33070866141733 46.77165354330709 12.472440944881889 monde
226.77165354330708 246.33070866141733 46.77165354330709 12.472440944881889 réel.
252.8503937007874 246.33070866141733 20.69291338582677 12.472440944881889 Ce

24.661417322834644 256.81889763779526 39.968503937007874 12.755905511811024 sont
49.60629921259842 256.81889763779526 34.86614173228347 12.755905511811024 des
69.73228346456693 256.81889763779526 49.889763779527556 12.755905511811024 trames
104.5984251968504 256.81889763779526 49.889763779527556 12.755905511811024 planes
139.46456692913387 256.81889763779526 29.763779527559056 12.755905511811024 de
154.20472440944883 256.81889763779526 59.811023622047244 12.755905511811024 couleurs
198.99212598425197 256.81889763779526 74.83464566929133 12.755905511811024 rayonnantes
253.98425196850394 256.81889763779526 19.84251968503937 12.755905511811024 et

25.228346456692915 268.4409448818898 66.89763779527559 11.905511811023622 profondes.
77.66929133858268 268.4409448818898 28.62992125984252 11.905511811023622 Sa
92.1259842519685 268.4409448818898 57.25984251968504 11.905511811023622 peinture
134.9291338582677 268.4409448818898 33.44881889763779 11.905511811023622 est
153.92125984251967 268.4409448818898 42.803149606299215 11.905511811023622 faite
182.5511811023622 268.4409448818898 28.62992125984252 11.905511811023622 de
197.00787401574803 268.4409448818898 52.44094488188976 11.905511811023622 touches
230.45669291338584 268.4409448818898 42.803149606299215 11.905511811023622 succes-

24.661417322834644 279.496062992126 47.90551181102362 11.338582677165354 sives,
58.110236220472444 279.496062992126 28.62992125984252 11.338582677165354 de
72.56692913385827 279.496062992126 47.90551181102362 11.338582677165354 taches
106.01574803149606 279.496062992126 62.07874015748032 11.338582677165354 vibrantes
153.92125984251967 279.496062992126 43.08661417322835 11.338582677165354 d’une
182.5511811023622 279.496062992126 57.54330708661417 11.338582677165354 broderie
220.8188976377953 279.496062992126 52.724409448818896 11.338582677165354 délicate,

25.511811023622048 290.26771653543307 58.67716535433071 9.921259842519685 rappelant
70.58267716535433 290.26771653543307 49.60629921259842 9.921259842519685 parfois
106.58267716535433 290.26771653543307 26.929133858267715 9.921259842519685 le
120.18897637795276 290.26771653543307 40.53543307086614 9.921259842519685 style
147.11811023622047 290.26771653543307 90.14173228346456 9.921259842519685 impressionniste.
223.6535433070866 290.26771653543307 36.0 9.921259842519685 Elle
241.79527559055117 290.26771653543307 31.46456692913386 9.921259842519685 passe

24.944881889763778 298.7716535433071 26.64566929133858 13.039370078740157 de
38.267716535433074 298.7716535433071 53.29133858267716 13.039370078740157 couleurs
78.23622047244095 298.7716535433071 39.968503937007874 13.039370078740157 pures
104.88188976377953 298.7716535433071 26.64566929133858 13.039370078740157 et
118.20472440944881 298.7716535433071 48.75590551181102 13.039370078740157 pleines
153.63779527559055 298.7716535433071 26.64566929133858 13.039370078740157 de
166.96062992125985 298.7716535433071 39.968503937007874 13.039370078740157 force
193.60629921259843 298.7716535433071 22.11023622047244 13.039370078740157 à
202.6771653543307 298.7716535433071 31.181102362204726 13.039370078740157 des
220.251968503937 298.7716535433071 35.43307086614173 13.039370078740157 tons
238.11023622047244 298.7716535433071 35.43307086614173 13.039370078740157 inter-

25.511811023622048 311.5275590551181 63.21259842519685 13.039370078740157 médiaires
73.98425196850394 311.5275590551181 29.19685039370079 13.039370078740157 et
88.7244094488189 311.5275590551181 34.01574803149607 13.039370078740157 des
108.0 311.5275590551181 53.574803149606296 13.039370078740157 nuances
146.83464566929135 311.5275590551181 63.21259842519685 13.039370078740157 délicates
195.59055118110237 311.5275590551181 34.01574803149607 13.039370078740157 qui
210.04724409448818 311.5275590551181 63.21259842519685 13.039370078740157 enveloppent

24.37795275590551 319.748031496063 34.86614173228347 12.755905511811024 ses
44.503937007874015 319.748031496063 59.811023622047244 12.755905511811024 tableaux
89.29133858267717 319.748031496063 44.78740157480315 12.755905511811024 d’une
119.33858267716535 319.748031496063 44.78740157480315 12.755905511811024 gamme
149.10236220472441 319.748031496063 49.889763779527556 12.755905511811024 unique
183.96850393700788 319.748031496063 30.04724409448819 12.755905511811024 de
194.17322834645668 319.748031496063 54.99212598425197 12.755905511811024 couleurs.

37.13385826771653 340.15748031496065 55.275590551181104 11.338582677165354 L’œuvre
77.38582677165354 340.15748031496065 30.04724409448819 11.338582677165354 de
92.40944881889764 340.15748031496065 45.07086614173228 11.338582677165354 David
122.45669291338582 340.15748031496065 60.09448818897638 11.338582677165354 Meshulam
167.5275590551181 340.15748031496065 65.19685039370079 11.338582677165354 constitue
217.70078740157481 340.15748031496065 35.1496062992126 11.338582677165354 une
232.7244094488189 340.15748031496065 40.25196850393701 11.338582677165354 combi-

25.228346456692915 351.21259842519686 47.62204724409449 12.472440944881889 naison
58.67716535433071 351.21259842519686 57.25984251968504 12.472440944881889 d’images
101.76377952755905 351.21259842519686 62.07874015748032 12.472440944881889 étranges,
149.38582677165354 351.21259842519686 28.62992125984252 12.472440944881889 de
163.84251968503938 351.21259842519686 47.62204724409449 12.472440944881889 formes
197.29133858267716 351.21259842519686 76.25196850393701 12.472440944881889 monstrueuses
254.5511811023622 351.21259842519686 18.992125984251967 12.472440944881889 et

24.661417322834644 361.7007874015748 59.52755905511811 12.472440944881889 d’objets
69.44881889763779 361.7007874015748 69.44881889763779 12.472440944881889 quotidiens
124.15748031496064 361.7007874015748 54.70866141732284 12.472440944881889 planant
163.84251968503938 361.7007874015748 39.68503937007874 12.472440944881889 dans
188.50393700787401 361.7007874015748 29.763779527559056 12.472440944881889 un
203.5275590551181 361.7007874015748 49.60629921259842 12.472440944881889 espace
233.29133858267716 361.7007874015748 39.68503937007874 12.472440944881889 imagi-

26.078740157480315 372.18897637795277 39.68503937007874 11.338582677165354 naire
52.724409448818896 372.18897637795277 26.362204724409448 11.338582677165354 où
66.04724409448819 372.18897637795277 35.43307086614173 11.338582677165354 l’on
87.8740157480315 372.18897637795277 53.00787401574803 11.338582677165354 aperçoit
127.55905511811024 372.18897637795277 30.89763779527559 11.338582677165354 des
145.41732283464566 372.18897637795277 57.25984251968504 11.338582677165354 allusions
189.35433070866142 372.18897637795277 30.89763779527559 11.338582677165354 aux
207.21259842519686 372.18897637795277 53.00787401574803 11.338582677165354 terreurs
246.89763779527559 372.18897637795277 26.362204724409448 11.338582677165354 de
255.68503937007873 372.18897637795277 17.5748031496063 11.338582677165354 la

25.228346456692915 382.6771653543307 49.60629921259842 12.472440944881889 guerre
60.09448818897638 382.6771653543307 29.763779527559056 12.472440944881889 et
75.11811023622047 382.6771653543307 24.944881889763778 12.472440944881889 à
85.03937007874016 382.6771653543307 29.763779527559056 12.472440944881889 la
99.77952755905511 382.6771653543307 39.68503937007874 12.472440944881889 peur
124.7244094488189 382.6771653543307 49.60629921259842 12.472440944881889 devant
159.30708661417322 382.6771653543307 29.763779527559056 12.472440944881889 le
174.33070866141733 382.6771653543307 84.4724409448819 12.472440944881889 développement
243.7795275590551 382.6771653543307 29.763779527559056 12.472440944881889 de
253.70078740157481 382.6771653543307 19.84251968503937 12.472440944881889 la

25.228346456692915 392.88188976377955 73.41732283464567 13.039370078740157 technologie.
84.75590551181102 392.88188976377955 32.031496062992126 13.039370078740157 Son
103.18110236220473 392.88188976377955 68.88188976377953 13.039370078740157 surréalisme
158.45669291338584 392.88188976377955 68.88188976377953 13.039370078740157 particulier
213.4488188976378 392.88188976377955 32.031496062992126 13.039370078740157 est
227.33858267716536 392.88188976377955 45.92125984251968 13.039370078740157 souligné

26.362204724409448 405.3543307086614 32.59842519685039 12.188976377952756 par
44.78740157480315 405.3543307086614 32.59842519685039 12.188976377952756 une
63.496062992125985 405.3543307086614 60.661417322834644 12.188976377952756 technique
110.26771653543307 405.3543307086614 28.062992125984252 12.188976377952756 de
124.15748031496064 405.3543307086614 55.84251968503937 12.188976377952756 peinture
166.11023622047244 405.3543307086614 23.244094488188978 12.188976377952756 à
175.46456692913387 405.3543307086614 55.84251968503937 12.188976377952756 l’huile,
217.41732283464566 405.3543307086614 51.30708661417323 12.188976377952756 imitant
250.01574803149606 405.3543307086614 23.244094488188978 12.188976377952756 des

25.79527559055118 415.84251968503935 60.661417322834644 12.188976377952756 collages
71.43307086614173 415.84251968503935 30.330708661417322 12.188976377952756 ou
86.45669291338582 415.84251968503935 35.43307086614173 12.188976377952756 des
106.58267716535433 415.84251968503935 90.99212598425197 12.188976377952756 photographies,
182.26771653543307 415.84251968503935 30.330708661417322 12.188976377952756 et
197.5748031496063 415.84251968503935 35.43307086614173 12.188976377952756 par
217.70078740157481 415.84251968503935 30.330708661417322 12.188976377952756 le
227.90551181102362 415.84251968503935 45.354330708661415 12.188976377952756 mélange

26.078740157480315 425.1968503937008 39.68503937007874 13.039370078740157 dans
50.74015748031496 425.1968503937008 29.763779527559056 13.039370078740157 un
65.48031496062993 425.1968503937008 39.68503937007874 13.039370078740157 même
90.14173228346456 425.1968503937008 54.425196850393704 13.039370078740157 tableau
129.82677165354332 425.1968503937008 39.68503937007874 13.039370078740157 d’un
154.48818897637796 425.1968503937008 54.425196850393704 13.039370078740157 travail
194.17322834645668 425.1968503937008 29.763779527559056 13.039370078740157 en
208.91338582677164 425.1968503937008 54.425196850393704 13.039370078740157 surface
243.49606299212599 425.1968503937008 29.763779527559056 13.039370078740157 avec

26.64566929133858 435.9685039370079 56.125984251968504 12.472440944881889 l’apport
68.5984251968504 435.9685039370079 65.19685039370079 12.472440944881889 d’éléments
119.90551181102362 435.9685039370079 23.244094488188978 12.472440944881889 à
129.25984251968504 435.9685039370079 41.95275590551181 12.472440944881889 trois
157.03937007874015 435.9685039370079 70.01574803149606 12.472440944881889 dimensions.
213.16535433070865 435.9685039370079 28.062992125984252 12.472440944881889 Un
222.51968503937007 435.9685039370079 51.30708661417323 12.472440944881889 contraste

26.362204724409448 445.8897637795276 42.803149606299215 14.173228346456693 entre
54.99212598425197 445.8897637795276 28.346456692913385 14.173228346456693 le
69.16535433070867 445.8897637795276 42.803149606299215 14.173228346456693 clair
97.51181102362204 445.8897637795276 28.346456692913385 14.173228346456693 et
111.96850393700787 445.8897637795276 28.346456692913385 14.173228346456693 le
126.14173228346456 445.8897637795276 42.803149606299215 14.173228346456693 foncé
154.48818897637796 445.8897637795276 52.15748031496063 14.173228346456693 apporte
192.4724409448819 445.8897637795276 23.811023622047244 14.173228346456693 à
202.11023622047244 445.8897637795276 33.16535433070866 14.173228346456693 ses
221.10236220472441 445.8897637795276 47.338582677165356 14.173228346456693 œuvres
249.4488188976378 445.8897637795276 23.811023622047244 14.173228346456693 une

25.79527559055118 458.3622047244094 49.039370078740156 13.039370078740157 touche
55.275590551181104 458.3622047244094 88.15748031496064 13.039370078740157 expressionniste.

37.98425196850393 475.93700787401576 39.118110236220474 16.15748031496063 Gad
60.37795275590551 475.93700787401576 56.125984251968504 16.15748031496063 Ullman
99.77952755905511 475.93700787401576 56.125984251968504 16.15748031496063 décrit
138.89763779527559 475.93700787401576 39.118110236220474 16.15748031496063 son
161.29133858267716 475.93700787401576 50.45669291338583 16.15748031496063 monde
194.74015748031496 475.93700787401576 78.51968503937007 16.15748031496063 personnel,
250.86614173228347 475.93700787401576 22.393700787401574 16.15748031496063 un

27.212598425196852 490.1102362204724 41.10236220472441 11.905511811023622 monde
54.425196850393704 490.1102362204724 27.212598425196852 11.905511811023622 de
68.31496062992126 490.1102362204724 45.63779527559055 11.905511811023622 vision
100.06299212598425 490.1102362204724 27.212598425196852 11.905511811023622 et
113.66929133858268 490.1102362204724 27.212598425196852 11.905511811023622 de
127.55905511811024 490.1102362204724 41.10236220472441 11.905511811023622 rêve,
154.77165354330708 490.1102362204724 27.212598425196852 11.905511811023622 où
168.3779527559055 490.1102362204724 32.031496062992126 11.905511811023622 les
186.8031496062992 490.1102362204724 36.56692913385827 11.905511811023622 lois
209.48031496062993 490.1102362204724 27.212598425196852 11.905511811023622 de
223.08661417322836 490.1102362204724 27.212598425196852 11.905511811023622 la
232.15748031496062 490.1102362204724 41.10236220472441 11.905511811023622 logique

27.212598425196852 499.46456692913387 43.37007874015748 13.606299212598426 n’ont
56.125984251968504 499.46456692913387 33.732283464566926 13.606299212598426 pas
75.4015748031496 499.46456692913387 48.188976377952756 13.606299212598426 cours,
109.13385826771653 499.46456692913387 43.37007874015748 13.606299212598426 quasi
138.04724409448818 499.46456692913387 72.28346456692914 13.606299212598426 monochrome,
196.15748031496062 499.46456692913387 48.188976377952756 13.606299212598426 baigné
229.88976377952756 499.46456692913387 28.913385826771652 13.606299212598426 çà
244.3464566929134 499.46456692913387 28.913385826771652 13.606299212598426 et
253.98425196850394 499.46456692913387 19.275590551181104 13.606299212598426 là

26.929133858267715 509.1023622047244 37.98425196850393 15.307086614173228 d’or
50.74015748031496 509.1023622047244 28.346456692913385 15.307086614173228 ou
64.91338582677166 509.1023622047244 28.346456692913385 15.307086614173228 de
79.08661417322834 509.1023622047244 52.15748031496063 15.307086614173228 quelque
117.07086614173228 509.1023622047244 42.803149606299215 15.307086614173228 autre
145.41732283464566 509.1023622047244 37.98425196850393 15.307086614173228 ton,
169.22834645669292 509.1023622047244 37.98425196850393 15.307086614173228 dans
193.03937007874015 509.1023622047244 47.338582677165356 15.307086614173228 lequel
221.38582677165354 509.1023622047244 52.15748031496063 15.307086614173228 apparais-

27.212598425196852 521.007874015748 39.40157480314961 11.905511811023622 sent
51.874015748031496 521.007874015748 68.88188976377953 11.905511811023622 d’étranges
106.01574803149606 521.007874015748 73.98425196850394 11.905511811023622 personnages
164.9763779527559 521.007874015748 29.480314960629922 11.905511811023622 et
180.0 521.007874015748 68.88188976377953 11.905511811023622 d’immenses
229.3228346456693 521.007874015748 44.22047244094488 11.905511811023622 oiseaux

27.77952755905512 530.9291338582677 26.929133858267715 14.740157480314961 de
41.38582677165354 530.9291338582677 53.574803149606296 14.740157480314961 paradis.
81.35433070866142 530.9291338582677 35.71653543307087 14.740157480314961 D’un
103.74803149606299 530.9291338582677 44.78740157480315 14.740157480314961 dessin
134.9291338582677 530.9291338582677 53.574803149606296 14.740157480314961 sensible
175.1811023622047 530.9291338582677 26.929133858267715 14.740157480314961 et
188.78740157480314 530.9291338582677 35.71653543307087 14.740157480314961 aigu
210.89763779527559 530.9291338582677 22.393700787401574 14.740157480314961 à
219.96850393700788 530.9291338582677 26.929133858267715 14.740157480314961 la
233.29133858267716 530.9291338582677 40.25196850393701 14.740157480314961 fois,
255.68503937007873 530.9291338582677 17.858267716535433 14.740157480314961 il

27.212598425196852 541.1338582677165 40.25196850393701 13.32283464566929 crée
52.44094488188976 541.1338582677165 30.04724409448819 13.32283464566929 un
67.46456692913385 541.1338582677165 55.275590551181104 13.32283464566929 mélange
107.71653543307086 541.1338582677165 60.37795275590551 13.32283464566929 d’humour
153.0708661417323 541.1338582677165 55.275590551181104 13.32283464566929 piquant
193.03937007874015 541.1338582677165 30.04724409448819 13.32283464566929 et
208.3464566929134 541.1338582677165 30.04724409448819 13.32283464566929 de
218.26771653543307 541.1338582677165 55.275590551181104 13.32283464566929 tendresse

27.77952755905512 554.7401574803149 47.62204724409449 13.32283464566929 teintée
62.36220472440945 554.7401574803149 26.078740157480315 13.32283464566929 de
71.14960629921259 554.7401574803149 51.874015748031496 13.32283464566929 tristesse.

40.53543307086614 572.0314960629921 53.29133858267716 15.023622047244094 L’œuvre
79.37007874015748 572.0314960629921 29.19685039370079 15.023622047244094 de
93.8267716535433 572.0314960629921 34.01574803149607 15.023622047244094 Lea
113.10236220472441 572.0314960629921 43.653543307086615 15.023622047244094 Vogel
142.29921259842519 572.0314960629921 43.653543307086615 15.023622047244094 puise
171.49606299212599 572.0314960629921 34.01574803149607 15.023622047244094 aux
190.77165354330708 572.0314960629921 53.29133858267716 15.023622047244094 sources
229.60629921259843 572.0314960629921 29.19685039370079 15.023622047244094 du
239.24409448818898 572.0314960629921 34.01574803149607 15.023622047244094 figu-

28.62992125984252 584.503937007874 42.51968503937008 11.905511811023622 ratif
56.976377952755904 584.503937007874 37.7007874015748 11.905511811023622 bien
80.50393700787401 584.503937007874 32.881889763779526 11.905511811023622 que
99.49606299212599 584.503937007874 32.881889763779526 11.905511811023622 ses
118.20472440944881 584.503937007874 66.04724409448819 11.905511811023622 sculptures
170.07874015748033 584.503937007874 75.4015748031496 11.905511811023622 représentent
231.30708661417322 584.503937007874 28.346456692913385 11.905511811023622 un
240.9448818897638 584.503937007874 32.881889763779526 11.905511811023622 monde

28.346456692913385 594.7086614173228 67.18110236220473 14.740157480314961 imaginaire
81.35433070866142 594.7086614173228 53.00787401574803 14.740157480314961 d’anges
119.62204724409449 594.7086614173228 28.913385826771652 14.740157480314961 et
134.07874015748033 594.7086614173228 28.913385826771652 14.740157480314961 de
148.53543307086613 594.7086614173228 67.18110236220473 14.740157480314961 séraphines
196.7244094488189 594.7086614173228 76.81889763779527 14.740157480314961 semi

28.346456692913385 606.3307086614174 35.71653543307087 14.456692913385826 dont
50.74015748031496 606.3307086614174 35.71653543307087 14.456692913385826 elle
73.13385826771653 606.3307086614174 26.64566929133858 14.456692913385826 se
86.45669291338582 606.3307086614174 35.71653543307087 14.456692913385826 sert
108.85039370078741 606.3307086614174 35.71653543307087 14.456692913385826 pour
130.96062992125985 606.3307086614174 40.25196850393701 14.456692913385826 faire
157.88976377952756 606.3307086614174 58.110236220472444 14.456692913385826 ressortir
202.39370078740157 606.3307086614174 26.64566929133858 14.456692913385826 le
215.71653543307087 606.3307086614174 58.110236220472444 14.456692913385826 mouvement
255.96850393700788 606.3307086614174 17.858267716535433 14.456692913385826 et

29.19685039370079 615.9685039370079 43.653543307086615 13.606299212598426 l’élan
59.52755905511811 615.9685039370079 34.86614173228347 13.606299212598426 dans
81.35433070866142 615.9685039370079 56.69291338582677 13.606299212598426 l’espace,
125.00787401574803 615.9685039370079 65.48031496062993 13.606299212598426 contrastant
177.4488188976378 615.9685039370079 34.86614173228347 13.606299212598426 avec
199.2755905511811 615.9685039370079 26.078740157480315 13.606299212598426 la
212.31496062992127 615.9685039370079 52.44094488188976 13.606299212598426 position
247.46456692913387 615.9685039370079 26.078740157480315 13.606299212598426 sta-

27.77952755905512 627.8740157480315 45.92125984251968 13.32283464566929 tique
58.39370078740158 627.8740157480315 30.614173228346456 13.32283464566929 de
73.7007874015748 627.8740157480315 51.023622047244096 13.32283464566929 l’être
109.7007874015748 627.8740157480315 51.023622047244096 13.32283464566929 humain
145.41732283464566 627.8740157480315 40.818897637795274 13.32283464566929 dans
170.9291338582677 627.8740157480315 61.511811023622045 13.32283464566929 d’autres
211.748031496063 627.8740157480315 61.511811023622045 13.32283464566929 sculptures

23.811023622047244 644.8818897637796 20.976377952755904 13.606299212598426 74
