307.84251968503935 672.6614173228346
26.64566929133858 24.37795275590551 18.992125984251967 17.858267716535433 IRLANDE

59.811023622047244 173.1968503937008 81.63779527559055 14.740157480314961 Commissaire
125.00787401574803 173.1968503937008 65.48031496062993 14.740157480314961 général:
174.04724409448818 173.1968503937008 49.039370078740156 14.740157480314961 James
201.25984251968504 173.1968503937008 38.267716535433074 14.740157480314961 White

60.94488188976378 185.66929133858267 66.04724409448819 15.023622047244094 Conservateur
114.80314960629921 185.66929133858267 24.944881889763778 15.023622047244094 de
127.2755905511811 185.66929133858267 24.944881889763778 15.023622047244094 la
139.748031496063 185.66929133858267 49.60629921259842 15.023622047244094 National
172.62992125984252 185.66929133858267 41.38582677165354 15.023622047244094 Gallery.

44.78740157480315 230.45669291338584 41.669291338582674 13.88976377952756 Depuis
73.98425196850394 230.45669291338584 24.944881889763778 13.88976377952756 le
86.45669291338582 230.45669291338584 37.41732283464567 13.88976377952756 début
111.4015748031496 230.45669291338584 24.944881889763778 13.88976377952756 de
123.8740157480315 230.45669291338584 37.41732283464567 13.88976377952756 l’ère
148.8188976377953 230.45669291338584 58.110236220472444 13.88976377952756 chrétienne
194.45669291338584 230.45669291338584 29.19685039370079 13.88976377952756 les
211.1811023622047 230.45669291338584 49.889763779527556 13.88976377952756 peintres
244.3464566929134 230.45669291338584 33.16535433070866 13.88976377952756 irlan-

31.748031496062993 241.79527559055117 37.7007874015748 15.590551181102363 dais
55.55905511811024 241.79527559055117 28.346456692913385 15.590551181102363 se
69.73228346456693 241.79527559055117 37.7007874015748 15.590551181102363 sont
93.25984251968504 241.79527559055117 66.33070866141732 15.590551181102363 intéressés
145.41732283464566 241.79527559055117 52.15748031496063 15.590551181102363 surtout
183.11811023622047 241.79527559055117 23.52755905511811 15.590551181102363 à
192.75590551181102 241.79527559055117 28.346456692913385 15.590551181102363 la
206.9291338582677 241.79527559055117 42.51968503937008 15.590551181102363 forme
230.45669291338584 241.79527559055117 47.338582677165356 15.590551181102363 humaine.

31.46456692913386 252.28346456692913 41.10236220472441 16.724409448818896 Avant
58.960629921259844 252.28346456692913 41.10236220472441 16.724409448818896 cette
86.1732283464567 252.28346456692913 45.63779527559055 16.724409448818896 époque
118.20472440944881 252.28346456692913 27.496062992125985 16.724409448818896 le
131.81102362204723 252.28346456692913 41.10236220472441 16.724409448818896 style
159.30708661417322 252.28346456692913 68.5984251968504 16.724409448818896 prédominant
214.01574803149606 252.28346456692913 45.63779527559055 16.724409448818896 tenait
241.51181102362204 252.28346456692913 36.56692913385827 16.724409448818896 plutôt

30.89763779527559 264.755905511811 28.346456692913385 13.88976377952756 de
45.07086614173228 264.755905511811 42.803149606299215 13.88976377952756 l’art
73.7007874015748 264.755905511811 56.976377952755904 13.88976377952756 abstrait
116.50393700787401 264.755905511811 33.16535433070866 13.88976377952756 pur
135.49606299212599 264.755905511811 37.98425196850393 13.88976377952756 mais
159.0236220472441 264.755905511811 47.338582677165356 13.88976377952756 depuis
192.4724409448819 264.755905511811 47.338582677165356 13.88976377952756 quinze
225.63779527559055 264.755905511811 52.15748031496063 13.88976377952756 siècles
258.8031496062992 264.755905511811 18.992125984251967 13.88976377952756 le

30.89763779527559 275.244094488189 52.15748031496063 14.173228346456693 concept
68.88188976377953 275.244094488189 28.346456692913385 14.173228346456693 de
83.05511811023622 275.244094488189 52.15748031496063 14.173228346456693 l’homme
121.03937007874016 275.244094488189 37.98425196850393 14.173228346456693 dans
144.8503937007874 275.244094488189 33.16535433070866 14.173228346456693 son
163.84251968503938 275.244094488189 42.803149606299215 14.173228346456693 cadre
192.18897637795277 275.244094488189 33.16535433070866 14.173228346456693 est
211.1811023622047 275.244094488189 28.346456692913385 14.173228346456693 la
225.35433070866142 275.244094488189 37.98425196850393 14.173228346456693 note
244.3464566929134 275.244094488189 33.16535433070866 14.173228346456693 domi-

31.181102362204726 285.73228346456693 45.63779527559055 15.307086614173228 nante.
63.21259842519685 285.73228346456693 27.496062992125985 15.307086614173228 Au
76.81889763779527 285.73228346456693 41.10236220472441 15.307086614173228 cours
104.03149606299213 285.73228346456693 32.031496062992126 15.307086614173228 des
122.45669291338582 285.73228346456693 36.56692913385827 15.307086614173228 deux
145.13385826771653 285.73228346456693 41.10236220472441 15.307086614173228 cents
172.62992125984252 285.73228346456693 59.24409448818898 15.307086614173228 dernières
218.26771653543307 285.73228346456693 45.63779527559055 15.307086614173228 années
245.48031496062993 285.73228346456693 32.031496062992126 15.307086614173228 l’in-

30.04724409448819 295.37007874015745 52.44094488188976 14.456692913385826 fluence
68.31496062992126 295.37007874015745 66.61417322834646 14.456692913385826 romantique
120.4724409448819 295.37007874015745 28.62992125984252 14.456692913385826 se
134.9291338582677 295.37007874015745 66.61417322834646 14.456692913385826 trahissait
187.37007874015748 295.37007874015745 37.98425196850393 14.456692913385826 dans
211.1811023622047 295.37007874015745 61.79527559055118 14.456692913385826 l’intérêt
253.98425196850394 295.37007874015745 23.811023622047244 14.456692913385826 que

30.89763779527559 307.5590551181102 59.24409448818898 13.88976377952756 portaient
76.53543307086615 307.5590551181102 32.031496062992126 13.88976377952756 les
94.67716535433071 307.5590551181102 54.70866141732284 13.88976377952756 peintres
135.7795275590551 307.5590551181102 59.24409448818898 13.88976377952756 irlandais
181.41732283464566 307.5590551181102 27.496062992125985 13.88976377952756 au
195.0236220472441 307.5590551181102 77.66929133858268 13.88976377952756 paysage-genre
254.5511811023622 307.5590551181102 22.677165354330707 13.88976377952756 qui

29.480314960629922 318.0472440944882 33.44881889763779 13.88976377952756 fut
48.47244094488189 318.0472440944882 57.25984251968504 13.88976377952756 beaucoup
91.55905511811024 318.0472440944882 57.25984251968504 13.88976377952756 favorisé
134.36220472440945 318.0472440944882 66.61417322834646 13.88976377952756 d’ailleurs
186.8031496062992 318.0472440944882 33.44881889763779 13.88976377952756 par
205.79527559055117 318.0472440944882 28.62992125984252 13.88976377952756 la
219.96850393700788 318.0472440944882 57.25984251968504 13.88976377952756 présence
258.23622047244095 318.0472440944882 18.992125984251967 13.88976377952756 de

30.04724409448819 327.68503937007875 46.488188976377955 15.874015748031496 leurs
60.94488188976378 327.68503937007875 82.48818897637796 15.874015748031496 compatriotes
127.84251968503936 327.68503937007875 25.79527559055118 15.874015748031496 à
138.04724409448818 327.68503937007875 87.59055118110236 15.874015748031496 Fontainebleau
210.33070866141733 327.68503937007875 30.89763779527559 15.874015748031496 au
225.63779527559055 327.68503937007875 51.59055118110236 15.874015748031496 milieu
256.53543307086613 327.68503937007875 20.69291338582677 15.874015748031496 du

30.04724409448819 337.3228346456693 37.41732283464567 13.606299212598426 XIXe
48.75590551181102 337.3228346456693 42.23622047244095 13.606299212598426 siècle.

41.669291338582674 350.92913385826773 39.118110236220474 15.874015748031496 Anne
66.04724409448819 350.92913385826773 53.85826771653543 15.874015748031496 Madden,
105.16535433070867 350.92913385826773 43.93700787401575 15.874015748031496 l’une
134.64566929133858 350.92913385826773 34.2992125984252 15.874015748031496 des
154.20472440944883 350.92913385826773 39.118110236220474 15.874015748031496 deux
178.58267716535434 350.92913385826773 49.039370078740156 15.874015748031496 jeunes
212.88188976377953 350.92913385826773 58.67716535433071 15.874015748031496 peintres
252.0 350.92913385826773 24.37795275590551 15.874015748031496 le-

29.763779527559056 363.11811023622045 61.79527559055118 15.023622047244094 présentés
77.38582677165354 363.11811023622045 23.811023622047244 15.023622047244094 à
86.74015748031496 363.11811023622045 42.803149606299215 15.023622047244094 cette
115.37007874015748 363.11811023622045 61.79527559055118 15.023622047244094 Biennale,
162.70866141732284 363.11811023622045 33.16535433070866 15.023622047244094 est
181.70078740157481 363.11811023622045 71.14960629921259 15.023622047244094 paysagiste,
238.6771653543307 363.11811023622045 37.98425196850393 15.023622047244094 mais
257.6692913385827 363.11811023622045 18.992125984251967 15.023622047244094 on

30.04724409448819 376.15748031496065 28.913385826771652 11.622047244094489 ne
44.503937007874015 376.15748031496065 38.55118110236221 11.622047244094489 peut
68.5984251968504 376.15748031496065 33.732283464566926 11.622047244094489 pas
88.15748031496064 376.15748031496065 38.55118110236221 11.622047244094489 nier
112.25196850393701 376.15748031496065 28.913385826771652 11.622047244094489 le
126.70866141732283 376.15748031496065 53.29133858267716 11.622047244094489 rapport
165.54330708661416 376.15748031496065 43.653543307086615 11.622047244094489 entre
194.45669291338584 376.15748031496065 33.732283464566926 11.622047244094489 les
208.91338582677164 376.15748031496065 67.74803149606299 11.622047244094489 gigantesques

29.763779527559056 384.09448818897636 45.07086614173228 15.590551181102363 formes
61.22834645669291 384.09448818897636 72.0 15.590551181102363 rocailleuses
119.62204724409449 384.09448818897636 26.929133858267715 15.590551181102363 de
133.22834645669292 384.09448818897636 26.929133858267715 15.590551181102363 la
146.5511811023622 384.09448818897636 45.07086614173228 15.590551181102363 nature
178.01574803149606 384.09448818897636 26.929133858267715 15.590551181102363 et
191.6220472440945 384.09448818897636 31.46456692913386 15.590551181102363 les
209.48031496062993 384.09448818897636 40.53543307086614 15.590551181102363 plans
231.8740157480315 384.09448818897636 45.07086614173228 15.590551181102363 arrondis

29.480314960629922 395.7165354330709 28.62992125984252 15.307086614173228 du
43.93700787401575 395.7165354330709 42.803149606299215 15.307086614173228 torse
72.28346456692914 395.7165354330709 52.44094488188976 15.307086614173228 humain.
110.55118110236221 395.7165354330709 52.44094488188976 15.307086614173228 Pendant
148.53543307086613 395.7165354330709 33.16535433070866 15.307086614173228 ses
167.5275590551181 395.7165354330709 47.62204724409449 15.307086614173228 années
196.15748031496062 395.7165354330709 80.78740157480316 15.307086614173228 d’apprentissage

30.330708661417322 407.33858267716533 34.58267716535433 11.905511811023622 elle
51.874015748031496 407.33858267716533 34.58267716535433 11.905511811023622 prit
73.41732283464567 407.33858267716533 38.83464566929134 11.905511811023622 comme
99.21259842519684 407.33858267716533 38.83464566929134 11.905511811023622 sujet
125.29133858267717 407.33858267716533 30.330708661417322 11.905511811023622 les
142.58267716535434 407.33858267716533 47.62204724409449 11.905511811023622 aspects
177.16535433070865 407.33858267716533 60.37795275590551 11.905511811023622 figuratifs
224.50393700787401 407.33858267716533 25.79527559055118 11.905511811023622 du
233.29133858267716 407.33858267716533 43.08661417322835 11.905511811023622 paysage.

30.614173228346456 415.84251968503935 35.71653543307087 14.173228346456693 Mais
53.00787401574803 415.84251968503935 44.503937007874015 14.173228346456693 depuis
84.18897637795276 415.84251968503935 49.039370078740156 14.173228346456693 qu’elle
119.90551181102362 415.84251968503935 40.25196850393701 14.173228346456693 s’est
146.83464566929135 415.84251968503935 58.110236220472444 14.173228346456693 installée
191.33858267716536 415.84251968503935 35.71653543307087 14.173228346456693 dans
213.73228346456693 415.84251968503935 26.64566929133858 14.173228346456693 le
227.0551181102362 415.84251968503935 35.71653543307087 14.173228346456693 midi
249.4488188976378 415.84251968503935 26.64566929133858 14.173228346456693 de
258.23622047244095 415.84251968503935 17.858267716535433 14.173228346456693 la

30.614173228346456 426.61417322834643 44.78740157480315 17.007874015748033 France
62.07874015748032 426.61417322834643 31.46456692913386 17.007874015748033 son
79.93700787401575 426.61417322834643 62.645669291338585 17.007874015748033 traitement
129.25984251968504 426.61417322834643 35.71653543307087 17.007874015748033 plus
151.6535433070866 426.61417322834643 62.645669291338585 17.007874015748033 tranquille
200.69291338582678 426.61417322834643 26.929133858267715 17.007874015748033 et
214.29921259842519 426.61417322834643 35.71653543307087 17.007874015748033 plus
232.15748031496062 426.61417322834643 44.78740157480315 17.007874015748033 abstrait

30.04724409448819 437.9527559055118 32.59842519685039 15.307086614173228 des
48.47244094488189 437.9527559055118 51.30708661417323 15.307086614173228 formes,
85.88976377952756 437.9527559055118 28.062992125984252 15.307086614173228 en
99.77952755905511 437.9527559055118 41.95275590551181 15.307086614173228 grain
127.55905511811024 437.9527559055118 28.062992125984252 15.307086614173228 de
141.73228346456693 437.9527559055118 55.84251968503937 15.307086614173228 coquille
183.68503937007873 437.9527559055118 46.488188976377955 15.307086614173228 d’œuf,
216.28346456692913 437.9527559055118 41.95275590551181 15.307086614173228 blanc
239.5275590551181 437.9527559055118 37.13385826771653 15.307086614173228 telles

29.763779527559056 448.7244094488189 32.59842519685039 15.874015748031496 des
48.188976377952756 448.7244094488189 51.023622047244096 15.874015748031496 couches
85.32283464566929 448.7244094488189 27.77952755905512 15.874015748031496 de
99.21259842519684 448.7244094488189 37.13385826771653 15.874015748031496 lave
122.45669291338582 448.7244094488189 55.84251968503937 15.874015748031496 visibles
164.40944881889763 448.7244094488189 37.13385826771653 15.874015748031496 sous
187.6535433070866 448.7244094488189 27.77952755905512 15.874015748031496 la
201.54330708661416 448.7244094488189 41.669291338582674 15.874015748031496 neige
229.3228346456693 448.7244094488189 27.77952755905512 15.874015748031496 ou
238.6771653543307 448.7244094488189 37.13385826771653 15.874015748031496 l’eau,

29.19685039370079 459.496062992126 36.0 18.992125984251967 fait
51.59055118110236 459.496062992126 44.78740157480315 18.992125984251967 penser
83.05511811023622 459.496062992126 22.393700787401574 18.992125984251967 à
92.1259842519685 459.496062992126 26.929133858267715 18.992125984251967 la
105.44881889763779 459.496062992126 40.53543307086614 18.992125984251967 forme
132.3779527559055 459.496062992126 49.32283464566929 18.992125984251967 humaine
168.3779527559055 459.496062992126 62.92913385826772 18.992125984251967 surgissant
217.70078740157481 459.496062992126 36.0 18.992125984251967 d’un
235.84251968503938 459.496062992126 40.53543307086614 18.992125984251967 mirage.

41.38582677165354 471.68503937007875 48.188976377952756 15.590551181102363 Brian
73.41732283464567 471.68503937007875 53.29133858267716 15.590551181102363 Bourke
110.83464566929133 471.68503937007875 58.67716535433071 15.590551181102363 accepte
153.63779527559055 471.68503937007875 32.031496062992126 15.590551181102363 la
169.51181102362204 471.68503937007875 48.188976377952756 15.590551181102363 forme
201.54330708661416 471.68503937007875 58.67716535433071 15.590551181102363 humaine
238.96062992125985 471.68503937007875 37.41732283464567 15.590551181102363 comme

29.19685039370079 484.7244094488189 41.10236220472441 13.32283464566929 sujet
56.69291338582677 484.7244094488189 36.56692913385827 13.32283464566929 sans
79.37007874015748 484.7244094488189 27.496062992125985 13.32283464566929 la
92.97637795275591 484.7244094488189 50.173228346456696 13.32283464566929 moindre
129.54330708661416 484.7244094488189 68.5984251968504 13.32283464566929 hésitation.
184.53543307086613 484.7244094488189 64.06299212598425 13.32283464566929 Cependant,
230.17322834645668 484.7244094488189 45.63779527559055 13.32283464566929 l’empla-

28.62992125984252 496.62992125984255 50.45669291338583 11.905511811023622 cement
64.06299212598425 496.62992125984255 30.330708661417322 11.905511811023622 du
79.08661417322834 496.62992125984255 45.354330708661415 11.905511811023622 corps
109.41732283464567 496.62992125984255 40.53543307086614 11.905511811023622 dans
134.64566929133858 496.62992125984255 35.43307086614173 11.905511811023622 son
155.0551181102362 496.62992125984255 45.354330708661415 11.905511811023622 décor
185.10236220472441 496.62992125984255 30.330708661417322 11.905511811023622 le
200.40944881889763 496.62992125984255 65.76377952755905 11.905511811023622 préoccupe
245.76377952755905 496.62992125984255 30.330708661417322 11.905511811023622 sans

30.04724409448819 506.26771653543307 36.28346456692913 13.32283464566929 cesse
54.14173228346457 506.26771653543307 24.094488188976378 13.32283464566929 et
66.33070866141732 506.26771653543307 24.094488188976378 13.32283464566929 il
78.23622047244095 506.26771653543307 32.31496062992126 13.32283464566929 fait
98.36220472440945 506.26771653543307 56.40944881889764 13.32283464566929 travailler
142.58267716535434 506.26771653543307 24.094488188976378 13.32283464566929 la
154.77165354330708 506.26771653543307 48.188976377952756 13.32283464566929 peinture
191.0551181102362 506.26771653543307 32.31496062992126 13.32283464566929 pour
211.1811023622047 506.26771653543307 48.188976377952756 13.32283464566929 réaliser
243.21259842519686 506.26771653543307 32.31496062992126 13.32283464566929 l’har-

29.19685039370079 517.8897637795276 40.53543307086614 11.05511811023622 monie
56.125984251968504 517.8897637795276 40.53543307086614 11.05511811023622 qu’il
83.05511811023622 517.8897637795276 58.39370078740158 11.05511811023622 souhaite.
128.1259842519685 517.8897637795276 31.46456692913386 11.05511811023622 Ses
145.98425196850394 517.8897637795276 53.85826771653543 11.05511811023622 couleurs
186.23622047244095 517.8897637795276 36.0 11.05511811023622 sont
208.91338582677164 517.8897637795276 49.32283464566929 11.05511811023622 hardies
244.62992125984252 517.8897637795276 26.929133858267715 11.05511811023622 et
253.70078740157481 517.8897637795276 22.393700787401574 11.05511811023622 les

29.480314960629922 526.1102362204724 68.5984251968504 17.5748031496063 proportions
84.18897637795276 526.1102362204724 50.173228346456696 17.5748031496063 maniées
120.75590551181102 526.1102362204724 36.56692913385827 17.5748031496063 avec
143.71653543307087 526.1102362204724 36.56692913385827 17.5748031496063 soin
166.39370078740157 526.1102362204724 22.96062992125984 17.5748031496063 à
175.748031496063 526.1102362204724 27.496062992125985 17.5748031496063 la
189.35433070866142 526.1102362204724 41.10236220472441 17.5748031496063 façon
216.8503937007874 526.1102362204724 32.031496062992126 17.5748031496063 des
230.45669291338584 526.1102362204724 45.63779527559055 17.5748031496063 peintres

30.04724409448819 539.1496062992126 34.58267716535433 13.606299212598426 plus
51.59055118110236 539.1496062992126 60.37795275590551 13.606299212598426 abstraits.
98.92913385826772 539.1496062992126 38.83464566929134 13.606299212598426 Trois
124.7244094488189 539.1496062992126 30.04724409448819 13.606299212598426 sur
142.01574803149606 539.1496062992126 43.08661417322835 13.606299212598426 quatre
172.06299212598427 539.1496062992126 30.04724409448819 13.606299212598426 des
189.35433070866142 539.1496062992126 43.08661417322835 13.606299212598426 toiles
219.4015748031496 539.1496062992126 51.59055118110236 13.606299212598426 exposées
253.98425196850394 539.1496062992126 21.543307086614174 13.606299212598426 ici

29.19685039370079 549.3543307086615 36.56692913385827 11.622047244094489 sont
51.874015748031496 549.3543307086615 32.031496062992126 11.622047244094489 des
70.2992125984252 549.3543307086615 82.20472440944881 11.622047244094489 auto-portraits
138.61417322834646 549.3543307086615 45.63779527559055 11.622047244094489 peints
170.64566929133858 549.3543307086615 50.173228346456696 11.622047244094489 d’après
207.21259842519686 549.3543307086615 27.496062992125985 11.622047244094489 le
220.8188976377953 549.3543307086615 32.031496062992126 11.622047244094489 nu,
238.96062992125985 549.3543307086615 32.031496062992126 11.622047244094489 les
252.8503937007874 549.3543307086615 22.677165354330707 11.622047244094489 po-

29.480314960629922 558.4251968503937 47.62204724409449 17.858267716535433 sitions
64.06299212598425 558.4251968503937 47.62204724409449 17.858267716535433 variant
98.36220472440945 558.4251968503937 21.543307086614174 17.858267716535433 à
107.14960629921259 558.4251968503937 38.83464566929134 17.858267716535433 peine
132.9448818897638 558.4251968503937 38.83464566929134 17.858267716535433 d’une
159.0236220472441 558.4251968503937 38.83464566929134 17.858267716535433 toile
184.8188976377953 558.4251968503937 21.543307086614174 17.858267716535433 à
193.60629921259843 558.4251968503937 51.874015748031496 17.858267716535433 l’autre.
232.44094488188978 558.4251968503937 43.08661417322835 17.858267716535433 Malgré
258.23622047244095 558.4251968503937 17.291338582677167 17.858267716535433 la

29.763779527559056 567.7795275590552 64.91338582677166 15.023622047244094 similarité
80.50393700787401 567.7795275590552 32.31496062992126 15.023622047244094 des
99.21259842519684 567.7795275590552 46.20472440944882 15.023622047244094 sujets
131.5275590551181 567.7795275590552 32.31496062992126 15.023622047244094 une
150.23622047244095 567.7795275590552 55.55905511811024 15.023622047244094 ambiance
191.90551181102362 567.7795275590552 74.26771653543307 15.023622047244094 complètement
247.46456692913387 567.7795275590552 27.77952755905512 15.023622047244094 dif-

29.19685039370079 579.1181102362204 49.32283464566929 19.559055118110237 férente
65.19685039370079 579.1181102362204 22.393700787401574 19.559055118110237 a
73.98425196850394 579.1181102362204 31.46456692913386 19.559055118110237 été
91.84251968503936 579.1181102362204 40.25196850393701 19.559055118110237 créée
118.77165354330708 579.1181102362204 31.46456692913386 19.559055118110237 par
136.62992125984252 579.1181102362204 26.929133858267715 19.559055118110237 la
150.23622047244095 579.1181102362204 40.25196850393701 19.559055118110237 façon
176.88188976377953 579.1181102362204 44.78740157480315 19.559055118110237 tenace
208.3464566929134 579.1181102362204 35.71653543307087 19.559055118110237 dont
230.74015748031496 579.1181102362204 26.929133858267715 19.559055118110237 le
239.81102362204723 579.1181102362204 35.71653543307087 19.559055118110237 peinte

29.763779527559056 591.0236220472441 64.91338582677166 17.291338582677167 s’accroche
80.78740157480316 591.0236220472441 23.244094488188978 17.291338582677167 à
90.14173228346456 591.0236220472441 69.73228346456693 17.291338582677167 l’influence
145.70078740157481 591.0236220472441 41.669291338582674 17.291338582677167 d’une
173.76377952755905 591.0236220472441 51.023622047244096 17.291338582677167 couleur
210.89763779527559 591.0236220472441 64.91338582677166 17.291338582677167 déterminée
257.1023622047244 591.0236220472441 18.708661417322833 17.291338582677167 et

30.330708661417322 601.2283464566929 32.881889763779526 17.858267716535433 par
49.32283464566929 601.2283464566929 75.4015748031496 17.858267716535433 l’importance
110.55118110236221 601.2283464566929 42.23622047244095 17.858267716535433 qu’il
138.61417322834646 601.2283464566929 51.874015748031496 17.858267716535433 accorde
176.31496062992127 601.2283464566929 23.52755905511811 17.858267716535433 à
185.66929133858267 601.2283464566929 42.23622047244095 17.858267716535433 fixer
214.01574803149606 601.2283464566929 28.346456692913385 17.858267716535433 la
228.18897637795277 601.2283464566929 42.23622047244095 17.858267716535433 gamme
251.71653543307087 601.2283464566929 23.52755905511811 17.858267716535433 en-

29.19685039370079 611.1496062992126 42.51968503937008 22.677165354330707 tière
57.54330708661417 611.1496062992126 33.16535433070866 22.677165354330707 des
76.53543307086615 611.1496062992126 51.874015748031496 22.677165354330707 valeurs
114.23622047244095 611.1496062992126 61.511811023622045 22.677165354330707 spatiales
161.5748031496063 611.1496062992126 42.51968503937008 22.677165354330707 grâce
189.92125984251967 611.1496062992126 23.52755905511811 22.677165354330707 à
199.2755905511811 611.1496062992126 28.346456692913385 22.677165354330707 la
213.4488188976378 611.1496062992126 47.338582677165356 22.677165354330707 nuance
241.79527559055117 611.1496062992126 33.16535433070866 22.677165354330707 domi

25.79527559055118 621.0708661417323 38.83464566929134 13.039370078740157 nante.

24.661417322834644 637.511811023622 21.543307086614174 13.606299212598426 70
