<alto xmlns:xsi="http://www.w3.org/2001/XMLSchema-instance" xmlns="http://www.loc.gov/standards/alto/ns-v2#" xmlns:page="http://schema.primaresearch.org/PAGE/gts/pagecontent/2013-07-15" xsi:schemaLocation="http://www.loc.gov/standards/alto/ns-v2# http://www.loc.gov/standards/alto/alto.xsd">
  <Description>
    <MeasurementUnit>pixel</MeasurementUnit>
    <sourceImageInformation>
         <fileName>Cat_Paris_1965-0190.xml</fileName>
      </sourceImageInformation>
    <OCRProcessing ID="IdOcr">
      <ocrProcessingStep>
        <processingDateTime>2020-07-02T15:32:38.446+02:00</processingDateTime>
        <processingSoftware>
               <softwareCreator>CONTRIBUTORS</softwareCreator>
               <softwareName>pdfalto</softwareName>
               <softwareVersion>0.1</softwareVersion>
            </processingSoftware>
      </ocrProcessingStep>
    </OCRProcessing>
  </Description>
  <Styles>
     <TextStyle ID="FONT0" FONTFAMILY="unknown" FONTSIZE="unknown" FONTTYPE="unknown" FONTWIDTH="unknown" FONTCOLOR="unknown" FONTSTYLE=""/>
     <TextStyle ID="FONT1" FONTFAMILY="unknown" FONTSIZE="unknown" FONTTYPE="unknown" FONTWIDTH="unknown" FONTCOLOR="unknown" FONTSTYLE="bold"/>
     <TextStyle ID="FONT2" FONTFAMILY="unknown" FONTSIZE="unknown" FONTTYPE="unknown" FONTWIDTH="unknown" FONTCOLOR="unknown" FONTSTYLE="italics"/>
</Styles>
  <Tags/>
  <Layout>
    <Page ID="Page1" PHYSICAL_IMG_NR="1" HEIGHT="660.7559055118111" WIDTH="334.7716535433071">
      <PrintSpace HEIGHT="481.8897637795276" WIDTH="315.21259842519686" VPOS="178.86614173228347" HPOS="0.0">
        <TextBlock ID="r_1_1" HEIGHT="43.653543307086615" WIDTH="246.04724409448818" VPOS="180.0" HPOS="43.08661417322835">
          <TextLine ID="tl_1" BASELINE="677" HEIGHT="13.88976377952756" WIDTH="247.748031496063" VPOS="178.01574803149606" HPOS="41.669291338582674">
            <String HEIGHT="13.88976377952756" WIDTH="26.078740157480315" VPOS="178.01574803149606" HPOS="37.41732283464567" CONTENT="Le" ID="tl_1_1" STYLEREFS="FONT0"/>
            <SP HEIGHT="13.88976377952756" WIDTH="4.251968503937008" VPOS="178.01574803149606" HPOS="63.496062992125985"/>
            <String HEIGHT="13.88976377952756" WIDTH="56.40944881889764" VPOS="178.01574803149606" HPOS="50.45669291338583" CONTENT="Cyclotone" ID="tl_1_2" STYLEREFS="FONT0"/>
            <SP HEIGHT="13.88976377952756" WIDTH="4.251968503937008" VPOS="178.01574803149606" HPOS="106.86614173228347"/>
            <String HEIGHT="13.88976377952756" WIDTH="30.330708661417322" VPOS="178.01574803149606" HPOS="93.8267716535433" CONTENT="sur" ID="tl_1_3" STYLEREFS="FONT0"/>
            <SP HEIGHT="13.88976377952756" WIDTH="4.251968503937008" VPOS="178.01574803149606" HPOS="124.15748031496064"/>
            <String HEIGHT="13.88976377952756" WIDTH="43.37007874015748" VPOS="178.01574803149606" HPOS="111.11811023622047" CONTENT="lequel" ID="tl_1_4" STYLEREFS="FONT0"/>
            <SP HEIGHT="13.88976377952756" WIDTH="4.251968503937008" VPOS="178.01574803149606" HPOS="154.77165354330708"/>
            <String HEIGHT="13.88976377952756" WIDTH="34.86614173228347" VPOS="178.01574803149606" HPOS="141.73228346456693" CONTENT="sont" ID="tl_1_5" STYLEREFS="FONT0"/>
            <SP HEIGHT="13.88976377952756" WIDTH="4.251968503937008" VPOS="178.01574803149606" HPOS="176.31496062992127"/>
            <String HEIGHT="13.88976377952756" WIDTH="52.15748031496063" VPOS="178.01574803149606" HPOS="163.2755905511811" CONTENT="projetés" ID="tl_1_6" STYLEREFS="FONT0"/>
            <SP HEIGHT="13.88976377952756" WIDTH="4.251968503937008" VPOS="178.01574803149606" HPOS="215.43307086614172"/>
            <String HEIGHT="13.88976377952756" WIDTH="30.330708661417322" VPOS="178.01574803149606" HPOS="202.39370078740157" CONTENT="les" ID="tl_1_7" STYLEREFS="FONT0"/>
            <SP HEIGHT="13.88976377952756" WIDTH="4.251968503937008" VPOS="178.01574803149606" HPOS="233.00787401574803"/>
            <String HEIGHT="13.88976377952756" WIDTH="47.90551181102362" VPOS="178.01574803149606" HPOS="219.96850393700788" CONTENT="Travaux" ID="tl_1_8" STYLEREFS="FONT0"/>
            <SP HEIGHT="13.88976377952756" WIDTH="4.251968503937008" VPOS="178.01574803149606" HPOS="267.59055118110234"/>
            <String HEIGHT="13.88976377952756" WIDTH="39.118110236220474" VPOS="178.01574803149606" HPOS="250.29921259842519" CONTENT="d’équi" SUBS_TYPE="HypPart1" SUBS_CONTENT="d’équipes" ID="tl_1_9" STYLEREFS="FONT0"/>
            <HYP CONTENT="-"/>
          </TextLine>
          <TextLine ID="tl_2" BASELINE="725" HEIGHT="15.023622047244094" WIDTH="248.03149606299212" VPOS="190.48818897637796" HPOS="41.669291338582674">
            <String HEIGHT="15.023622047244094" WIDTH="32.881889763779526" VPOS="190.48818897637796" HPOS="36.8503937007874" CONTENT="pes" SUBS_TYPE="HypPart2" SUBS_CONTENT="d’équipes" ID="tl_2_1" STYLEREFS="FONT0"/>
            <SP HEIGHT="15.023622047244094" WIDTH="4.818897637795276" VPOS="190.48818897637796" HPOS="69.73228346456693"/>
            <String HEIGHT="15.023622047244094" WIDTH="23.52755905511811" VPOS="190.48818897637796" HPOS="55.84251968503937" CONTENT="a" ID="tl_2_2" STYLEREFS="FONT0"/>
            <SP HEIGHT="15.023622047244094" WIDTH="4.818897637795276" VPOS="190.48818897637796" HPOS="79.08661417322834"/>
            <String HEIGHT="15.023622047244094" WIDTH="32.881889763779526" VPOS="190.48818897637796" HPOS="65.19685039370079" CONTENT="été" ID="tl_2_3" STYLEREFS="FONT0"/>
            <SP HEIGHT="15.023622047244094" WIDTH="4.818897637795276" VPOS="190.48818897637796" HPOS="97.79527559055119"/>
            <String HEIGHT="15.023622047244094" WIDTH="42.23622047244095" VPOS="190.48818897637796" HPOS="83.90551181102362" CONTENT="conçu" ID="tl_2_4" STYLEREFS="FONT0"/>
            <SP HEIGHT="15.023622047244094" WIDTH="4.818897637795276" VPOS="190.48818897637796" HPOS="125.85826771653544"/>
            <String HEIGHT="15.023622047244094" WIDTH="32.881889763779526" VPOS="190.48818897637796" HPOS="111.96850393700787" CONTENT="par" ID="tl_2_5" STYLEREFS="FONT0"/>
            <SP HEIGHT="15.023622047244094" WIDTH="4.818897637795276" VPOS="190.48818897637796" HPOS="144.56692913385828"/>
            <String HEIGHT="15.023622047244094" WIDTH="46.77165354330709" VPOS="190.48818897637796" HPOS="130.6771653543307" CONTENT="Pierre" ID="tl_2_6" STYLEREFS="FONT0"/>
            <SP HEIGHT="15.023622047244094" WIDTH="4.818897637795276" VPOS="190.48818897637796" HPOS="177.4488188976378"/>
            <String HEIGHT="15.023622047244094" WIDTH="56.125984251968504" VPOS="190.48818897637796" HPOS="163.2755905511811" CONTENT="Faucheux" ID="tl_2_7" STYLEREFS="FONT0"/>
            <SP HEIGHT="15.023622047244094" WIDTH="4.818897637795276" VPOS="190.48818897637796" HPOS="219.4015748031496"/>
            <String HEIGHT="15.023622047244094" WIDTH="51.59055118110236" VPOS="190.48818897637796" HPOS="205.51181102362204" CONTENT="(Groupe" ID="tl_2_8" STYLEREFS="FONT0"/>
            <SP HEIGHT="15.023622047244094" WIDTH="4.818897637795276" VPOS="190.48818897637796" HPOS="256.81889763779526"/>
            <String HEIGHT="15.023622047244094" WIDTH="46.77165354330709" VPOS="190.48818897637796" HPOS="242.9291338582677" CONTENT="AR.C.)" ID="tl_2_9" STYLEREFS="FONT0"/>
            <SP HEIGHT="15.023622047244094" WIDTH="4.818897637795276" VPOS="190.48818897637796" HPOS="289.7007874015748"/>
            <String HEIGHT="15.023622047244094" WIDTH="18.708661417322833" VPOS="190.48818897637796" HPOS="270.99212598425197" CONTENT="et" ID="tl_2_10" STYLEREFS="FONT0"/>
          </TextLine>
          <TextLine ID="tl_3" BASELINE="755" HEIGHT="14.456692913385826" WIDTH="248.5984251968504" VPOS="199.55905511811022" HPOS="41.95275590551181">
            <String HEIGHT="14.456692913385826" WIDTH="46.488188976377955" VPOS="199.55905511811022" HPOS="37.7007874015748" CONTENT="réalisé" ID="tl_3_1" STYLEREFS="FONT0"/>
            <SP HEIGHT="14.456692913385826" WIDTH="4.251968503937008" VPOS="199.55905511811022" HPOS="84.18897637795276"/>
            <String HEIGHT="14.456692913385826" WIDTH="29.480314960629922" VPOS="199.55905511811022" HPOS="71.43307086614173" CONTENT="par" ID="tl_3_2" STYLEREFS="FONT0"/>
            <SP HEIGHT="14.456692913385826" WIDTH="4.251968503937008" VPOS="199.55905511811022" HPOS="100.91338582677166"/>
            <String HEIGHT="14.456692913385826" WIDTH="25.228346456692915" VPOS="199.55905511811022" HPOS="88.44094488188976" CONTENT="la" ID="tl_3_3" STYLEREFS="FONT0"/>
            <SP HEIGHT="14.456692913385826" WIDTH="4.251968503937008" VPOS="199.55905511811022" HPOS="113.66929133858268"/>
            <String HEIGHT="14.456692913385826" WIDTH="42.23622047244095" VPOS="199.55905511811022" HPOS="100.91338582677166" CONTENT="Seriac" ID="tl_3_4" STYLEREFS="FONT0"/>
            <SP HEIGHT="14.456692913385826" WIDTH="4.251968503937008" VPOS="199.55905511811022" HPOS="143.1496062992126"/>
            <String HEIGHT="14.456692913385826" WIDTH="67.46456692913385" VPOS="199.55905511811022" HPOS="130.39370078740157" CONTENT="Industrielle" ID="tl_3_5" STYLEREFS="FONT0"/>
            <SP HEIGHT="14.456692913385826" WIDTH="4.251968503937008" VPOS="199.55905511811022" HPOS="197.85826771653544"/>
            <String HEIGHT="14.456692913385826" WIDTH="29.480314960629922" VPOS="199.55905511811022" HPOS="185.10236220472441" CONTENT="que" ID="tl_3_6" STYLEREFS="FONT0"/>
            <SP HEIGHT="14.456692913385826" WIDTH="4.251968503937008" VPOS="199.55905511811022" HPOS="214.58267716535434"/>
            <String HEIGHT="14.456692913385826" WIDTH="33.732283464566926" VPOS="199.55905511811022" HPOS="202.11023622047244" CONTENT="nous" ID="tl_3_7" STYLEREFS="FONT0"/>
            <SP HEIGHT="14.456692913385826" WIDTH="4.251968503937008" VPOS="199.55905511811022" HPOS="235.84251968503938"/>
            <String HEIGHT="14.456692913385826" WIDTH="42.23622047244095" VPOS="199.55905511811022" HPOS="223.08661417322836" CONTENT="tenons" ID="tl_3_8" STYLEREFS="FONT0"/>
            <SP HEIGHT="14.456692913385826" WIDTH="4.251968503937008" VPOS="199.55905511811022" HPOS="265.3228346456693"/>
            <String HEIGHT="14.456692913385826" WIDTH="20.976377952755904" VPOS="199.55905511811022" HPOS="252.56692913385828" CONTENT="à" ID="tl_3_9" STYLEREFS="FONT0"/>
            <SP HEIGHT="14.456692913385826" WIDTH="4.251968503937008" VPOS="199.55905511811022" HPOS="273.8267716535433"/>
            <String HEIGHT="14.456692913385826" WIDTH="33.732283464566926" VPOS="199.55905511811022" HPOS="256.81889763779526" CONTENT="remer" SUBS_TYPE="HypPart1" SUBS_CONTENT="remercier" ID="tl_3_10" STYLEREFS="FONT0"/>
            <HYP CONTENT="-"/>
          </TextLine>
          <TextLine ID="tl_4" BASELINE="801" HEIGHT="15.307086614173228" WIDTH="103.46456692913385" VPOS="211.748031496063" HPOS="41.669291338582674">
            <String HEIGHT="15.307086614173228" WIDTH="31.748031496062993" VPOS="211.748031496063" HPOS="37.7007874015748" CONTENT="cier" SUBS_TYPE="HypPart2" SUBS_CONTENT="remercier" ID="tl_4_1" STYLEREFS="FONT0"/>
            <SP HEIGHT="15.307086614173228" WIDTH="3.968503937007874" VPOS="211.748031496063" HPOS="69.44881889763779"/>
            <String HEIGHT="15.307086614173228" WIDTH="31.748031496062993" VPOS="211.748031496063" HPOS="57.54330708661417" CONTENT="tout" ID="tl_4_2" STYLEREFS="FONT0"/>
            <SP HEIGHT="15.307086614173228" WIDTH="3.968503937007874" VPOS="211.748031496063" HPOS="89.29133858267717"/>
            <String HEIGHT="15.307086614173228" WIDTH="71.71653543307086" VPOS="211.748031496063" HPOS="73.41732283464567" CONTENT="particulièrement" ID="tl_4_3" STYLEREFS="FONT0"/>
          </TextLine>
        </TextBlock>
        <TextBlock ID="r_1_2" HEIGHT="8.220472440944881" WIDTH="38.83464566929134" VPOS="233.00787401574803" HPOS="43.08661417322835">
          <TextLine ID="tl_5" BASELINE="859" HEIGHT="13.32283464566929" WIDTH="41.10236220472441" VPOS="230.17322834645668" HPOS="41.669291338582674">
            <String HEIGHT="13.32283464566929" WIDTH="37.13385826771653" VPOS="230.17322834645668" HPOS="37.7007874015748" CONTENT="ainsi" ID="tl_5_1" STYLEREFS="FONT0"/>
            <SP HEIGHT="13.32283464566929" WIDTH="4.251968503937008" VPOS="230.17322834645668" HPOS="74.55118110236221"/>
            <String HEIGHT="13.32283464566929" WIDTH="24.661417322834644" VPOS="230.17322834645668" HPOS="58.110236220472444" CONTENT="que:" ID="tl_5_2" STYLEREFS="FONT0"/>
          </TextLine>
        </TextBlock>
        <TextBlock ID="r_1_3" HEIGHT="10.204724409448819" WIDTH="135.21259842519686" VPOS="246.33070866141733" HPOS="43.653543307086615">
          <TextLine ID="tl_6" BASELINE="920" HEIGHT="16.15748031496063" WIDTH="137.76377952755905" VPOS="244.62992125984252" HPOS="42.23622047244095">
            <String HEIGHT="16.15748031496063" WIDTH="31.181102362204726" VPOS="244.62992125984252" HPOS="37.7007874015748" CONTENT="les" ID="tl_6_1" STYLEREFS="FONT0"/>
            <SP HEIGHT="16.15748031496063" WIDTH="4.535433070866142" VPOS="244.62992125984252" HPOS="68.88188976377953"/>
            <String HEIGHT="16.15748031496063" WIDTH="79.93700787401575" VPOS="244.62992125984252" HPOS="55.55905511811024" CONTENT="Etablissements" ID="tl_6_2" STYLEREFS="FONT0"/>
            <SP HEIGHT="16.15748031496063" WIDTH="4.535433070866142" VPOS="244.62992125984252" HPOS="135.49606299212599"/>
            <String HEIGHT="16.15748031496063" WIDTH="39.968503937007874" VPOS="244.62992125984252" HPOS="122.1732283464567" CONTENT="André" ID="tl_6_3" STYLEREFS="FONT0"/>
            <SP HEIGHT="16.15748031496063" WIDTH="4.535433070866142" VPOS="244.62992125984252" HPOS="162.14173228346456"/>
            <String HEIGHT="16.15748031496063" WIDTH="35.43307086614173" VPOS="244.62992125984252" HPOS="144.56692913385828" CONTENT="Debrie" ID="tl_6_4" STYLEREFS="FONT0"/>
          </TextLine>
        </TextBlock>
        <TextBlock ID="r_1_4" HEIGHT="10.204724409448819" WIDTH="130.6771653543307" VPOS="263.0551181102362" HPOS="43.653543307086615">
          <TextLine ID="tl_7" BASELINE="969" HEIGHT="14.740157480314961" WIDTH="133.22834645669292" VPOS="259.93700787401576" HPOS="42.23622047244095">
            <String HEIGHT="14.740157480314961" WIDTH="30.04724409448819" VPOS="259.93700787401576" HPOS="37.98425196850393" CONTENT="les" ID="tl_7_1" STYLEREFS="FONT0"/>
            <SP HEIGHT="14.740157480314961" WIDTH="4.251968503937008" VPOS="259.93700787401576" HPOS="68.03149606299213"/>
            <String HEIGHT="14.740157480314961" WIDTH="55.84251968503937" VPOS="259.93700787401576" HPOS="54.99212598425197" CONTENT="Peintures" ID="tl_7_2" STYLEREFS="FONT0"/>
            <SP HEIGHT="14.740157480314961" WIDTH="4.251968503937008" VPOS="259.93700787401576" HPOS="111.11811023622047"/>
            <String HEIGHT="14.740157480314961" WIDTH="81.63779527559055" VPOS="259.93700787401576" HPOS="93.8267716535433" CONTENT="Lefranc" ID="tl_7_3" STYLEREFS="FONT0"/>
          </TextLine>
        </TextBlock>
        <TextBlock ID="r_1_5" HEIGHT="10.204724409448819" WIDTH="107.43307086614173" VPOS="279.7795275590551" HPOS="43.93700787401575">
          <TextLine ID="tl_8" BASELINE="1031" HEIGHT="14.456692913385826" WIDTH="109.98425196850394" VPOS="277.79527559055117" HPOS="42.51968503937008">
            <String HEIGHT="14.456692913385826" WIDTH="30.89763779527559" VPOS="277.79527559055117" HPOS="37.98425196850393" CONTENT="les" ID="tl_8_1" STYLEREFS="FONT0"/>
            <SP HEIGHT="14.456692913385826" WIDTH="4.535433070866142" VPOS="277.79527559055117" HPOS="68.88188976377953"/>
            <String HEIGHT="14.456692913385826" WIDTH="61.511811023622045" VPOS="277.79527559055117" HPOS="55.84251968503937" CONTENT="Papeteries" ID="tl_8_2" STYLEREFS="FONT0"/>
            <SP HEIGHT="14.456692913385826" WIDTH="4.535433070866142" VPOS="277.79527559055117" HPOS="117.35433070866142"/>
            <String HEIGHT="14.456692913385826" WIDTH="52.724409448818896" VPOS="277.79527559055117" HPOS="99.77952755905511" CONTENT="Montevrain" ID="tl_8_3" STYLEREFS="FONT0"/>
          </TextLine>
        </TextBlock>
        <TextBlock ID="r_1_6" HEIGHT="11.338582677165354" WIDTH="189.35433070866142" VPOS="295.0866141732283" HPOS="43.653543307086615">
          <TextLine ID="tl_9" BASELINE="1090" HEIGHT="17.858267716535433" WIDTH="191.90551181102362" VPOS="291.11811023622045" HPOS="42.51968503937008">
            <String HEIGHT="17.858267716535433" WIDTH="32.031496062992126" VPOS="291.11811023622045" HPOS="37.98425196850393" CONTENT="les" ID="tl_9_1" STYLEREFS="FONT0"/>
            <SP HEIGHT="17.858267716535433" WIDTH="4.535433070866142" VPOS="291.11811023622045" HPOS="70.01574803149606"/>
            <String HEIGHT="17.858267716535433" WIDTH="64.06299212598425" VPOS="291.11811023622045" HPOS="56.125984251968504" CONTENT="Papeteries" ID="tl_9_2" STYLEREFS="FONT0"/>
            <SP HEIGHT="17.858267716535433" WIDTH="4.535433070866142" VPOS="291.11811023622045" HPOS="120.18897637795276"/>
            <String HEIGHT="17.858267716535433" WIDTH="27.496062992125985" VPOS="291.11811023622045" HPOS="106.58267716535433" CONTENT="du" ID="tl_9_3" STYLEREFS="FONT0"/>
            <SP HEIGHT="17.858267716535433" WIDTH="4.535433070866142" VPOS="291.11811023622045" HPOS="133.79527559055117"/>
            <String HEIGHT="17.858267716535433" WIDTH="45.63779527559055" VPOS="291.11811023622045" HPOS="120.18897637795276" CONTENT="Moulin" ID="tl_9_4" STYLEREFS="FONT0"/>
            <SP HEIGHT="17.858267716535433" WIDTH="4.535433070866142" VPOS="291.11811023622045" HPOS="165.82677165354332"/>
            <String HEIGHT="17.858267716535433" WIDTH="27.496062992125985" VPOS="291.11811023622045" HPOS="152.2204724409449" CONTENT="de" ID="tl_9_5" STYLEREFS="FONT0"/>
            <SP HEIGHT="17.858267716535433" WIDTH="4.535433070866142" VPOS="291.11811023622045" HPOS="179.71653543307087"/>
            <String HEIGHT="17.858267716535433" WIDTH="50.173228346456696" VPOS="291.11811023622045" HPOS="165.82677165354332" CONTENT="Richard" ID="tl_9_6" STYLEREFS="FONT0"/>
            <SP HEIGHT="17.858267716535433" WIDTH="4.535433070866142" VPOS="291.11811023622045" HPOS="216.28346456692913"/>
            <String HEIGHT="17.858267716535433" WIDTH="27.496062992125985" VPOS="291.11811023622045" HPOS="202.39370078740157" CONTENT="de" ID="tl_9_7" STYLEREFS="FONT0"/>
            <SP HEIGHT="17.858267716535433" WIDTH="4.535433070866142" VPOS="291.11811023622045" HPOS="229.88976377952756"/>
            <String HEIGHT="17.858267716535433" WIDTH="22.96062992125984" VPOS="291.11811023622045" HPOS="211.46456692913387" CONTENT="Bas" ID="tl_9_8" STYLEREFS="FONT0"/>
          </TextLine>
        </TextBlock>
        <TextBlock ID="r_1_7" HEIGHT="19.84251968503937" WIDTH="246.89763779527559" VPOS="310.6771653543307" HPOS="43.93700787401575">
          <TextLine ID="tl_10" BASELINE="1137" HEIGHT="15.023622047244094" WIDTH="249.16535433070865" VPOS="307.2755905511811" HPOS="42.803149606299215">
            <String HEIGHT="15.023622047244094" WIDTH="27.212598425196852" VPOS="307.2755905511811" HPOS="38.267716535433074" CONTENT="M." ID="tl_10_1" STYLEREFS="FONT0"/>
            <SP HEIGHT="15.023622047244094" WIDTH="4.535433070866142" VPOS="307.2755905511811" HPOS="65.48031496062993"/>
            <String HEIGHT="15.023622047244094" WIDTH="36.28346456692913" VPOS="307.2755905511811" HPOS="51.874015748031496" CONTENT="Marc" ID="tl_10_2" STYLEREFS="FONT0"/>
            <SP HEIGHT="15.023622047244094" WIDTH="4.535433070866142" VPOS="307.2755905511811" HPOS="88.15748031496064"/>
            <String HEIGHT="15.023622047244094" WIDTH="49.889763779527556" VPOS="307.2755905511811" HPOS="74.55118110236221" CONTENT="Netter," ID="tl_10_3" STYLEREFS="FONT0"/>
            <SP HEIGHT="15.023622047244094" WIDTH="4.535433070866142" VPOS="307.2755905511811" HPOS="124.44094488188976"/>
            <String HEIGHT="15.023622047244094" WIDTH="58.960629921259844" VPOS="307.2755905511811" HPOS="110.83464566929133" CONTENT="Directeur" ID="tl_10_4" STYLEREFS="FONT0"/>
            <SP HEIGHT="15.023622047244094" WIDTH="4.535433070866142" VPOS="307.2755905511811" HPOS="169.51181102362204"/>
            <String HEIGHT="15.023622047244094" WIDTH="27.212598425196852" VPOS="307.2755905511811" HPOS="156.18897637795277" CONTENT="de" ID="tl_10_5" STYLEREFS="FONT0"/>
            <SP HEIGHT="15.023622047244094" WIDTH="4.535433070866142" VPOS="307.2755905511811" HPOS="183.11811023622047"/>
            <String HEIGHT="15.023622047244094" WIDTH="27.212598425196852" VPOS="307.2755905511811" HPOS="169.51181102362204" CONTENT="la" ID="tl_10_6" STYLEREFS="FONT0"/>
            <SP HEIGHT="15.023622047244094" WIDTH="4.535433070866142" VPOS="307.2755905511811" HPOS="196.7244094488189"/>
            <String HEIGHT="15.023622047244094" WIDTH="45.354330708661415" VPOS="307.2755905511811" HPOS="183.11811023622047" CONTENT="Maison" ID="tl_10_7" STYLEREFS="FONT0"/>
            <SP HEIGHT="15.023622047244094" WIDTH="4.535433070866142" VPOS="307.2755905511811" HPOS="228.4724409448819"/>
            <String HEIGHT="15.023622047244094" WIDTH="27.212598425196852" VPOS="307.2755905511811" HPOS="214.86614173228347" CONTENT="de" ID="tl_10_8" STYLEREFS="FONT0"/>
            <SP HEIGHT="15.023622047244094" WIDTH="4.535433070866142" VPOS="307.2755905511811" HPOS="242.07874015748033"/>
            <String HEIGHT="15.023622047244094" WIDTH="27.212598425196852" VPOS="307.2755905511811" HPOS="228.4724409448819" CONTENT="la" ID="tl_10_9" STYLEREFS="FONT0"/>
            <SP HEIGHT="15.023622047244094" WIDTH="4.535433070866142" VPOS="307.2755905511811" HPOS="255.68503937007873"/>
            <String HEIGHT="15.023622047244094" WIDTH="49.889763779527556" VPOS="307.2755905511811" HPOS="242.07874015748033" CONTENT="Culture" ID="tl_10_10" STYLEREFS="FONT0"/>
            <SP HEIGHT="15.023622047244094" WIDTH="4.535433070866142" VPOS="307.2755905511811" HPOS="291.9685039370079"/>
            <String HEIGHT="15.023622047244094" WIDTH="18.141732283464567" VPOS="307.2755905511811" HPOS="273.8267716535433" CONTENT="du" ID="tl_10_11" STYLEREFS="FONT0"/>
          </TextLine>
          <TextLine ID="tl_11" BASELINE="1172" HEIGHT="10.771653543307087" WIDTH="22.96062992125984" VPOS="321.4488188976378" HPOS="42.51968503937008">
            <String HEIGHT="10.771653543307087" WIDTH="32.031496062992126" VPOS="321.4488188976378" HPOS="33.44881889763779" CONTENT="Havre" ID="tl_11_1" STYLEREFS="FONT0"/>
          </TextLine>
        </TextBlock>
        <TextBlock ID="r_1_8" HEIGHT="9.637795275590552" WIDTH="69.44881889763779" VPOS="338.45669291338584" HPOS="43.93700787401575">
          <TextLine ID="tl_12" BASELINE="1240" HEIGHT="16.724409448818896" WIDTH="72.0" VPOS="334.7716535433071" HPOS="42.51968503937008">
            <String HEIGHT="16.724409448818896" WIDTH="25.511811023622048" VPOS="334.7716535433071" HPOS="38.267716535433074" CONTENT="la" ID="tl_12_1" STYLEREFS="FONT0"/>
            <SP HEIGHT="16.724409448818896" WIDTH="4.251968503937008" VPOS="334.7716535433071" HPOS="63.77952755905512"/>
            <String HEIGHT="16.724409448818896" WIDTH="42.23622047244095" VPOS="334.7716535433071" HPOS="51.023622047244096" CONTENT="Maison" ID="tl_12_2" STYLEREFS="FONT0"/>
            <SP HEIGHT="16.724409448818896" WIDTH="4.251968503937008" VPOS="334.7716535433071" HPOS="93.25984251968504"/>
            <String HEIGHT="16.724409448818896" WIDTH="37.98425196850393" VPOS="334.7716535433071" HPOS="76.53543307086615" CONTENT="Philips" ID="tl_12_3" STYLEREFS="FONT0"/>
          </TextLine>
        </TextBlock>
        <TextBlock ID="r_1_9" HEIGHT="31.181102362204726" WIDTH="247.46456692913387" VPOS="352.62992125984255" HPOS="43.93700787401575">
          <TextLine ID="tl_13" BASELINE="1292" HEIGHT="13.88976377952756" WIDTH="250.01574803149606" VPOS="352.34645669291336" HPOS="42.51968503937008">
            <String HEIGHT="13.88976377952756" WIDTH="34.01574803149607" VPOS="352.34645669291336" HPOS="38.267716535433074" CONTENT="pour" ID="tl_13_1" STYLEREFS="FONT0"/>
            <SP HEIGHT="13.88976377952756" WIDTH="4.251968503937008" VPOS="352.34645669291336" HPOS="72.28346456692914"/>
            <String HEIGHT="13.88976377952756" WIDTH="42.23622047244095" VPOS="352.34645669291336" HPOS="59.52755905511811" CONTENT="l’aide" ID="tl_13_2" STYLEREFS="FONT0"/>
            <SP HEIGHT="13.88976377952756" WIDTH="4.251968503937008" VPOS="352.34645669291336" HPOS="101.76377952755905"/>
            <String HEIGHT="13.88976377952756" WIDTH="42.23622047244095" VPOS="352.34645669291336" HPOS="89.00787401574803" CONTENT="morale" ID="tl_13_3" STYLEREFS="FONT0"/>
            <SP HEIGHT="13.88976377952756" WIDTH="4.251968503937008" VPOS="352.34645669291336" HPOS="131.5275590551181"/>
            <String HEIGHT="13.88976377952756" WIDTH="25.511811023622048" VPOS="352.34645669291336" HPOS="118.77165354330708" CONTENT="et" ID="tl_13_4" STYLEREFS="FONT0"/>
            <SP HEIGHT="13.88976377952756" WIDTH="4.251968503937008" VPOS="352.34645669291336" HPOS="144.28346456692913"/>
            <String HEIGHT="13.88976377952756" WIDTH="59.24409448818898" VPOS="352.34645669291336" HPOS="131.5275590551181" CONTENT="matérielle" ID="tl_13_5" STYLEREFS="FONT0"/>
            <SP HEIGHT="13.88976377952756" WIDTH="4.251968503937008" VPOS="352.34645669291336" HPOS="190.77165354330708"/>
            <String HEIGHT="13.88976377952756" WIDTH="42.23622047244095" VPOS="352.34645669291336" HPOS="178.01574803149606" CONTENT="qu’ils" ID="tl_13_6" STYLEREFS="FONT0"/>
            <SP HEIGHT="13.88976377952756" WIDTH="4.251968503937008" VPOS="352.34645669291336" HPOS="220.53543307086613"/>
            <String HEIGHT="13.88976377952756" WIDTH="29.763779527559056" VPOS="352.34645669291336" HPOS="207.7795275590551" CONTENT="ont" ID="tl_13_7" STYLEREFS="FONT0"/>
            <SP HEIGHT="13.88976377952756" WIDTH="4.251968503937008" VPOS="352.34645669291336" HPOS="237.54330708661416"/>
            <String HEIGHT="13.88976377952756" WIDTH="34.01574803149607" VPOS="352.34645669291336" HPOS="224.78740157480314" CONTENT="bien" ID="tl_13_8" STYLEREFS="FONT0"/>
            <SP HEIGHT="13.88976377952756" WIDTH="4.251968503937008" VPOS="352.34645669291336" HPOS="258.5196850393701"/>
            <String HEIGHT="13.88976377952756" WIDTH="38.267716535433074" VPOS="352.34645669291336" HPOS="246.04724409448818" CONTENT="voulu" ID="tl_13_9" STYLEREFS="FONT0"/>
            <SP HEIGHT="13.88976377952756" WIDTH="4.251968503937008" VPOS="352.34645669291336" HPOS="284.0314960629921"/>
            <String HEIGHT="13.88976377952756" WIDTH="25.511811023622048" VPOS="352.34645669291336" HPOS="267.0236220472441" CONTENT="nous" ID="tl_13_10" STYLEREFS="FONT0"/>
          </TextLine>
          <TextLine ID="tl_14" BASELINE="1325" HEIGHT="12.188976377952756" WIDTH="250.29921259842519" VPOS="363.40157480314963" HPOS="42.51968503937008">
            <String HEIGHT="12.188976377952756" WIDTH="53.574803149606296" VPOS="363.40157480314963" HPOS="37.98425196850393" CONTENT="apporter" ID="tl_14_1" STYLEREFS="FONT0"/>
            <SP HEIGHT="12.188976377952756" WIDTH="4.535433070866142" VPOS="363.40157480314963" HPOS="91.55905511811024"/>
            <String HEIGHT="12.188976377952756" WIDTH="35.71653543307087" VPOS="363.40157480314963" HPOS="78.23622047244095" CONTENT="dans" ID="tl_14_2" STYLEREFS="FONT0"/>
            <SP HEIGHT="12.188976377952756" WIDTH="4.535433070866142" VPOS="363.40157480314963" HPOS="113.95275590551181"/>
            <String HEIGHT="12.188976377952756" WIDTH="26.929133858267715" VPOS="363.40157480314963" HPOS="100.62992125984252" CONTENT="la" ID="tl_14_3" STYLEREFS="FONT0"/>
            <SP HEIGHT="12.188976377952756" WIDTH="4.535433070866142" VPOS="363.40157480314963" HPOS="127.55905511811024"/>
            <String HEIGHT="12.188976377952756" WIDTH="67.18110236220473" VPOS="363.40157480314963" HPOS="113.95275590551181" CONTENT="réalisation" ID="tl_14_4" STYLEREFS="FONT0"/>
            <SP HEIGHT="12.188976377952756" WIDTH="4.535433070866142" VPOS="363.40157480314963" HPOS="181.13385826771653"/>
            <String HEIGHT="12.188976377952756" WIDTH="26.929133858267715" VPOS="363.40157480314963" HPOS="167.81102362204723" CONTENT="de" ID="tl_14_5" STYLEREFS="FONT0"/>
            <SP HEIGHT="12.188976377952756" WIDTH="4.535433070866142" VPOS="363.40157480314963" HPOS="194.45669291338584"/>
            <String HEIGHT="12.188976377952756" WIDTH="26.929133858267715" VPOS="363.40157480314963" HPOS="181.13385826771653" CONTENT="la" ID="tl_14_6" STYLEREFS="FONT0"/>
            <SP HEIGHT="12.188976377952756" WIDTH="4.535433070866142" VPOS="363.40157480314963" HPOS="207.7795275590551"/>
            <String HEIGHT="12.188976377952756" WIDTH="58.110236220472444" VPOS="363.40157480314963" HPOS="194.45669291338584" CONTENT="Quatrième" ID="tl_14_7" STYLEREFS="FONT0"/>
            <SP HEIGHT="12.188976377952756" WIDTH="4.535433070866142" VPOS="363.40157480314963" HPOS="252.56692913385828"/>
            <String HEIGHT="12.188976377952756" WIDTH="53.574803149606296" VPOS="363.40157480314963" HPOS="239.24409448818898" CONTENT="Biennale" ID="tl_14_8" STYLEREFS="FONT0"/>
            <SP HEIGHT="12.188976377952756" WIDTH="4.535433070866142" VPOS="363.40157480314963" HPOS="292.81889763779526"/>
            <String HEIGHT="12.188976377952756" WIDTH="17.858267716535433" VPOS="363.40157480314963" HPOS="274.96062992125985" CONTENT="de" ID="tl_14_9" STYLEREFS="FONT0"/>
          </TextLine>
          <TextLine ID="tl_15" BASELINE="1370" HEIGHT="13.32283464566929" WIDTH="21.826771653543307" VPOS="375.0236220472441" HPOS="42.51968503937008">
            <String HEIGHT="13.32283464566929" WIDTH="29.19685039370079" VPOS="375.0236220472441" HPOS="35.1496062992126" CONTENT="Paris." ID="tl_15_1" STYLEREFS="FONT0"/>
          </TextLine>
        </TextBlock>
        <TextBlock ID="r_1_10" HEIGHT="62.645669291338585" WIDTH="248.31496062992127" VPOS="389.76377952755905" HPOS="43.93700787401575">
          <TextLine ID="tl_16" BASELINE="1418" HEIGHT="13.606299212598426" WIDTH="250.01574803149606" VPOS="388.34645669291336" HPOS="42.803149606299215">
            <String HEIGHT="13.606299212598426" WIDTH="27.77952755905512" VPOS="388.34645669291336" HPOS="38.267716535433074" CONTENT="Le" ID="tl_16_1" STYLEREFS="FONT0"/>
            <SP HEIGHT="13.606299212598426" WIDTH="4.535433070866142" VPOS="388.34645669291336" HPOS="66.04724409448819"/>
            <String HEIGHT="13.606299212598426" WIDTH="51.023622047244096" VPOS="388.34645669291336" HPOS="52.15748031496063" CONTENT="Théâtre" ID="tl_16_2" STYLEREFS="FONT0"/>
            <SP HEIGHT="13.606299212598426" WIDTH="4.535433070866142" VPOS="388.34645669291336" HPOS="102.89763779527559"/>
            <String HEIGHT="13.606299212598426" WIDTH="32.31496062992126" VPOS="388.34645669291336" HPOS="89.00787401574803" CONTENT="est" ID="tl_16_3" STYLEREFS="FONT0"/>
            <SP HEIGHT="13.606299212598426" WIDTH="4.535433070866142" VPOS="388.34645669291336" HPOS="121.60629921259843"/>
            <String HEIGHT="13.606299212598426" WIDTH="46.20472440944882" VPOS="388.34645669291336" HPOS="107.71653543307086" CONTENT="équipé" ID="tl_16_4" STYLEREFS="FONT0"/>
            <SP HEIGHT="13.606299212598426" WIDTH="4.535433070866142" VPOS="388.34645669291336" HPOS="153.92125984251967"/>
            <String HEIGHT="13.606299212598426" WIDTH="27.77952755905512" VPOS="388.34645669291336" HPOS="140.03149606299212" CONTENT="du" ID="tl_16_5" STYLEREFS="FONT0"/>
            <SP HEIGHT="13.606299212598426" WIDTH="4.535433070866142" VPOS="388.34645669291336" HPOS="167.81102362204723"/>
            <String HEIGHT="13.606299212598426" WIDTH="55.55905511811024" VPOS="388.34645669291336" HPOS="153.92125984251967" CONTENT="matériel" ID="tl_16_6" STYLEREFS="FONT0"/>
            <SP HEIGHT="13.606299212598426" WIDTH="4.535433070866142" VPOS="388.34645669291336" HPOS="209.48031496062993"/>
            <String HEIGHT="13.606299212598426" WIDTH="46.20472440944882" VPOS="388.34645669291336" HPOS="195.59055118110237" CONTENT="étudié" ID="tl_16_7" STYLEREFS="FONT0"/>
            <SP HEIGHT="13.606299212598426" WIDTH="4.535433070866142" VPOS="388.34645669291336" HPOS="241.79527559055117"/>
            <String HEIGHT="13.606299212598426" WIDTH="32.31496062992126" VPOS="388.34645669291336" HPOS="227.90551181102362" CONTENT="par" ID="tl_16_8" STYLEREFS="FONT0"/>
            <SP HEIGHT="13.606299212598426" WIDTH="4.535433070866142" VPOS="388.34645669291336" HPOS="260.503937007874"/>
            <String HEIGHT="13.606299212598426" WIDTH="27.77952755905512" VPOS="388.34645669291336" HPOS="246.61417322834646" CONTENT="le" ID="tl_16_9" STYLEREFS="FONT0"/>
            <SP HEIGHT="13.606299212598426" WIDTH="4.535433070866142" VPOS="388.34645669291336" HPOS="274.3937007874016"/>
            <String HEIGHT="13.606299212598426" WIDTH="37.13385826771653" VPOS="388.34645669291336" HPOS="255.68503937007873" CONTENT="Groupe" ID="tl_16_10" STYLEREFS="FONT0"/>
          </TextLine>
          <TextLine ID="tl_17" BASELINE="1458" HEIGHT="12.472440944881889" WIDTH="250.29921259842519" VPOS="400.81889763779526" HPOS="42.51968503937008">
            <String HEIGHT="12.472440944881889" WIDTH="39.968503937007874" VPOS="400.81889763779526" HPOS="37.41732283464567" CONTENT="ARC." ID="tl_17_1" STYLEREFS="FONT0"/>
            <SP HEIGHT="12.472440944881889" WIDTH="5.102362204724409" VPOS="400.81889763779526" HPOS="77.66929133858268"/>
            <String HEIGHT="12.472440944881889" WIDTH="39.968503937007874" VPOS="400.81889763779526" HPOS="62.645669291338585" CONTENT="pour" ID="tl_17_2" STYLEREFS="FONT0"/>
            <SP HEIGHT="12.472440944881889" WIDTH="5.102362204724409" VPOS="400.81889763779526" HPOS="102.61417322834646"/>
            <String HEIGHT="12.472440944881889" WIDTH="85.03937007874016" VPOS="400.81889763779526" HPOS="87.59055118110236" CONTENT="l’aménagement" ID="tl_17_3" STYLEREFS="FONT0"/>
            <SP HEIGHT="12.472440944881889" WIDTH="5.102362204724409" VPOS="400.81889763779526" HPOS="172.62992125984252"/>
            <String HEIGHT="12.472440944881889" WIDTH="35.1496062992126" VPOS="400.81889763779526" HPOS="157.60629921259843" CONTENT="des" ID="tl_17_4" STYLEREFS="FONT0"/>
            <SP HEIGHT="12.472440944881889" WIDTH="5.102362204724409" VPOS="400.81889763779526" HPOS="192.75590551181102"/>
            <String HEIGHT="12.472440944881889" WIDTH="54.99212598425197" VPOS="400.81889763779526" HPOS="177.73228346456693" CONTENT="Maisons" ID="tl_17_5" STYLEREFS="FONT0"/>
            <SP HEIGHT="12.472440944881889" WIDTH="5.102362204724409" VPOS="400.81889763779526" HPOS="232.7244094488189"/>
            <String HEIGHT="12.472440944881889" WIDTH="30.04724409448819" VPOS="400.81889763779526" HPOS="217.70078740157481" CONTENT="de" ID="tl_17_6" STYLEREFS="FONT0"/>
            <SP HEIGHT="12.472440944881889" WIDTH="5.102362204724409" VPOS="400.81889763779526" HPOS="247.748031496063"/>
            <String HEIGHT="12.472440944881889" WIDTH="30.04724409448819" VPOS="400.81889763779526" HPOS="232.7244094488189" CONTENT="la" ID="tl_17_7" STYLEREFS="FONT0"/>
            <SP HEIGHT="12.472440944881889" WIDTH="5.102362204724409" VPOS="400.81889763779526" HPOS="262.7716535433071"/>
            <String HEIGHT="12.472440944881889" WIDTH="50.173228346456696" VPOS="400.81889763779526" HPOS="242.64566929133858" CONTENT="Culture," ID="tl_17_8" STYLEREFS="FONT0"/>
          </TextLine>
          <TextLine ID="tl_18" BASELINE="1487" HEIGHT="10.771653543307087" WIDTH="249.73228346456693" VPOS="410.74015748031496" HPOS="43.08661417322835">
            <String HEIGHT="10.771653543307087" WIDTH="53.574803149606296" VPOS="410.74015748031496" HPOS="38.55118110236221" CONTENT="matériel" ID="tl_18_1" STYLEREFS="FONT0"/>
            <SP HEIGHT="10.771653543307087" WIDTH="4.535433070866142" VPOS="410.74015748031496" HPOS="92.1259842519685"/>
            <String HEIGHT="10.771653543307087" WIDTH="35.71653543307087" VPOS="410.74015748031496" HPOS="78.80314960629921" CONTENT="créé" ID="tl_18_2" STYLEREFS="FONT0"/>
            <SP HEIGHT="10.771653543307087" WIDTH="4.535433070866142" VPOS="410.74015748031496" HPOS="114.51968503937007"/>
            <String HEIGHT="10.771653543307087" WIDTH="31.181102362204726" VPOS="410.74015748031496" HPOS="101.19685039370079" CONTENT="sur" ID="tl_18_3" STYLEREFS="FONT0"/>
            <SP HEIGHT="10.771653543307087" WIDTH="4.535433070866142" VPOS="410.74015748031496" HPOS="132.3779527559055"/>
            <String HEIGHT="10.771653543307087" WIDTH="71.43307086614173" VPOS="410.74015748031496" HPOS="118.77165354330708" CONTENT="l’initiative" ID="tl_18_4" STYLEREFS="FONT0"/>
            <SP HEIGHT="10.771653543307087" WIDTH="4.535433070866142" VPOS="410.74015748031496" HPOS="190.20472440944883"/>
            <String HEIGHT="10.771653543307087" WIDTH="26.64566929133858" VPOS="410.74015748031496" HPOS="176.88188976377953" CONTENT="du" ID="tl_18_5" STYLEREFS="FONT0"/>
            <SP HEIGHT="10.771653543307087" WIDTH="4.535433070866142" VPOS="410.74015748031496" HPOS="203.5275590551181"/>
            <String HEIGHT="10.771653543307087" WIDTH="49.039370078740156" VPOS="410.74015748031496" HPOS="190.20472440944883" CONTENT="Service" ID="tl_18_6" STYLEREFS="FONT0"/>
            <SP HEIGHT="10.771653543307087" WIDTH="4.535433070866142" VPOS="410.74015748031496" HPOS="239.24409448818898"/>
            <String HEIGHT="10.771653543307087" WIDTH="26.64566929133858" VPOS="410.74015748031496" HPOS="225.92125984251967" CONTENT="de" ID="tl_18_7" STYLEREFS="FONT0"/>
            <SP HEIGHT="10.771653543307087" WIDTH="4.535433070866142" VPOS="410.74015748031496" HPOS="252.56692913385828"/>
            <String HEIGHT="10.771653543307087" WIDTH="26.64566929133858" VPOS="410.74015748031496" HPOS="239.24409448818898" CONTENT="la" ID="tl_18_8" STYLEREFS="FONT0"/>
            <SP HEIGHT="10.771653543307087" WIDTH="4.535433070866142" VPOS="410.74015748031496" HPOS="266.1732283464567"/>
            <String HEIGHT="10.771653543307087" WIDTH="44.503937007874015" VPOS="410.74015748031496" HPOS="248.31496062992127" CONTENT="Création" ID="tl_18_9" STYLEREFS="FONT0"/>
          </TextLine>
          <TextLine ID="tl_19" BASELINE="1523" HEIGHT="12.472440944881889" WIDTH="250.86614173228347" VPOS="419.244094488189" HPOS="42.803149606299215">
            <String HEIGHT="12.472440944881889" WIDTH="60.661417322834644" VPOS="419.244094488189" HPOS="38.55118110236221" CONTENT="Artistique" ID="tl_19_1" STYLEREFS="FONT0"/>
            <SP HEIGHT="12.472440944881889" WIDTH="4.251968503937008" VPOS="419.244094488189" HPOS="98.92913385826772"/>
            <String HEIGHT="12.472440944881889" WIDTH="26.078740157480315" VPOS="419.244094488189" HPOS="86.1732283464567" CONTENT="du" ID="tl_19_2" STYLEREFS="FONT0"/>
            <SP HEIGHT="12.472440944881889" WIDTH="4.251968503937008" VPOS="419.244094488189" HPOS="111.96850393700787"/>
            <String HEIGHT="12.472440944881889" WIDTH="56.125984251968504" VPOS="419.244094488189" HPOS="98.92913385826772" CONTENT="Ministère" ID="tl_19_3" STYLEREFS="FONT0"/>
            <SP HEIGHT="12.472440944881889" WIDTH="4.251968503937008" VPOS="419.244094488189" HPOS="155.33858267716536"/>
            <String HEIGHT="12.472440944881889" WIDTH="30.330708661417322" VPOS="419.244094488189" HPOS="142.29921259842519" CONTENT="des" ID="tl_19_4" STYLEREFS="FONT0"/>
            <SP HEIGHT="12.472440944881889" WIDTH="4.251968503937008" VPOS="419.244094488189" HPOS="172.62992125984252"/>
            <String HEIGHT="12.472440944881889" WIDTH="51.874015748031496" VPOS="419.244094488189" HPOS="159.59055118110237" CONTENT="Affaires" ID="tl_19_5" STYLEREFS="FONT0"/>
            <SP HEIGHT="12.472440944881889" WIDTH="4.251968503937008" VPOS="419.244094488189" HPOS="211.46456692913387"/>
            <String HEIGHT="12.472440944881889" WIDTH="69.16535433070867" VPOS="419.244094488189" HPOS="198.4251968503937" CONTENT="Culturelles." ID="tl_19_6" STYLEREFS="FONT0"/>
            <SP HEIGHT="12.472440944881889" WIDTH="4.251968503937008" VPOS="419.244094488189" HPOS="267.59055118110234"/>
            <String HEIGHT="12.472440944881889" WIDTH="26.078740157480315" VPOS="419.244094488189" HPOS="254.83464566929135" CONTENT="Il" ID="tl_19_7" STYLEREFS="FONT0"/>
            <SP HEIGHT="12.472440944881889" WIDTH="4.251968503937008" VPOS="419.244094488189" HPOS="280.62992125984255"/>
            <String HEIGHT="12.472440944881889" WIDTH="30.330708661417322" VPOS="419.244094488189" HPOS="263.33858267716533" CONTENT="fonc" SUBS_TYPE="HypPart1" SUBS_CONTENT="fonctionne" ID="tl_19_8" STYLEREFS="FONT0"/>
            <HYP CONTENT="-"/>
          </TextLine>
          <TextLine ID="tl_20" BASELINE="1560" HEIGHT="11.338582677165354" WIDTH="250.58267716535434" VPOS="430.86614173228344" HPOS="42.803149606299215">
            <String HEIGHT="11.338582677165354" WIDTH="46.488188976377955" VPOS="430.86614173228344" HPOS="38.267716535433074" CONTENT="tionne" SUBS_TYPE="HypPart2" SUBS_CONTENT="fonctionne" ID="tl_20_1" STYLEREFS="FONT0"/>
            <SP HEIGHT="11.338582677165354" WIDTH="4.535433070866142" VPOS="430.86614173228344" HPOS="84.4724409448819"/>
            <String HEIGHT="11.338582677165354" WIDTH="37.13385826771653" VPOS="430.86614173228344" HPOS="70.58267716535433" CONTENT="avec" ID="tl_20_2" STYLEREFS="FONT0"/>
            <SP HEIGHT="11.338582677165354" WIDTH="4.535433070866142" VPOS="430.86614173228344" HPOS="107.71653543307086"/>
            <String HEIGHT="11.338582677165354" WIDTH="27.77952755905512" VPOS="430.86614173228344" HPOS="93.8267716535433" CONTENT="la" ID="tl_20_3" STYLEREFS="FONT0"/>
            <SP HEIGHT="11.338582677165354" WIDTH="4.535433070866142" VPOS="430.86614173228344" HPOS="121.60629921259843"/>
            <String HEIGHT="11.338582677165354" WIDTH="78.80314960629921" VPOS="430.86614173228344" HPOS="107.71653543307086" CONTENT="collaboration" ID="tl_20_4" STYLEREFS="FONT0"/>
            <SP HEIGHT="11.338582677165354" WIDTH="4.535433070866142" VPOS="430.86614173228344" HPOS="186.51968503937007"/>
            <String HEIGHT="11.338582677165354" WIDTH="60.37795275590551" VPOS="430.86614173228344" HPOS="172.62992125984252" CONTENT="technique" ID="tl_20_5" STYLEREFS="FONT0"/>
            <SP HEIGHT="11.338582677165354" WIDTH="4.535433070866142" VPOS="430.86614173228344" HPOS="233.00787401574803"/>
            <String HEIGHT="11.338582677165354" WIDTH="27.77952755905512" VPOS="430.86614173228344" HPOS="219.11811023622047" CONTENT="de" ID="tl_20_6" STYLEREFS="FONT0"/>
            <SP HEIGHT="11.338582677165354" WIDTH="4.535433070866142" VPOS="430.86614173228344" HPOS="246.89763779527559"/>
            <String HEIGHT="11.338582677165354" WIDTH="27.77952755905512" VPOS="430.86614173228344" HPOS="233.00787401574803" CONTENT="la" ID="tl_20_7" STYLEREFS="FONT0"/>
            <SP HEIGHT="11.338582677165354" WIDTH="4.535433070866142" VPOS="430.86614173228344" HPOS="260.78740157480314"/>
            <String HEIGHT="11.338582677165354" WIDTH="51.023622047244096" VPOS="430.86614173228344" HPOS="242.36220472440945" CONTENT="Compagnie" ID="tl_20_8" STYLEREFS="FONT0"/>
          </TextLine>
          <TextLine ID="tl_21" BASELINE="1609" HEIGHT="14.173228346456693" WIDTH="80.22047244094489" VPOS="441.9212598425197" HPOS="42.803149606299215">
            <String HEIGHT="14.173228346456693" WIDTH="59.24409448818898" VPOS="441.9212598425197" HPOS="38.55118110236221" CONTENT="lean-Marie" ID="tl_21_1" STYLEREFS="FONT0"/>
            <SP HEIGHT="14.173228346456693" WIDTH="4.251968503937008" VPOS="441.9212598425197" HPOS="97.79527559055119"/>
            <String HEIGHT="14.173228346456693" WIDTH="42.23622047244095" VPOS="441.9212598425197" HPOS="80.78740157480316" CONTENT="Serreau." ID="tl_21_2" STYLEREFS="FONT0"/>
          </TextLine>
        </TextBlock>
        <TextBlock ID="r_1_11" HEIGHT="42.803149606299215" WIDTH="248.31496062992127" VPOS="458.92913385826773" HPOS="44.503937007874015">
          <TextLine ID="tl_22" BASELINE="1660" HEIGHT="17.007874015748033" WIDTH="250.58267716535434" VPOS="453.54330708661416" HPOS="43.37007874015748">
            <String HEIGHT="17.007874015748033" WIDTH="48.188976377952756" VPOS="453.54330708661416" HPOS="38.55118110236221" CONTENT="Sièges" ID="tl_22_1" STYLEREFS="FONT0"/>
            <SP HEIGHT="17.007874015748033" WIDTH="4.818897637795276" VPOS="453.54330708661416" HPOS="86.74015748031496"/>
            <String HEIGHT="17.007874015748033" WIDTH="28.913385826771652" VPOS="453.54330708661416" HPOS="72.28346456692914" CONTENT="de" ID="tl_22_2" STYLEREFS="FONT0"/>
            <SP HEIGHT="17.007874015748033" WIDTH="4.818897637795276" VPOS="453.54330708661416" HPOS="101.19685039370079"/>
            <String HEIGHT="17.007874015748033" WIDTH="43.37007874015748" VPOS="453.54330708661416" HPOS="86.74015748031496" CONTENT="Roger" ID="tl_22_3" STYLEREFS="FONT0"/>
            <SP HEIGHT="17.007874015748033" WIDTH="4.818897637795276" VPOS="453.54330708661416" HPOS="130.11023622047244"/>
            <String HEIGHT="17.007874015748033" WIDTH="53.00787401574803" VPOS="453.54330708661416" HPOS="115.65354330708661" CONTENT="Legrand" ID="tl_22_4" STYLEREFS="FONT0"/>
            <SP HEIGHT="17.007874015748033" WIDTH="4.818897637795276" VPOS="453.54330708661416" HPOS="168.66141732283464"/>
            <String HEIGHT="17.007874015748033" WIDTH="24.094488188976378" VPOS="453.54330708661416" HPOS="154.20472440944883" CONTENT="-" ID="tl_22_5" STYLEREFS="FONT0"/>
            <SP HEIGHT="17.007874015748033" WIDTH="4.818897637795276" VPOS="453.54330708661416" HPOS="178.29921259842519"/>
            <String HEIGHT="17.007874015748033" WIDTH="43.37007874015748" VPOS="453.54330708661416" HPOS="163.84251968503938" CONTENT="Grill" ID="tl_22_6" STYLEREFS="FONT0"/>
            <SP HEIGHT="17.007874015748033" WIDTH="4.818897637795276" VPOS="453.54330708661416" HPOS="207.21259842519686"/>
            <String HEIGHT="17.007874015748033" WIDTH="28.913385826771652" VPOS="453.54330708661416" HPOS="192.75590551181102" CONTENT="de" ID="tl_22_7" STYLEREFS="FONT0"/>
            <SP HEIGHT="17.007874015748033" WIDTH="4.818897637795276" VPOS="453.54330708661416" HPOS="221.66929133858267"/>
            <String HEIGHT="17.007874015748033" WIDTH="48.188976377952756" VPOS="453.54330708661416" HPOS="207.21259842519686" CONTENT="Michel" ID="tl_22_8" STYLEREFS="FONT0"/>
            <SP HEIGHT="17.007874015748033" WIDTH="4.818897637795276" VPOS="453.54330708661416" HPOS="255.4015748031496"/>
            <String HEIGHT="17.007874015748033" WIDTH="57.826771653543304" VPOS="453.54330708661416" HPOS="236.1259842519685" CONTENT="lausserand" ID="tl_22_9" STYLEREFS="FONT0"/>
          </TextLine>
          <TextLine ID="tl_23" BASELINE="1694" HEIGHT="10.771653543307087" WIDTH="250.01574803149606" VPOS="469.4173228346457" HPOS="43.37007874015748">
            <String HEIGHT="10.771653543307087" WIDTH="64.91338582677166" VPOS="469.4173228346457" HPOS="38.83464566929134" CONTENT="Ingénieur," ID="tl_23_1" STYLEREFS="FONT0"/>
            <SP HEIGHT="10.771653543307087" WIDTH="4.535433070866142" VPOS="469.4173228346457" HPOS="103.46456692913385"/>
            <String HEIGHT="10.771653543307087" WIDTH="41.669291338582674" VPOS="469.4173228346457" HPOS="89.5748031496063" CONTENT="Serge" ID="tl_23_2" STYLEREFS="FONT0"/>
            <SP HEIGHT="10.771653543307087" WIDTH="4.535433070866142" VPOS="469.4173228346457" HPOS="131.24409448818898"/>
            <String HEIGHT="10.771653543307087" WIDTH="46.20472440944882" VPOS="469.4173228346457" HPOS="117.35433070866142" CONTENT="Ketoff" ID="tl_23_3" STYLEREFS="FONT0"/>
            <SP HEIGHT="10.771653543307087" WIDTH="4.535433070866142" VPOS="469.4173228346457" HPOS="163.84251968503938"/>
            <String HEIGHT="10.771653543307087" WIDTH="23.244094488188978" VPOS="469.4173228346457" HPOS="149.95275590551182" CONTENT="-" ID="tl_23_4" STYLEREFS="FONT0"/>
            <SP HEIGHT="10.771653543307087" WIDTH="4.535433070866142" VPOS="469.4173228346457" HPOS="172.91338582677164"/>
            <String HEIGHT="10.771653543307087" WIDTH="69.44881889763779" VPOS="469.4173228346457" HPOS="159.0236220472441" CONTENT="Equipement," ID="tl_23_5" STYLEREFS="FONT0"/>
            <SP HEIGHT="10.771653543307087" WIDTH="4.535433070866142" VPOS="469.4173228346457" HPOS="228.4724409448819"/>
            <String HEIGHT="10.771653543307087" WIDTH="60.09448818897638" VPOS="469.4173228346457" HPOS="214.58267716535434" CONTENT="éclairage" ID="tl_23_6" STYLEREFS="FONT0"/>
            <SP HEIGHT="10.771653543307087" WIDTH="4.535433070866142" VPOS="469.4173228346457" HPOS="274.96062992125985"/>
            <String HEIGHT="10.771653543307087" WIDTH="27.77952755905512" VPOS="469.4173228346457" HPOS="261.07086614173227" CONTENT="et" ID="tl_23_7" STYLEREFS="FONT0"/>
            <SP HEIGHT="10.771653543307087" WIDTH="4.535433070866142" VPOS="469.4173228346457" HPOS="288.8503937007874"/>
            <String HEIGHT="10.771653543307087" WIDTH="23.244094488188978" VPOS="469.4173228346457" HPOS="270.1417322834646" CONTENT="jeu" ID="tl_23_8" STYLEREFS="FONT0"/>
          </TextLine>
          <TextLine ID="tl_24" BASELINE="1735" HEIGHT="13.88976377952756" WIDTH="250.86614173228347" VPOS="477.9212598425197" HPOS="43.08661417322835">
            <String HEIGHT="13.88976377952756" WIDTH="50.173228346456696" VPOS="477.9212598425197" HPOS="38.55118110236221" CONTENT="d’orgue" ID="tl_24_1" STYLEREFS="FONT0"/>
            <SP HEIGHT="13.88976377952756" WIDTH="4.535433070866142" VPOS="477.9212598425197" HPOS="88.7244094488189"/>
            <String HEIGHT="13.88976377952756" WIDTH="22.677165354330707" VPOS="477.9212598425197" HPOS="75.11811023622047" CONTENT="-" ID="tl_24_2" STYLEREFS="FONT0"/>
            <SP HEIGHT="13.88976377952756" WIDTH="4.535433070866142" VPOS="477.9212598425197" HPOS="97.79527559055119"/>
            <String HEIGHT="13.88976377952756" WIDTH="63.77952755905512" VPOS="477.9212598425197" HPOS="84.18897637795276" CONTENT="Compagnie," ID="tl_24_3" STYLEREFS="FONT0"/>
            <SP HEIGHT="13.88976377952756" WIDTH="4.535433070866142" VPOS="477.9212598425197" HPOS="147.96850393700788"/>
            <String HEIGHT="13.88976377952756" WIDTH="63.77952755905512" VPOS="477.9212598425197" HPOS="134.36220472440945" CONTENT="Jean-Marie" ID="tl_24_4" STYLEREFS="FONT0"/>
            <SP HEIGHT="13.88976377952756" WIDTH="4.535433070866142" VPOS="477.9212598425197" HPOS="198.14173228346456"/>
            <String HEIGHT="13.88976377952756" WIDTH="50.173228346456696" VPOS="477.9212598425197" HPOS="184.53543307086613" CONTENT="Sevreau" ID="tl_24_5" STYLEREFS="FONT0"/>
            <SP HEIGHT="13.88976377952756" WIDTH="4.535433070866142" VPOS="477.9212598425197" HPOS="234.70866141732284"/>
            <String HEIGHT="13.88976377952756" WIDTH="22.677165354330707" VPOS="477.9212598425197" HPOS="221.10236220472441" CONTENT="-" ID="tl_24_6" STYLEREFS="FONT0"/>
            <SP HEIGHT="13.88976377952756" WIDTH="4.535433070866142" VPOS="477.9212598425197" HPOS="243.7795275590551"/>
            <String HEIGHT="13.88976377952756" WIDTH="63.77952755905512" VPOS="477.9212598425197" HPOS="230.17322834645668" CONTENT="Régisseur," ID="tl_24_7" STYLEREFS="FONT0"/>
            <SP HEIGHT="13.88976377952756" WIDTH="4.535433070866142" VPOS="477.9212598425197" HPOS="293.9527559055118"/>
            <String HEIGHT="13.88976377952756" WIDTH="18.141732283464567" VPOS="477.9212598425197" HPOS="275.81102362204723" CONTENT="Jo" ID="tl_24_8" STYLEREFS="FONT0"/>
          </TextLine>
          <TextLine ID="tl_25" BASELINE="1780" HEIGHT="13.88976377952756" WIDTH="194.74015748031496" VPOS="490.6771653543307" HPOS="43.653543307086615">
            <String HEIGHT="13.88976377952756" WIDTH="46.488188976377955" VPOS="490.6771653543307" HPOS="39.40157480314961" CONTENT="Doumerg" ID="tl_25_1" STYLEREFS="FONT0"/>
            <SP HEIGHT="13.88976377952756" WIDTH="4.251968503937008" VPOS="490.6771653543307" HPOS="85.88976377952756"/>
            <String HEIGHT="13.88976377952756" WIDTH="21.25984251968504" VPOS="490.6771653543307" HPOS="73.41732283464567" CONTENT="-" ID="tl_25_2" STYLEREFS="FONT0"/>
            <SP HEIGHT="13.88976377952756" WIDTH="4.251968503937008" VPOS="490.6771653543307" HPOS="94.39370078740157"/>
            <String HEIGHT="13.88976377952756" WIDTH="89.00787401574803" VPOS="490.6771653543307" HPOS="81.63779527559055" CONTENT="Chef-électricien," ID="tl_25_3" STYLEREFS="FONT0"/>
            <SP HEIGHT="13.88976377952756" WIDTH="4.251968503937008" VPOS="490.6771653543307" HPOS="170.64566929133858"/>
            <String HEIGHT="13.88976377952756" WIDTH="46.488188976377955" VPOS="490.6771653543307" HPOS="157.88976377952756" CONTENT="Patrick" ID="tl_25_4" STYLEREFS="FONT0"/>
            <SP HEIGHT="13.88976377952756" WIDTH="4.251968503937008" VPOS="490.6771653543307" HPOS="204.66141732283464"/>
            <String HEIGHT="13.88976377952756" WIDTH="50.74015748031496" VPOS="490.6771653543307" HPOS="187.6535433070866" CONTENT="Pavillard." ID="tl_25_5" STYLEREFS="FONT0"/>
          </TextLine>
        </TextBlock>
        <GraphicalElement ID="r_2" HEIGHT="1.1338582677165354" WIDTH="223.37007874015748" VPOS="659.6220472440945" HPOS="0.0"/>
        <GraphicalElement ID="r_3" HEIGHT="1.4173228346456692" WIDTH="91.84251968503936" VPOS="659.3385826771654" HPOS="223.37007874015748"/>
      </PrintSpace>
    </Page>
  </Layout>
</alto>
