287.1496062992126 672.6614173228346
207.49606299212599 15.023622047244094 55.55905511811024 17.007874015748033 SUEDE

13.88976377952756 52.724409448818896 43.653543307086615 27.77952755905512 glaise
44.22047244094488 52.724409448818896 30.614173228346456 27.77952755905512 lui
61.79527559055118 52.724409448818896 30.614173228346456 27.77952755905512 est
79.08661417322834 52.724409448818896 47.90551181102362 27.77952755905512 devenue
113.95275590551181 52.724409448818896 30.614173228346456 27.77952755905512 une
131.5275590551181 52.724409448818896 39.118110236220474 27.77952755905512 façon
157.60629921259843 52.724409448818896 56.69291338582677 27.77952755905512 naturelle
201.25984251968504 52.724409448818896 26.078740157480315 27.77952755905512 de
209.76377952755905 52.724409448818896 43.653543307086615 27.77952755905512 s’expri

9.354330708661417 77.66929133858268 26.929133858267715 11.622047244094489 mer.

22.96062992125984 77.66929133858268 31.181102362204726 24.094488188976378 Roi
40.818897637795274 77.66929133858268 49.039370078740156 24.094488188976378 Friberg
76.53543307086615 77.66929133858268 40.25196850393701 24.094488188976378 vient
103.18110236220473 77.66929133858268 26.64566929133858 24.094488188976378 de
116.78740157480316 77.66929133858268 53.574803149606296 24.094488188976378 Gôteborg
156.75590551181102 77.66929133858268 26.64566929133858 24.094488188976378 et
170.07874015748033 77.66929133858268 31.181102362204726 24.094488188976378 est
187.93700787401573 77.66929133858268 35.71653543307087 24.094488188976378 l’un
210.33070866141733 77.66929133858268 31.181102362204726 24.094488188976378 des
223.6535433070866 77.66929133858268 31.181102362204726 24.094488188976378 quel-

14.740157480314961 92.69291338582677 35.43307086614173 23.244094488188978 ques
37.13385826771653 92.69291338582677 44.503937007874015 23.244094488188978 jeunes
68.03149606299213 92.69291338582677 53.29133858267716 23.244094488188978 artistes
108.0 92.69291338582677 48.75590551181102 23.244094488188978 suédois
143.43307086614172 92.69291338582677 26.64566929133858 23.244094488188978 de
156.75590551181102 92.69291338582677 44.503937007874015 23.244094488188978 valeur
187.93700787401573 92.69291338582677 31.181102362204726 23.244094488188978 qui
205.79527559055117 92.69291338582677 44.503937007874015 23.244094488188978 soient
232.44094488188978 92.69291338582677 22.11023622047244 23.244094488188978 do-

14.456692913385826 101.19685039370079 57.826771653543304 22.677165354330707 miciliés
57.826771653543304 101.19685039370079 28.913385826771652 22.677165354330707 en
72.28346456692914 101.19685039370079 48.188976377952756 22.677165354330707 dehors
106.01574803149606 101.19685039370079 28.913385826771652 22.677165354330707 de
120.4724409448819 101.19685039370079 67.46456692913385 22.677165354330707 Stockholm.
173.76377952755905 101.19685039370079 28.913385826771652 22.677165354330707 Il
188.2204724409449 101.19685039370079 33.732283464566926 22.677165354330707 est
202.6771653543307 101.19685039370079 53.00787401574803 22.677165354330707 fortement

15.023622047244094 113.10236220472441 61.511811023622045 21.543307086614174 influencé
62.36220472440945 113.10236220472441 33.16535433070866 21.543307086614174 par
81.35433070866142 113.10236220472441 51.874015748031496 21.543307086614174 Francis
119.05511811023622 113.10236220472441 47.338582677165356 21.543307086614174 Bacon.
152.2204724409449 113.10236220472441 28.346456692913385 21.543307086614174 On
166.39370078740157 113.10236220472441 23.52755905511811 21.543307086614174 a
175.748031496063 113.10236220472441 56.69291338582677 21.543307086614174 beaucoup
213.73228346456693 113.10236220472441 42.51968503937008 21.543307086614174 recours

14.740157480314961 122.1732283464567 22.393700787401574 23.52755905511811 à
23.811023622047244 122.1732283464567 31.181102362204726 23.52755905511811 lui
41.669291338582674 122.1732283464567 26.64566929133858 23.52755905511811 en
54.99212598425197 122.1732283464567 40.25196850393701 23.52755905511811 Suède
81.63779527559055 122.1732283464567 35.71653543307087 23.52755905511811 pour
104.03149606299213 122.1732283464567 31.181102362204726 23.52755905511811 les
121.88976377952756 122.1732283464567 49.039370078740156 23.52755905511811 dessins
157.60629921259843 122.1732283464567 84.75590551181102 23.52755905511811 d’illustrations
229.03937007874015 122.1732283464567 26.64566929133858 23.52755905511811 et
237.82677165354332 122.1732283464567 17.858267716535433 23.52755905511811 il

14.740157480314961 133.51181102362204 54.70866141732284 23.811023622047244 s’essaie
55.84251968503937 133.51181102362204 59.52755905511811 23.811023622047244 également
101.48031496062993 133.51181102362204 22.96062992125984 23.811023622047244 à
110.55118110236221 133.51181102362204 68.5984251968504 23.811023622047244 différentes
165.54330708661416 133.51181102362204 68.5984251968504 23.811023622047244 expériences
215.71653543307087 133.51181102362204 41.10236220472441 23.811023622047244 décora

12.472440944881889 154.77165354330708 27.496062992125985 14.173228346456693 tives.

22.96062992125984 160.15748031496062 43.08661417322835 20.409448818897637 Alors
51.874015748031496 160.15748031496062 33.732283464566926 20.409448818897637 que
70.86614173228347 160.15748031496062 33.732283464566926 20.409448818897637 les
90.14173228346456 160.15748031496062 47.90551181102362 20.409448818897637 jeunes
123.8740157480315 160.15748031496062 52.724409448818896 20.409448818897637 talents
162.14173228346456 160.15748031496062 67.18110236220473 20.409448818897637 graphiques
210.33070866141733 160.15748031496062 47.90551181102362 20.409448818897637 abondent

15.590551181102363 171.7795275590551 26.362204724409448 18.4251968503937 en
28.913385826771652 171.7795275590551 44.22047244094488 18.4251968503937 Suède,
59.811023622047244 171.7795275590551 26.362204724409448 18.4251968503937 il
73.13385826771653 171.7795275590551 22.11023622047244 18.4251968503937 y
81.92125984251969 171.7795275590551 22.11023622047244 18.4251968503937 a
90.70866141732283 171.7795275590551 48.47244094488189 18.4251968503937 pénurie
125.85826771653544 171.7795275590551 26.362204724409448 18.4251968503937 de
139.1811023622047 171.7795275590551 44.22047244094488 18.4251968503937 jeunes
170.07874015748033 171.7795275590551 66.04724409448819 18.4251968503937 sculpteurs.
223.08661417322836 171.7795275590551 26.362204724409448 18.4251968503937 Le
231.8740157480315 171.7795275590551 26.362204724409448 18.4251968503937 plus

15.590551181102363 180.56692913385828 57.25984251968504 21.25984251968504 important
59.811023622047244 180.56692913385828 30.89763779527559 21.25984251968504 est
77.38582677165354 180.56692913385828 57.25984251968504 21.25984251968504 peut-être
121.60629921259843 180.56692913385828 57.25984251968504 21.25984251968504 Karl-Olov
165.82677165354332 180.56692913385828 44.22047244094488 21.25984251968504 Bjôrk.
196.7244094488189 180.56692913385828 26.362204724409448 21.25984251968504 Il
210.04724409448818 180.56692913385828 48.47244094488189 21.25984251968504 écrivit
240.9448818897638 180.56692913385828 17.5748031496063 21.25984251968504 un

15.307086614173228 190.77165354330708 42.23622047244095 20.69291338582677 livre
43.653543307086615 190.77165354330708 28.062992125984252 20.69291338582677 il
57.54330708661417 190.77165354330708 23.52755905511811 20.69291338582677 y
66.89763779527559 190.77165354330708 23.52755905511811 20.69291338582677 a
76.25196850393701 190.77165354330708 56.125984251968504 20.69291338582677 quelques
118.48818897637796 190.77165354330708 51.59055118110236 20.69291338582677 années,
155.90551181102362 190.77165354330708 37.41732283464567 20.69291338582677 dans
179.43307086614172 190.77165354330708 46.77165354330709 20.69291338582677 lequel
212.31496062992127 190.77165354330708 28.062992125984252 20.69291338582677 il
221.66929133858267 190.77165354330708 37.41732283464567 20.69291338582677 accusa

15.307086614173228 202.96062992125985 54.99212598425197 19.84251968503937 l’Ecole
55.275590551181104 202.96062992125985 34.86614173228347 19.84251968503937 des
75.4015748031496 202.96062992125985 70.01574803149606 19.84251968503937 Beaux-Arts
130.39370078740157 202.96062992125985 30.04724409448819 19.84251968503937 de
145.41732283464566 202.96062992125985 64.91338582677166 19.84251968503937 Stockholm
195.30708661417322 202.96062992125985 30.04724409448819 19.84251968503937 de
205.22834645669292 202.96062992125985 54.99212598425197 19.84251968503937 maintenir

15.023622047244094 214.01574803149606 37.13385826771653 18.992125984251967 des
36.28346456692913 214.01574803149606 63.77952755905512 18.992125984251967 méthodes
84.18897637795276 214.01574803149606 95.81102362204724 18.992125984251967 d’enseignement
164.1259842519685 214.01574803149606 95.81102362204724 18.992125984251967 conservatrices
238.6771653543307 214.01574803149606 21.25984251968504 18.992125984251967 et

15.874015748031496 224.50393700787401 93.25984251968504 19.84251968503937 conventionnelles.
95.81102362204724 224.50393700787401 26.64566929133858 19.84251968503937 Ce
109.13385826771653 224.50393700787401 39.968503937007874 19.84251968503937 livre
135.7795275590551 224.50393700787401 39.968503937007874 19.84251968503937 donna
162.4251968503937 224.50393700787401 35.43307086614173 19.84251968503937 lieu
184.8188976377953 224.50393700787401 22.11023622047244 19.84251968503937 à
193.60629921259843 224.50393700787401 26.64566929133858 19.84251968503937 de
206.9291338582677 224.50393700787401 35.43307086614173 19.84251968503937 vifs
224.78740157480314 224.50393700787401 35.43307086614173 19.84251968503937 débats

16.15748031496063 234.70866141732284 39.118110236220474 19.275590551181104 mais
40.53543307086614 234.70866141732284 43.93700787401575 19.275590551181104 amena
70.01574803149606 234.70866141732284 63.496062992125985 19.275590551181104 néanmoins
118.77165354330708 234.70866141732284 29.480314960629922 19.275590551181104 de
133.51181102362204 234.70866141732284 68.5984251968504 19.275590551181104 nombreuses
182.5511811023622 234.70866141732284 78.23622047244095 19.275590551181104 améliorations.

15.874015748031496 250.01574803149606 40.818897637795274 14.740157480314961 Bork
41.38582677165354 250.01574803149606 35.71653543307087 14.740157480314961 est
61.79527559055118 250.01574803149606 66.33070866141732 14.740157480314961 également
112.81889763779527 250.01574803149606 66.33070866141732 14.740157480314961 fortement
163.55905511811022 250.01574803149606 51.023622047244096 14.740157480314961 engagé
199.2755905511811 250.01574803149606 40.818897637795274 14.740157480314961 dans
224.78740157480314 250.01574803149606 30.614173228346456 14.740157480314961 le
234.99212598425197 250.01574803149606 25.511811023622048 14.740157480314961 do-

16.724409448818896 261.3543307086614 36.56692913385827 15.874015748031496 maine
37.13385826771653 261.3543307086614 49.039370078740156 15.874015748031496 politique.

24.944881889763778 272.9763779527559 29.763779527559056 15.023622047244094 La
39.68503937007874 272.9763779527559 49.32283464566929 15.023622047244094 figure
74.26771653543307 272.9763779527559 59.24409448818898 15.023622047244094 centrale
118.77165354330708 272.9763779527559 29.763779527559056 15.023622047244094 de
133.51181102362204 272.9763779527559 29.763779527559056 15.023622047244094 ce
148.251968503937 272.9763779527559 44.503937007874015 15.023622047244094 petit
178.01574803149606 272.9763779527559 49.32283464566929 15.023622047244094 groupe
212.5984251968504 272.9763779527559 29.763779527559056 15.023622047244094 de
222.51968503937007 272.9763779527559 39.40157480314961 15.023622047244094 jeunes

16.440944881889763 281.76377952755905 55.84251968503937 17.5748031496063 artistes
58.110236220472444 281.76377952755905 92.97637795275591 17.5748031496063 constructivistes
137.1968503937008 281.76377952755905 27.77952755905512 17.5748031496063 en
151.08661417322836 281.76377952755905 41.669291338582674 17.5748031496063 Suède
178.86614173228347 281.76377952755905 32.59842519685039 17.5748031496063 est
197.5748031496063 281.76377952755905 37.13385826771653 17.5748031496063 Lars
216.0 281.76377952755905 46.488188976377955 17.5748031496063 Englund.

17.007874015748033 292.53543307086613 27.77952755905512 18.4251968503937 Il
30.89763779527559 292.53543307086613 23.244094488188978 18.4251968503937 a
39.968503937007874 292.53543307086613 55.55905511811024 18.4251968503937 assemblé
81.92125984251969 292.53543307086613 46.488188976377955 18.4251968503937 autour
114.23622047244095 292.53543307086613 27.77952755905512 18.4251968503937 de
128.1259842519685 292.53543307086613 32.59842519685039 18.4251968503937 lui
146.83464566929135 292.53543307086613 32.59842519685039 18.4251968503937 une
165.25984251968504 292.53543307086613 55.55905511811024 18.4251968503937 phalange
202.39370078740157 292.53543307086613 60.37795275590551 18.4251968503937 internatio-

17.007874015748033 304.7244094488189 37.41732283464567 15.874015748031496 nale
40.25196850393701 304.7244094488189 65.19685039370079 15.874015748031496 d’artistes
91.55905511811024 304.7244094488189 28.062992125984252 15.874015748031496 de
105.44881889763779 304.7244094488189 37.41732283464567 15.874015748031496 même
128.69291338582678 304.7244094488189 74.55118110236221 15.874015748031496 orientation.
189.35433070866142 304.7244094488189 32.59842519685039 15.874015748031496 Ils
208.06299212598427 304.7244094488189 28.062992125984252 15.874015748031496 ne
221.95275590551182 304.7244094488189 37.41732283464567 15.874015748031496 sont
240.66141732283464 304.7244094488189 23.244094488188978 15.874015748031496 pas

16.440944881889763 315.496062992126 70.01574803149606 15.307086614173228 nombreux,
70.2992125984252 315.496062992126 43.08661417322835 15.307086614173228 mais
97.22834645669292 315.496062992126 37.7007874015748 15.307086614173228 ont
118.77165354330708 315.496062992126 37.7007874015748 15.307086614173228 une
140.31496062992127 315.496062992126 53.85826771653543 15.307086614173228 grande
178.01574803149606 315.496062992126 75.4015748031496 15.307086614173228 importance
231.8740157480315 315.496062992126 32.31496062992126 15.307086614173228 pour

17.291338582677167 323.7165354330709 41.95275590551181 19.559055118110237 notre
45.07086614173228 323.7165354330709 32.59842519685039 19.559055118110237 vie
63.77952755905512 323.7165354330709 70.01574803149606 19.559055118110237 artistique.
119.62204724409449 323.7165354330709 51.30708661417323 19.559055118110237 Englund
157.03937007874015 323.7165354330709 55.84251968503937 19.559055118110237 lui-même
198.99212598425197 323.7165354330709 41.95275590551181 19.559055118110237 avait
222.23622047244095 323.7165354330709 41.95275590551181 19.559055118110237 d’abord

16.724409448818896 339.59055118110234 56.976377952755904 12.188976377952756 travailé
59.52755905511811 339.59055118110234 42.803149606299215 12.188976377952756 d’une
88.15748031496064 339.59055118110234 42.803149606299215 12.188976377952756 façon
116.78740157480316 339.59055118110234 37.98425196850393 12.188976377952756 très
140.5984251968504 339.59055118110234 66.61417322834646 12.188976377952756 ascétique,
192.75590551181102 339.59055118110234 37.98425196850393 12.188976377952756 mais
216.56692913385828 339.59055118110234 28.62992125984252 12.188976377952756 il
231.0236220472441 339.59055118110234 23.811023622047244 12.188976377952756 a
235.55905511811022 339.59055118110234 28.62992125984252 12.188976377952756 com-

16.440944881889763 346.96062992125985 44.78740157480315 15.874015748031496 mencé
46.488188976377955 346.96062992125985 29.763779527559056 15.874015748031496 au
61.22834645669291 346.96062992125985 44.78740157480315 15.874015748031496 cours
91.2755905511811 346.96062992125985 29.763779527559056 15.874015748031496 de
106.01574803149606 346.96062992125985 34.86614173228347 15.874015748031496 ces
126.14173228346456 346.96062992125985 64.62992125984252 15.874015748031496 dernières
175.748031496063 346.96062992125985 49.889763779527556 15.874015748031496 années
210.61417322834646 346.96062992125985 24.944881889763778 15.874015748031496 à
215.43307086614172 346.96062992125985 49.889763779527556 15.874015748031496 produire

18.141732283464567 356.88188976377955 25.511811023622048 17.007874015748033 un
30.89763779527559 356.88188976377955 29.763779527559056 17.007874015748033 art
47.90551181102362 356.88188976377955 34.01574803149607 17.007874015748033 plus
69.44881889763779 356.88188976377955 51.30708661417323 17.007874015748033 sensuel.
107.71653543307086 356.88188976377955 25.511811023622048 17.007874015748033 Il
120.4724409448819 356.88188976377955 25.511811023622048 17.007874015748033 se
133.22834645669292 356.88188976377955 38.267716535433074 17.007874015748033 livre
159.0236220472441 356.88188976377955 55.55905511811024 17.007874015748033 également
201.54330708661416 356.88188976377955 21.25984251968504 17.007874015748033 à
210.04724409448818 356.88188976377955 47.05511811023622 17.007874015748033 présent
244.3464566929134 356.88188976377955 21.25984251968504 17.007874015748033 à
248.5984251968504 356.88188976377955 17.007874015748033 17.007874015748033 de

18.141732283464567 370.48818897637796 65.48031496062993 17.007874015748033 nombreuses
69.44881889763779 370.48818897637796 70.2992125984252 17.007874015748033 expériences
125.5748031496063 370.48818897637796 32.881889763779526 17.007874015748033 sur
144.28346456692913 370.48818897637796 28.062992125984252 17.007874015748033 le
153.63779527559055 370.48818897637796 37.41732283464567 17.007874015748033 béton.

162.14173228346456 392.88188976377955 58.110236220472444 15.307086614173228 Ludvig
197.29133858267716 392.88188976377955 69.73228346456693 15.307086614173228 Rasmusson.

94.67716535433071 487.5590551181102 64.34645669291339 15.590551181102363 PEINTURE
143.1496062992126 487.5590551181102 32.31496062992126 15.590551181102363 ET
153.63779527559055 487.5590551181102 43.08661417322835 15.590551181102363 DESSIN

22.393700787401574 505.13385826771656 47.62204724409449 15.874015748031496 Lars
56.976377952755904 505.13385826771656 69.16535433070867 15.874015748031496 ENGLUND
113.10236220472441 505.13385826771656 26.078740157480315 15.874015748031496 né
126.14173228346456 505.13385826771656 26.078740157480315 15.874015748031496 en
139.1811023622047 505.13385826771656 34.58267716535433 15.874015748031496 1933
160.7244094488189 505.13385826771656 21.543307086614174 15.874015748031496 à
169.51181102362204 505.13385826771656 56.40944881889764 15.874015748031496 Stockholm
208.3464566929134 505.13385826771656 43.37007874015748 15.874015748031496 (Suède).

22.96062992125984 511.0866141732283 45.63779527559055 15.023622047244094 1
56.125984251968504 511.0866141732283 45.63779527559055 15.023622047244094 Montage
89.29133858267717 511.0866141732283 91.2755905511811 15.023622047244094 cinématographique,
168.09448818897638 511.0866141732283 33.16535433070866 15.023622047244094 1963
188.78740157480314 511.0866141732283 45.63779527559055 15.023622047244094 (laque,
221.95275590551182 511.0866141732283 28.913385826771652 15.023622047244094 168
238.6771653543307 511.0866141732283 20.69291338582677 15.023622047244094 x
242.9291338582677 511.0866141732283 28.913385826771652 15.023622047244094 100).

30.89763779527559 524.9763779527559 59.24409448818898 11.05511811023622 Collection
77.38582677165354 524.9763779527559 46.488188976377955 11.05511811023622 William
111.11811023622047 524.9763779527559 67.46456692913385 11.05511811023622 Aronowitsch,
161.85826771653544 524.9763779527559 50.74015748031496 11.05511811023622 Stockholm.

23.244094488188978 528.6614173228346 45.354330708661415 15.590551181102363 2
57.25984251968504 528.6614173228346 37.7007874015748 15.590551181102363 Relief
83.62204724409449 528.6614173228346 22.677165354330707 15.590551181102363 en
94.96062992125984 528.6614173228346 30.330708661417322 15.590551181102363 zinc
113.66929133858268 528.6614173228346 22.677165354330707 15.590551181102363 I,
125.00787401574803 528.6614173228346 30.330708661417322 15.590551181102363 1964
144.0 528.6614173228346 37.7007874015748 15.590551181102363 (zinc.
170.36220472440945 528.6614173228346 22.677165354330707 15.590551181102363 71
181.70078740157481 528.6614173228346 18.992125984251967 15.590551181102363 x
189.35433070866142 528.6614173228346 30.330708661417322 15.590551181102363 71).
208.3464566929134 528.6614173228346 53.00787401574803 15.590551181102363 Collection
246.04724409448818 528.6614173228346 26.362204724409448 15.590551181102363 Ralph

26.64566929133858 544.2519685039371 56.69291338582677 12.188976377952756 Herrmanns.»

23.244094488188978 547.9370078740158 42.803149606299215 17.858267716535433 3
55.55905511811024 547.9370078740158 35.71653543307087 17.858267716535433 Relief
80.50393700787401 547.9370078740158 21.543307086614174 17.858267716535433 en
91.2755905511811 547.9370078740158 28.62992125984252 17.858267716535433 zinc
109.13385826771653 547.9370078740158 24.944881889763778 17.858267716535433 II,
123.30708661417323 547.9370078740158 28.62992125984252 17.858267716535433 1964
141.16535433070865 547.9370078740158 35.71653543307087 17.858267716535433 (zinc,
166.11023622047244 547.9370078740158 21.543307086614174 17.858267716535433 71
176.88188976377953 547.9370078740158 17.858267716535433 17.858267716535433 x
183.96850393700788 547.9370078740158 28.62992125984252 17.858267716535433 71).
201.82677165354332 547.9370078740158 49.889763779527556 17.858267716535433 Collection
237.54330708661416 547.9370078740158 35.71653543307087 17.858267716535433 Jeanette

28.062992125984252 563.2440944881889 39.968503937007874 11.05511811023622 Bonnier.

32.031496062992126 572.5984251968504 39.968503937007874 11.905511811023622 Roi
60.09448818897638 572.5984251968504 64.06299212598425 11.905511811023622 FRIBERG
111.96850393700787 572.5984251968504 24.094488188976378 11.905511811023622 né
123.8740157480315 572.5984251968504 24.094488188976378 11.905511811023622 en
135.7795275590551 572.5984251968504 32.031496062992126 11.905511811023622 1934
155.90551181102362 572.5984251968504 19.84251968503937 11.905511811023622 à
163.84251968503938 572.5984251968504 51.874015748031496 11.905511811023622 Uddevalla
199.84251968503938 572.5984251968504 39.968503937007874 11.905511811023622 (Suède).

23.52755905511811 578.8346456692914 48.75590551181102 14.740157480314961 4
60.09448818897638 578.8346456692914 44.78740157480315 14.740157480314961 Hommage
92.69291338582677 578.8346456692914 20.409448818897637 14.740157480314961 à
100.91338582677166 578.8346456692914 44.78740157480315 14.740157480314961 Sigmund
133.22834645669292 578.8346456692914 40.818897637795274 14.740157480314961 Freud,
161.85826771653544 578.8346456692914 32.59842519685039 14.740157480314961 1965
182.26771653543307 578.8346456692914 48.75590551181102 14.740157480314961 (crayon,
218.83464566929135 578.8346456692914 24.37795275590551 14.740157480314961 90
231.0236220472441 578.8346456692914 20.409448818897637 14.740157480314961 x
234.99212598425197 578.8346456692914 28.62992125984252 14.740157480314961 100).

23.811023622047244 591.5905511811023 45.92125984251968 11.905511811023622 5
58.39370078740158 591.5905511811023 38.267716535433074 11.905511811023622 Limite
85.32283464566929 591.5905511811023 57.54330708661417 11.905511811023622 mnémonique,
131.5275590551181 591.5905511811023 30.614173228346456 11.905511811023622 1965
150.51968503937007 591.5905511811023 45.92125984251968 11.905511811023622 (crayon,
185.10236220472441 591.5905511811023 22.96062992125984 11.905511811023622 70
196.7244094488189 591.5905511811023 19.275590551181104 11.905511811023622 x
200.40944881889763 591.5905511811023 26.929133858267715 11.905511811023622 100).

24.661417322834644 601.7952755905512 41.95275590551181 11.338582677165354 6
56.125984251968504 601.7952755905512 45.354330708661415 11.338582677165354 Intérieur
90.99212598425197 601.7952755905512 20.976377952755904 11.338582677165354 I,
101.48031496062993 601.7952755905512 28.062992125984252 11.338582677165354 1965
118.77165354330708 601.7952755905512 41.95275590551181 11.338582677165354 (crayon,
150.23622047244095 601.7952755905512 20.976377952755904 11.338582677165354 70
160.7244094488189 601.7952755905512 17.5748031496063 11.338582677165354 x
164.40944881889763 601.7952755905512 24.37795275590551 11.338582677165354 100).

25.511811023622048 612.0 40.818897637795274 10.488188976377952 7
56.125984251968504 612.0 44.22047244094488 10.488188976377952 Intérieur
90.14173228346456 612.0 23.811023622047244 10.488188976377952 II,
103.74803149606299 612.0 27.212598425196852 10.488188976377952 1965
120.4724409448819 612.0 40.818897637795274 10.488188976377952 (crayon,
151.08661417322836 612.0 20.409448818897637 10.488188976377952 70
161.29133858267716 612.0 17.007874015748033 10.488188976377952 x
164.69291338582678 612.0 23.811023622047244 10.488188976377952 100).

24.37795275590551 620.503937007874 43.653543307086615 14.456692913385826 8
57.25984251968504 620.503937007874 61.79527559055118 14.456692913385826 Conférencier,
108.0 620.503937007874 29.19685039370079 14.456692913385826 1965
126.14173228346456 620.503937007874 43.653543307086615 14.456692913385826 (crayon,
159.0236220472441 620.503937007874 21.826771653543307 14.456692913385826 70
169.79527559055117 620.503937007874 18.141732283464567 14.456692913385826 x
173.48031496062993 620.503937007874 25.511811023622048 14.456692913385826 100).

250.58267716535434 630.1417322834645 24.944881889763778 13.039370078740157 109
