307.84251968503935 660.7559055118111
30.04724409448819 13.88976377952756 172.3464566929134 19.559055118110237 MANIFESTATIONS
169.51181102362204 13.88976377952756 106.58267716535433 19.559055118110237 ANNEXES

114.51968503937007 64.34645669291339 61.511811023622045 15.023622047244094 MAISON
161.85826771653544 64.34645669291339 33.16535433070866 15.023622047244094 DES
176.03149606299212 64.34645669291339 75.68503937007874 15.023622047244094 BEAUX

78.80314960629921 76.25196850393701 28.913385826771652 14.456692913385826 11,
95.5275590551181 76.25196850393701 28.913385826771652 14.456692913385826 rue
111.96850393700787 76.25196850393701 28.913385826771652 14.456692913385826 des
128.40944881889763 76.25196850393701 62.07874015748032 14.456692913385826 Beaux-Arts,
178.01574803149606 76.25196850393701 37.13385826771653 14.456692913385826 Paris
202.96062992125985 76.25196850393701 33.16535433070866 14.456692913385826 (6e)
223.6535433070866 76.25196850393701 20.69291338582677 14.456692913385826 —
231.8740157480315 76.25196850393701 33.16535433070866 14.456692913385826 ODE.
248.31496062992127 76.25196850393701 33.16535433070866 14.456692913385826 10

82.48818897637796 87.8740157480315 59.811023622047244 17.5748031496063 Exposition
129.54330708661416 87.8740157480315 25.79527559055118 17.5748031496063 du
142.29921259842519 87.8740157480315 25.79527559055118 17.5748031496063 24
155.0551181102362 87.8740157480315 55.55905511811024 17.5748031496063 septembre
197.85826771653544 87.8740157480315 25.79527559055118 17.5748031496063 au
210.89763779527559 87.8740157480315 21.25984251968504 17.5748031496063 8
219.4015748031496 87.8740157480315 47.05511811023622 17.5748031496063 octobre
249.16535433070865 87.8740157480315 30.04724409448819 17.5748031496063 1965.

76.25196850393701 99.77952755905511 58.110236220472444 15.307086614173228 Vernissage
122.1732283464567 99.77952755905511 24.944881889763778 15.307086614173228 le
134.64566929133858 99.77952755905511 49.889763779527556 15.307086614173228 vendredi
172.06299212598427 99.77952755905511 24.944881889763778 15.307086614173228 24
184.53543307086613 99.77952755905511 54.14173228346457 15.307086614173228 septembre
226.20472440944883 99.77952755905511 24.944881889763778 15.307086614173228 de
238.6771653543307 99.77952755905511 24.944881889763778 15.307086614173228 17
251.1496062992126 99.77952755905511 20.69291338582677 15.307086614173228 à
259.37007874015745 99.77952755905511 24.944881889763778 15.307086614173228 20
267.59055118110234 99.77952755905511 16.724409448818896 15.307086614173228 h.

60.09448818897638 109.98425196850394 30.89763779527559 20.125984251968504 Tous
79.65354330708661 109.98425196850394 27.212598425196852 20.125984251968504 les
94.96062992125984 109.98425196850394 34.86614173228347 20.125984251968504 jours
118.20472440944881 109.98425196850394 30.89763779527559 20.125984251968504 sauf
137.48031496062993 109.98425196850394 23.244094488188978 20.125984251968504 le
149.10236220472441 109.98425196850394 38.83464566929134 20.125984251968504 samedi
176.31496062992127 109.98425196850394 23.244094488188978 20.125984251968504 et
187.93700787401573 109.98425196850394 23.244094488188978 20.125984251968504 le
199.55905511811022 109.98425196850394 46.488188976377955 20.125984251968504 dimanche
234.4251968503937 109.98425196850394 23.244094488188978 20.125984251968504 de
246.04724409448818 109.98425196850394 23.244094488188978 20.125984251968504 10
257.6692913385827 109.98425196850394 19.275590551181104 20.125984251968504 h
265.3228346456693 109.98425196850394 19.275590551181104 20.125984251968504 à
272.9763779527559 109.98425196850394 23.244094488188978 20.125984251968504 19
280.62992125984255 109.98425196850394 15.590551181102363 20.125984251968504 h.

84.4724409448819 139.748031496063 47.90551181102362 14.740157480314961 PRIX
118.20472440944881 139.748031496063 52.724409448818896 14.740157480314961 LEFRANC
156.4724409448819 139.748031496063 28.913385826771652 14.740157480314961 DE
170.9291338582677 139.748031496063 28.913385826771652 14.740157480314961 LA
185.10236220472441 139.748031496063 43.08661417322835 14.740157480314961 JEUNE
209.1968503937008 139.748031496063 67.18110236220473 14.740157480314961 PEINTURE

51.874015748031496 157.88976377952756 26.64566929133858 18.141732283464567 Ce
65.19685039370079 157.88976377952756 35.71653543307087 18.141732283464567 prix
87.59055118110236 157.88976377952756 31.181102362204726 18.141732283464567 est
105.44881889763779 157.88976377952756 49.039370078740156 18.141732283464567 décerné
140.88188976377953 157.88976377952756 71.14960629921259 18.141732283464567 annuellement
198.70866141732284 157.88976377952756 31.181102362204726 18.141732283464567 par
216.56692913385828 157.88976377952756 26.64566929133858 18.141732283464567 un
229.88976377952756 157.88976377952756 35.71653543307087 18.141732283464567 jury
252.0 157.88976377952756 49.039370078740156 18.141732283464567 composé
283.18110236220474 157.88976377952756 17.858267716535433 18.141732283464567 de

51.874015748031496 170.9291338582677 48.188976377952756 14.740157480314961 peintres
87.8740157480315 170.9291338582677 24.094488188976378 14.740157480314961 et
100.06299212598425 170.9291338582677 28.062992125984252 14.740157480314961 est
115.93700787401575 170.9291338582677 40.25196850393701 14.740157480314961 ouvert
144.28346456692913 170.9291338582677 20.125984251968504 14.740157480314961 à
152.2204724409449 170.9291338582677 32.031496062992126 14.740157480314961 tous
172.3464566929134 170.9291338582677 28.062992125984252 14.740157480314961 les
188.2204724409449 170.9291338582677 40.25196850393701 14.740157480314961 jeunes
216.56692913385828 170.9291338582677 48.188976377952756 14.740157480314961 artistes
252.56692913385828 170.9291338582677 48.188976377952756 14.740157480314961 résidant
284.59842519685037 170.9291338582677 16.15748031496063 14.740157480314961 en

52.44094488188976 180.0 43.93700787401575 14.173228346456693 France,
84.4724409448819 180.0 24.094488188976378 14.173228346456693 ou
96.37795275590551 180.0 36.0 14.173228346456693 ayant
120.4724409448819 180.0 24.094488188976378 14.173228346456693 un
132.3779527559055 180.0 68.03149606299213 14.173228346456693 correspondant
188.50393700787401 180.0 24.094488188976378 14.173228346456693 en
200.69291338582678 180.0 43.93700787401575 14.173228346456693 France,
232.7244094488189 180.0 24.094488188976378 14.173228346456693 et
244.62992125984252 180.0 32.031496062992126 14.173228346456693 âgés
264.755905511811 180.0 24.094488188976378 14.173228346456693 de
272.6929133858268 180.0 28.062992125984252 14.173228346456693 moins

50.45669291338583 188.2204724409449 27.496062992125985 15.307086614173228 de
64.06299212598425 188.2204724409449 27.496062992125985 15.307086614173228 30
73.13385826771653 188.2204724409449 27.496062992125985 15.307086614173228 ans.

52.724409448818896 201.82677165354332 37.7007874015748 13.88976377952756 C’est
77.95275590551181 201.82677165354332 33.732283464566926 13.88976377952756 donc
98.92913385826772 201.82677165354332 29.480314960629922 13.88976377952756 une
115.93700787401575 201.82677165354332 71.43307086614173 13.88976377952756 manifestation
174.61417322834646 201.82677165354332 33.732283464566926 13.88976377952756 mise
195.59055118110237 201.82677165354332 25.228346456692915 13.88976377952756 au
208.3464566929134 201.82677165354332 37.7007874015748 13.88976377952756 point
233.5748031496063 201.82677165354332 33.732283464566926 13.88976377952756 pour
254.5511811023622 201.82677165354332 29.480314960629922 13.88976377952756 les
267.0236220472441 201.82677165354332 33.732283464566926 13.88976377952756 jeunes

52.724409448818896 212.31496062992127 44.503937007874015 16.15748031496063 peintres
86.1732283464567 212.31496062992127 22.11023622047244 16.15748031496063 et
97.22834645669292 212.31496062992127 44.503937007874015 16.15748031496063 réalisée
130.6771653543307 212.31496062992127 29.763779527559056 16.15748031496063 avec
149.10236220472441 212.31496062992127 29.763779527559056 16.15748031496063 leur
167.5275590551181 212.31496062992127 62.92913385826772 16.15748031496063 collaboration
219.4015748031496 212.31496062992127 26.078740157480315 16.15748031496063 qui
234.4251968503937 212.31496062992127 48.188976377952756 16.15748031496063 s’inscrit
267.59055118110234 212.31496062992127 33.44881889763779 16.15748031496063 parfai-

51.59055118110236 222.51968503937007 41.669291338582674 14.173228346456693 tement
80.78740157480316 222.51968503937007 33.16535433070866 14.173228346456693 dans
101.48031496062993 222.51968503937007 24.944881889763778 14.173228346456693 le
113.95275590551181 222.51968503937007 37.41732283464567 14.173228346456693 cadre
138.89763779527559 222.51968503937007 24.944881889763778 14.173228346456693 de
151.37007874015748 222.51968503937007 24.944881889763778 14.173228346456693 la
163.84251968503938 222.51968503937007 49.889763779527556 14.173228346456693 Biennale
201.25984251968504 222.51968503937007 24.944881889763778 14.173228346456693 de
209.76377952755905 222.51968503937007 33.16535433070866 14.173228346456693 Paris.

52.15748031496063 235.2755905511811 24.094488188976378 12.472440944881889 Ce
64.06299212598425 235.2755905511811 32.031496062992126 12.472440944881889 prix
84.18897637795276 235.2755905511811 20.125984251968504 12.472440944881889 a
92.1259842519685 235.2755905511811 28.062992125984252 12.472440944881889 été
108.28346456692914 235.2755905511811 48.188976377952756 12.472440944881889 décerné,
144.28346456692913 235.2755905511811 36.0 12.472440944881889 cette
168.3779527559055 235.2755905511811 39.968503937007874 12.472440944881889 année,
196.44094488188978 235.2755905511811 32.031496062992126 12.472440944881889 pour
216.28346456692913 235.2755905511811 24.094488188976378 12.472440944881889 la
228.4724409448819 235.2755905511811 52.15748031496063 12.472440944881889 quatrième
268.4409448818898 235.2755905511811 32.031496062992126 12.472440944881889 fois
284.31496062992125 235.2755905511811 16.15748031496063 12.472440944881889 et

51.874015748031496 243.49606299212599 37.13385826771653 13.606299212598426 parmi
76.81889763779527 243.49606299212599 28.913385826771652 13.606299212598426 les
93.25984251968504 243.49606299212599 66.33070866141732 13.606299212598426 participants
147.11811023622047 243.49606299212599 24.944881889763778 13.606299212598426 un
159.59055118110237 243.49606299212599 45.63779527559055 13.606299212598426 certain
192.75590551181102 243.49606299212599 41.38582677165354 13.606299212598426 nombre
221.66929133858267 243.49606299212599 58.110236220472444 13.606299212598426 d’artistes
267.3070866141732 243.49606299212599 28.913385826771652 13.606299212598426 ont
279.7795275590551 243.49606299212599 20.69291338582677 13.606299212598426 été

51.023622047244096 255.4015748031496 61.511811023622045 13.32283464566929 sélectionnés
101.19685039370079 255.4015748031496 26.929133858267715 13.32283464566929 par
116.50393700787401 255.4015748031496 22.96062992125984 13.32283464566929 le
127.84251968503936 255.4015748031496 30.614173228346456 13.32283464566929 jury
147.11811023622047 255.4015748031496 22.96062992125984 13.32283464566929 de
158.74015748031496 255.4015748031496 22.96062992125984 13.32283464566929 la
170.07874015748033 255.4015748031496 46.20472440944882 13.32283464566929 Biennale
204.66141732283464 255.4015748031496 22.96062992125984 13.32283464566929 de
216.28346456692913 255.4015748031496 34.58267716535433 13.32283464566929 Paris
239.24409448818898 255.4015748031496 22.96062992125984 13.32283464566929 et
250.86614173228347 255.4015748031496 22.96062992125984 13.32283464566929 en
262.48818897637796 255.4015748031496 30.614173228346456 13.32283464566929 font
277.79527559055117 255.4015748031496 22.96062992125984 13.32283464566929 donc

46.77165354330709 262.20472440944883 36.0 12.472440944881889 partie.

51.874015748031496 274.3937007874016 62.92913385826772 15.307086614173228 L’exposition
103.18110236220473 274.3937007874016 27.496062992125985 15.307086614173228 qui
118.77165354330708 274.3937007874016 19.559055118110237 15.307086614173228 a
126.70866141732283 274.3937007874016 31.46456692913386 15.307086614173228 lieu
146.26771653543307 274.3937007874016 19.559055118110237 15.307086614173228 à
154.20472440944883 274.3937007874016 23.52755905511811 15.307086614173228 la
166.11023622047244 274.3937007874016 39.40157480314961 15.307086614173228 Maison
193.60629921259843 274.3937007874016 27.496062992125985 15.307086614173228 des
209.48031496062993 274.3937007874016 54.99212598425197 15.307086614173228 Beaux-Arts
252.56692913385828 274.3937007874016 47.338582677165356 15.307086614173228 présente
284.0314960629921 274.3937007874016 15.874015748031496 15.307086614173228 au

51.874015748031496 287.43307086614175 37.13385826771653 12.472440944881889 public
77.95275590551181 287.43307086614175 22.393700787401574 12.472440944881889 le
89.00787401574803 287.43307086614175 40.818897637795274 12.472440944881889 lauréat
118.77165354330708 287.43307086614175 22.393700787401574 12.472440944881889 et
129.82677165354332 287.43307086614175 26.078740157480315 12.472440944881889 les
144.56692913385828 287.43307086614175 29.763779527559056 12.472440944881889 cinq
163.2755905511811 287.43307086614175 59.24409448818898 12.472440944881889 sélectionnés
211.46456692913387 287.43307086614175 26.078740157480315 12.472440944881889 qui
226.20472440944883 287.43307086614175 26.078740157480315 12.472440944881889 ont
241.22834645669292 287.43307086614175 48.188976377952756 12.472440944881889 bénéficié
274.3937007874016 287.43307086614175 26.078740157480315 12.472440944881889 d’une

51.023622047244096 295.93700787401576 60.37795275590551 14.456692913385826 récompense
98.36220472440945 295.93700787401576 25.79527559055118 14.456692913385826 au
111.4015748031496 295.93700787401576 47.338582677165356 14.456692913385826 dernier
145.70078740157481 295.93700787401576 34.58267716535433 14.456692913385826 prix
162.99212598425197 295.93700787401576 43.08661417322835 14.456692913385826 Lefranc.

135.21259842519686 387.21259842519686 50.74015748031496 13.32283464566929 MUSEE
168.9448818897638 387.21259842519686 59.24409448818898 13.32283464566929 GALLIERA

56.69291338582677 397.4173228346457 28.913385826771652 13.606299212598426 10,
73.41732283464567 397.4173228346457 41.10236220472441 13.606299212598426 avenue
102.04724409448819 397.4173228346457 102.89763779527559 13.606299212598426 Pierre-Ter-de-Serbie,
192.4724409448819 397.4173228346457 37.13385826771653 13.606299212598426 Paris
217.13385826771653 397.4173228346457 41.10236220472441 13.606299212598426 (16e)-
246.04724409448818 397.4173228346457 32.881889763779526 13.606299212598426 PAS.
262.48818897637796 397.4173228346457 32.881889763779526 13.606299212598426 96

78.23622047244095 411.3070866141732 60.09448818897638 13.32283464566929 Exposition
125.29133858267717 411.3070866141732 25.79527559055118 13.32283464566929 du
138.33070866141733 411.3070866141732 25.79527559055118 13.32283464566929 10
151.08661417322836 411.3070866141732 55.84251968503937 13.32283464566929 septembre
193.88976377952756 411.3070866141732 25.79527559055118 13.32283464566929 au
206.9291338582677 411.3070866141732 25.79527559055118 13.32283464566929 14
219.68503937007873 411.3070866141732 47.05511811023622 13.32283464566929 octobre
249.73228346456693 411.3070866141732 30.04724409448819 13.32283464566929 1965.

84.18897637795276 424.06299212598424 57.826771653543304 16.15748031496063 Vernissage
129.82677165354332 424.06299212598424 24.661417322834644 16.15748031496063 le
142.01574803149606 424.06299212598424 37.13385826771653 16.15748031496063 jeudi
166.96062992125985 424.06299212598424 20.69291338582677 16.15748031496063 9
175.1811023622047 424.06299212598424 53.574803149606296 16.15748031496063 septembre
216.28346456692913 424.06299212598424 24.661417322834644 16.15748031496063 de
228.75590551181102 424.06299212598424 24.661417322834644 16.15748031496063 17
241.22834645669292 424.06299212598424 20.69291338582677 16.15748031496063 à
249.4488188976378 424.06299212598424 24.661417322834644 16.15748031496063 21
257.6692913385827 424.06299212598424 16.440944881889763 16.15748031496063 h.

86.45669291338582 437.1023622047244 32.031496062992126 16.440944881889763 Tous
106.58267716535433 437.1023622047244 28.062992125984252 16.440944881889763 les
122.45669291338582 437.1023622047244 36.28346456692913 16.440944881889763 jours
146.5511811023622 437.1023622047244 32.031496062992126 16.440944881889763 sauf
166.6771653543307 437.1023622047244 24.094488188976378 16.440944881889763 le
178.86614173228347 437.1023622047244 40.25196850393701 16.440944881889763 mardi,
206.9291338582677 437.1023622047244 24.094488188976378 16.440944881889763 de
219.11811023622047 437.1023622047244 24.094488188976378 16.440944881889763 10
231.0236220472441 437.1023622047244 20.125984251968504 16.440944881889763 h
239.24409448818898 437.1023622047244 20.125984251968504 16.440944881889763 à
247.1811023622047 437.1023622047244 24.094488188976378 16.440944881889763 18
255.11811023622047 437.1023622047244 16.15748031496063 16.440944881889763 h.

120.4724409448819 461.1968503937008 81.07086614173228 14.740157480314961 "PROMESSES
182.5511811023622 461.1968503937008 62.07874015748032 14.740157480314961 TENUES"

110.26771653543307 474.5196850393701 42.51968503937008 14.173228346456693 Œuvres
140.03149606299212 474.5196850393701 59.52755905511811 14.173228346456693 d’artistes
186.51968503937007 474.5196850393701 25.511811023622048 14.173228346456693 de
199.2755905511811 474.5196850393701 25.511811023622048 14.173228346456693 36
212.03149606299212 474.5196850393701 21.25984251968504 14.173228346456693 à
220.53543307086613 474.5196850393701 25.511811023622048 14.173228346456693 50
229.03937007874015 474.5196850393701 21.25984251968504 14.173228346456693 ans

113.10236220472441 486.70866141732284 58.960629921259844 12.755905511811024 travaillant
160.15748031496062 486.70866141732284 62.92913385826772 12.755905511811024 actuellement
211.1811023622047 486.70866141732284 19.559055118110237 12.755905511811024 à
215.1496062992126 486.70866141732284 31.46456692913386 12.755905511811024 Paris.

49.60629921259842 504.8503937007874 30.614173228346456 11.905511811023622 La
68.88188976377953 504.8503937007874 45.92125984251968 11.905511811023622 Biennale
103.46456692913385 504.8503937007874 22.96062992125984 11.905511811023622 de
115.08661417322834 504.8503937007874 34.58267716535433 11.905511811023622 Paris
138.04724409448818 504.8503937007874 34.58267716535433 11.905511811023622 étant
161.00787401574803 504.8503937007874 26.929133858267715 11.905511811023622 par
176.31496062992127 504.8503937007874 53.574803149606296 11.905511811023622 définition
218.5511811023622 504.8503937007874 45.92125984251968 11.905511811023622 réservée
253.13385826771653 504.8503937007874 19.275590551181104 11.905511811023622 à
260.78740157480314 504.8503937007874 22.96062992125984 11.905511811023622 de
268.4409448818898 504.8503937007874 30.614173228346456 11.905511811023622 jeunes

49.039370078740156 516.1889763779527 48.47244094488189 11.338582677165354 artistes
85.32283464566929 516.1889763779527 24.094488188976378 11.338582677165354 de
97.22834645669292 516.1889763779527 24.094488188976378 11.338582677165354 20
109.41732283464567 516.1889763779527 20.125984251968504 11.338582677165354 à
117.35433070866142 516.1889763779527 24.094488188976378 11.338582677165354 35
129.54330708661416 516.1889763779527 32.31496062992126 11.338582677165354 ans,
149.66929133858267 516.1889763779527 64.34645669291339 11.338582677165354 l’Exposition
202.11023622047244 516.1889763779527 24.094488188976378 11.338582677165354 du
214.29921259842519 516.1889763779527 36.28346456692913 11.338582677165354 Musée
238.39370078740157 516.1889763779527 52.44094488188976 11.338582677165354 Galliera,
274.6771653543307 516.1889763779527 24.094488188976378 11.338582677165354 sans

49.039370078740156 527.2440944881889 34.58267716535433 9.921259842519685 avoir
72.28346456692914 527.2440944881889 22.96062992125984 9.921259842519685 la
83.62204724409449 527.2440944881889 53.574803149606296 9.921259842519685 prétention
125.85826771653544 527.2440944881889 22.96062992125984 9.921259842519685 de
137.48031496062993 527.2440944881889 49.889763779527556 9.921259842519685 compléter
175.748031496063 527.2440944881889 22.96062992125984 9.921259842519685 de
187.37007874015748 527.2440944881889 34.58267716535433 9.921259842519685 façon
210.33070866141733 527.2440944881889 38.267716535433074 9.921259842519685 totale
237.25984251968504 527.2440944881889 22.96062992125984 9.921259842519685 ce
248.5984251968504 527.2440944881889 34.58267716535433 9.921259842519685 choix
267.87401574803147 527.2440944881889 30.614173228346456 9.921259842519685 inter-

49.039370078740156 535.1811023622047 52.44094488188976 10.771653543307087 national,
89.29133858267717 535.1811023622047 40.25196850393701 10.771653543307087 permet
117.35433070866142 535.1811023622047 52.44094488188976 10.771653543307087 néanmoins
157.88976377952756 535.1811023622047 24.094488188976378 10.771653543307087 de
169.79527559055117 535.1811023622047 36.28346456692913 10.771653543307087 jeter
193.88976377952756 535.1811023622047 24.094488188976378 10.771653543307087 un
206.07874015748033 535.1811023622047 40.25196850393701 10.771653543307087 regard
234.4251968503937 535.1811023622047 28.062992125984252 10.771653543307087 sur
246.33070866141733 535.1811023622047 52.44094488188976 10.771653543307087 l’évolution

48.75590551181102 544.2519685039371 54.70866141732284 11.338582677165354 d’artistes
91.84251968503936 544.2519685039371 54.70866141732284 11.338582677165354 atteignant
134.9291338582677 544.2519685039371 31.181102362204726 11.338582677165354 leur
154.48818897637796 544.2519685039371 39.118110236220474 11.338582677165354 pleine
181.98425196850394 544.2519685039371 51.023622047244096 11.338582677165354 maturité.
221.10236220472441 544.2519685039371 23.52755905511811 11.338582677165354 Et
232.7244094488189 544.2519685039371 23.52755905511811 11.338582677165354 ce
244.62992125984252 544.2519685039371 35.1496062992126 11.338582677165354 n’est
268.15748031496065 544.2519685039371 27.496062992125985 11.338582677165354 pas
279.7795275590551 544.2519685039371 19.559055118110237 11.338582677165354 par

49.32283464566929 553.8897637795276 38.267716535433074 9.921259842519685 hasard
76.25196850393701 553.8897637795276 22.96062992125984 9.921259842519685 si
87.8740157480315 553.8897637795276 34.58267716535433 9.921259842519685 notre
110.83464566929133 553.8897637795276 34.58267716535433 9.921259842519685 choix
133.79527559055117 553.8897637795276 34.58267716535433 9.921259842519685 s’est
157.03937007874015 553.8897637795276 42.23622047244095 9.921259842519685 souvent
187.6535433070866 553.8897637795276 34.58267716535433 9.921259842519685 porté
210.61417322834646 553.8897637795276 26.929133858267715 9.921259842519685 sur
226.20472440944883 553.8897637795276 49.889763779527556 9.921259842519685 d’anciens
260.78740157480314 553.8897637795276 38.267716535433074 9.921259842519685 lauréats

49.039370078740156 563.5275590551181 23.52755905511811 10.204724409448819 de
60.94488188976378 563.5275590551181 23.52755905511811 10.204724409448819 la
72.56692913385827 563.5275590551181 46.77165354330709 10.204724409448819 Biennale
107.71653543307086 563.5275590551181 27.212598425196852 10.204724409448819 qui
123.30708661417323 563.5275590551181 23.52755905511811 10.204724409448819 ne
134.9291338582677 563.5275590551181 43.08661417322835 10.204724409448819 peuvent
166.39370078740157 563.5275590551181 31.181102362204726 10.204724409448819 plus
185.66929133858267 563.5275590551181 19.559055118110237 10.204724409448819 y
193.60629921259843 563.5275590551181 43.08661417322835 10.204724409448819 exposer
224.78740157480314 563.5275590551181 31.181102362204726 10.204724409448819 pour
244.3464566929134 563.5275590551181 27.212598425196852 10.204724409448819 des
255.96850393700788 563.5275590551181 43.08661417322835 10.204724409448819 questions

49.32283464566929 572.8818897637796 22.96062992125984 11.338582677165354 de
60.94488188976378 572.8818897637796 38.55118110236221 11.338582677165354 limite
87.8740157480315 572.8818897637796 34.58267716535433 11.338582677165354 d’âge
111.11811023622047 572.8818897637796 30.89763779527559 11.338582677165354 mais
130.39370078740157 572.8818897637796 30.89763779527559 11.338582677165354 dont
149.38582677165354 572.8818897637796 42.23622047244095 11.338582677165354 l’œuvre
180.28346456692913 572.8818897637796 30.89763779527559 11.338582677165354 n'’a
199.55905511811022 572.8818897637796 30.89763779527559 11.338582677165354 fait
218.83464566929135 572.8818897637796 38.55118110236221 11.338582677165354 depuis
245.76377952755905 572.8818897637796 26.929133858267715 11.338582677165354 ces
257.38582677165357 572.8818897637796 42.23622047244095 11.338582677165354 dernières

49.60629921259842 583.9370078740158 40.25196850393701 13.606299212598426 années
77.66929133858268 583.9370078740158 28.062992125984252 13.606299212598426 que
93.8267716535433 583.9370078740158 24.094488188976378 13.606299212598426 se
105.73228346456693 583.9370078740158 56.125984251968504 13.606299212598426 développer
149.95275590551182 583.9370078740158 24.094488188976378 13.606299212598426 et
162.14173228346456 583.9370078740158 24.094488188976378 13.606299212598426 se
170.07874015748033 583.9370078740158 48.188976377952756 13.606299212598426 fortifier.

49.32283464566929 594.1417322834645 33.732283464566926 11.05511811023622 Nous
70.58267716535433 594.1417322834645 37.98425196850393 11.05511811023622 avons
95.81102362204724 594.1417322834645 37.98425196850393 11.05511811023622 voulu
121.03937007874016 594.1417322834645 54.99212598425197 11.05511811023622 également
163.2755905511811 594.1417322834645 46.488188976377955 11.05511811023622 limiter
197.00787401574803 594.1417322834645 37.98425196850393 11.05511811023622 cette
222.51968503937007 594.1417322834645 71.71653543307086 11.05511811023622 confrontation
277.51181102362204 594.1417322834645 20.976377952755904 11.05511811023622 aux

49.32283464566929 605.7637795275591 44.78740157480315 12.472440944881889 artistes
82.77165354330708 605.7637795275591 44.78740157480315 12.472440944881889 habitant
116.50393700787401 605.7637795275591 59.52755905511811 12.472440944881889 actuellement
164.9763779527559 605.7637795275591 37.41732283464567 12.472440944881889 Paris,
191.0551181102362 605.7637795275591 29.763779527559056 12.472440944881889 bien
209.48031496062993 605.7637795275591 26.078740157480315 12.472440944881889 que
224.50393700787401 605.7637795275591 22.393700787401574 12.472440944881889 la
235.55905511811022 605.7637795275591 41.10236220472441 12.472440944881889 plupart
261.6377952755906 605.7637795275591 37.41732283464567 12.472440944881889 viennent

49.039370078740156 615.1181102362204 58.39370078740158 14.740157480314961 d’horizons
94.96062992125984 615.1181102362204 70.86614173228347 14.740157480314961 géographiques
153.0708661417323 615.1181102362204 29.19685039370079 14.740157480314961 les
169.79527559055117 615.1181102362204 33.16535433070866 14.740157480314961 plus
186.51968503937007 615.1181102362204 37.41732283464567 14.740157480314961 divers.

44.22047244094488 630.1417322834645 24.944881889763778 12.755905511811024 202
