307.84251968503935 659.0551181102362
39.40157480314961 45.63779527559055 30.614173228346456 14.456692913385826 La
54.70866141732284 45.63779527559055 86.74015748031496 14.456692913385826 collaboration
126.14173228346456 45.63779527559055 30.614173228346456 14.456692913385826 de
141.4488188976378 45.63779527559055 71.43307086614173 14.456692913385826 l’Institut
197.85826771653544 45.63779527559055 86.74015748031496 14.456692913385826 International
264.18897637795277 45.63779527559055 20.409448818897637 14.456692913385826 du

26.078740157480315 55.84251968503937 56.976377952755904 13.88976377952756 Théâtre
67.46456692913385 55.84251968503937 41.38582677165354 13.88976377952756 nous
93.25984251968504 55.84251968503937 25.79527559055118 13.88976377952756 a
103.74803149606299 55.84251968503937 36.28346456692913 13.88976377952756 été
124.44094488188976 55.84251968503937 103.74803149606299 13.88976377952756 particulièrement
212.5984251968504 55.84251968503937 62.07874015748032 13.88976377952756 efficace
253.98425196850394 55.84251968503937 31.181102362204726 13.88976377952756 pour

26.362204724409448 67.46456692913385 31.748031496062993 12.472440944881889 la
42.23622047244095 67.46456692913385 73.7007874015748 12.472440944881889 propagande
100.34645669291339 67.46456692913385 31.748031496062993 12.472440944881889 et
116.22047244094489 67.46456692913385 94.96062992125984 12.472440944881889 l’organisation
195.30708661417322 67.46456692913385 31.748031496062993 12.472440944881889 de
211.1811023622047 67.46456692913385 31.748031496062993 12.472440944881889 la
226.77165354330708 67.46456692913385 58.110236220472444 12.472440944881889 section
263.90551181102364 67.46456692913385 20.976377952755904 12.472440944881889 de

27.212598425196852 77.38582677165354 71.71653543307086 15.023622047244094 Décoration
78.23622047244095 77.38582677165354 61.511811023622045 15.023622047244094 Théâtrale.

40.818897637795274 90.70866141732283 30.614173228346456 13.039370078740157 Par
58.110236220472444 90.70866141732283 56.69291338582677 13.039370078740157 ailleurs,
101.76377952755905 90.70866141732283 30.614173228346456 13.039370078740157 les
119.33858267716535 90.70866141732283 39.40157480314961 13.039370078740157 films
145.70078740157481 90.70866141732283 30.614173228346456 13.039370078740157 sur
162.99212598425197 90.70866141732283 43.653543307086615 13.039370078740157 l’art,
193.60629921259843 90.70866141732283 30.614173228346456 13.039370078740157 les
211.1811023622047 90.70866141732283 39.40157480314961 13.039370078740157 films
233.00787401574803 90.70866141732283 52.44094488188976 13.039370078740157 expérimen-

26.64566929133858 101.76377952755905 39.68503937007874 13.88976377952756 taux
51.59055118110236 101.76377952755905 29.763779527559056 13.88976377952756 et
66.61417322834646 101.76377952755905 34.86614173228347 13.88976377952756 les
86.45669291338582 101.76377952755905 69.73228346456693 13.88976377952756 spectacles
141.16535433070865 101.76377952755905 34.86614173228347 13.88976377952756 qui
161.00787401574803 101.76377952755905 54.70866141732284 13.88976377952756 avaient
200.9763779527559 101.76377952755905 59.811023622047244 13.88976377952756 commencé
245.76377952755905 101.76377952755905 24.944881889763778 13.88976377952756 à
250.58267716535434 101.76377952755905 34.86614173228347 13.88976377952756 s’in-

26.929133858267715 114.51968503937007 46.488188976377955 12.188976377952756 sérer
57.826771653543304 114.51968503937007 41.38582677165354 12.188976377952756 dans
83.90551181102362 114.51968503937007 36.28346456692913 12.188976377952756 nos
104.5984251968504 114.51968503937007 72.56692913385827 12.188976377952756 programmes
161.5748031496063 114.51968503937007 41.38582677165354 12.188976377952756 lors
187.37007874015748 114.51968503937007 36.28346456692913 12.188976377952756 des
208.06299212598427 114.51968503937007 67.18110236220473 12.188976377952756 Biennales
254.5511811023622 114.51968503937007 31.181102362204726 12.188976377952756 pré-

27.77952755905512 125.5748031496063 60.94488188976378 13.039370078740157 cédentes,
74.83464566929133 125.5748031496063 65.76377952755905 13.039370078740157 s’imposent
126.4251968503937 125.5748031496063 42.23622047244095 13.039370078740157 cette
154.48818897637796 125.5748031496063 51.59055118110236 13.039370078740157 fois-ci
192.18897637795277 125.5748031496063 37.41732283464567 13.039370078740157 avec
215.71653543307087 125.5748031496063 37.41732283464567 13.039370078740157 plus
238.96062992125985 125.5748031496063 28.062992125984252 13.039370078740157 de
248.5984251968504 125.5748031496063 37.41732283464567 13.039370078740157 certi

20.69291338582677 136.3464566929134 38.55118110236221 13.32283464566929 tude.

40.818897637795274 143.71653543307087 47.05511811023622 18.4251968503937 Grâce
72.0 143.71653543307087 31.181102362204726 18.4251968503937 au
87.59055118110236 143.71653543307087 73.13385826771653 18.4251968503937 calendrier
145.13385826771653 143.71653543307087 78.23622047244095 18.4251968503937 extrêmement
207.7795275590551 143.71653543307087 47.05511811023622 18.4251968503937 varié
238.96062992125985 143.71653543307087 36.56692913385827 18.4251968503937 qui
259.93700787401576 143.71653543307087 26.078740157480315 18.4251968503937 a
265.03937007874015 143.71653543307087 20.976377952755904 18.4251968503937 pu

28.346456692913385 158.45669291338584 35.1496062992126 13.606299212598426 être
50.173228346456696 158.45669291338584 48.188976377952756 13.606299212598426 établi,
85.32283464566929 158.45669291338584 30.614173228346456 13.606299212598426 ces
102.89763779527559 158.45669291338584 65.76377952755905 13.606299212598426 différentes
155.6220472440945 158.45669291338584 65.76377952755905 13.606299212598426 disciplines
208.06299212598427 158.45669291338584 65.76377952755905 13.606299212598426 artistiques
256.53543307086613 158.45669291338584 30.614173228346456 13.606299212598426 n’ont

28.346456692913385 171.7795275590551 38.267716535433074 11.905511811023622 plus
52.44094488188976 171.7795275590551 28.62992125984252 11.905511811023622 du
66.61417322834646 171.7795275590551 38.267716535433074 11.905511811023622 tout
90.70866141732283 171.7795275590551 28.62992125984252 11.905511811023622 un
104.88188976377953 171.7795275590551 62.36220472440945 11.905511811023622 caractère
152.78740157480314 171.7795275590551 71.71653543307086 11.905511811023622 accessoire,
210.33070866141733 171.7795275590551 38.267716535433074 11.905511811023622 mais
229.3228346456693 171.7795275590551 57.54330708661417 11.905511811023622 deviennent

28.062992125984252 179.1496062992126 31.181102362204726 13.606299212598426 au
43.653543307086615 179.1496062992126 67.18110236220473 13.606299212598426 contraire
95.24409448818898 179.1496062992126 31.181102362204726 13.606299212598426 de
110.83464566929133 179.1496062992126 72.56692913385827 13.606299212598426 véritables
167.81102362204723 179.1496062992126 93.25984251968504 13.606299212598426 démonstrations
240.3779527559055 179.1496062992126 46.488188976377955 13.606299212598426 suscep-

27.496062992125985 191.6220472440945 49.889763779527556 13.039370078740157 tibles
62.645669291338585 191.6220472440945 30.04724409448819 13.039370078740157 de
77.38582677165354 191.6220472440945 64.91338582677166 13.039370078740157 permettre
127.55905511811024 191.6220472440945 30.04724409448819 13.039370078740157 la
142.29921259842519 191.6220472440945 39.968503937007874 13.039370078740157 mise
167.24409448818898 191.6220472440945 30.04724409448819 13.039370078740157 en
182.26771653543307 191.6220472440945 49.889763779527556 13.039370078740157 valeur
212.31496062992127 191.6220472440945 74.83464566929133 13.039370078740157 d’expériences

28.062992125984252 203.81102362204723 77.95275590551181 11.622047244094489 originales.
90.14173228346456 203.81102362204723 41.38582677165354 11.622047244094489 Dans
116.22047244094489 203.81102362204723 36.28346456692913 11.622047244094489 ces
136.91338582677164 203.81102362204723 77.95275590551181 11.622047244094489 programmes,
199.2755905511811 203.81102362204723 36.28346456692913 11.622047244094489 une
214.86614173228347 203.81102362204723 72.56692913385827 11.622047244094489 présentation

28.062992125984252 214.01574803149606 31.748031496062993 12.472440944881889 de
43.93700787401575 214.01574803149606 47.62204724409449 12.472440944881889 films
75.68503937007874 214.01574803149606 52.724409448818896 12.472440944881889 conçus
112.81889763779527 214.01574803149606 89.85826771653544 12.472440944881889 exclusivement
186.8031496062992 214.01574803149606 42.23622047244095 12.472440944881889 pour
213.16535433070865 214.01574803149606 31.748031496062993 12.472440944881889 la
223.6535433070866 214.01574803149606 63.496062992125985 12.472440944881889 télévision

28.62992125984252 221.10236220472441 45.63779527559055 15.590551181102363 étend
58.960629921259844 221.10236220472441 50.45669291338583 15.590551181102363 encore
94.39370078740157 221.10236220472441 30.330708661417322 15.590551181102363 le
109.7007874015748 221.10236220472441 45.63779527559055 15.590551181102363 champ
140.03149606299212 221.10236220472441 30.330708661417322 15.590551181102363 de
155.0551181102362 221.10236220472441 35.43307086614173 15.590551181102363 nos
170.36220472440945 221.10236220472441 85.88976377952756 15.590551181102363 investigations.

41.95275590551181 232.7244094488189 33.16535433070866 15.874015748031496 Par
60.94488188976378 232.7244094488189 61.511811023622045 15.874015748031496 ailleurs,
108.28346456692914 232.7244094488189 33.16535433070866 15.874015748031496 les
127.2755905511811 232.7244094488189 61.511811023622045 15.874015748031496 émissions
174.89763779527559 232.7244094488189 61.511811023622045 15.874015748031496 publiques
222.23622047244095 232.7244094488189 61.511811023622045 15.874015748031496 réalisées
264.755905511811 232.7244094488189 23.811023622047244 15.874015748031496 par

29.480314960629922 246.61417322834646 37.7007874015748 13.32283464566929 l’O.
53.29133858267716 246.61417322834646 28.346456692913385 13.32283464566929 R.
67.18110236220473 246.61417322834646 37.7007874015748 13.32283464566929 T.F.
90.99212598425197 246.61417322834646 28.346456692913385 13.32283464566929 et
104.88188976377953 246.61417322834646 66.04724409448819 13.32283464566929 consacrées
156.75590551181102 246.61417322834646 23.52755905511811 13.32283464566929 à
166.39370078740157 246.61417322834646 28.346456692913385 13.32283464566929 la
180.56692913385828 246.61417322834646 51.874015748031496 13.32283464566929 poésie,
218.26771653543307 246.61417322834646 23.52755905511811 13.32283464566929 à
227.6220472440945 246.61417322834646 28.346456692913385 13.32283464566929 la
236.9763779527559 246.61417322834646 51.874015748031496 13.32283464566929 recherche

30.89763779527559 258.8031496062992 38.83464566929134 13.039370078740157 (son
55.275590551181104 258.8031496062992 29.19685039370079 13.039370078740157 et
69.73228346456693 258.8031496062992 53.29133858267716 13.039370078740157 image),
108.56692913385827 258.8031496062992 34.01574803149607 13.039370078740157 aux
128.1259842519685 258.8031496062992 48.47244094488189 13.039370078740157 jeunes
162.14173228346456 258.8031496062992 68.03149606299213 13.039370078740157 virtuoses,
215.43307086614172 258.8031496062992 34.01574803149607 13.039370078740157 aux
234.99212598425197 258.8031496062992 58.39370078740158 13.039370078740157 lectures
273.8267716535433 258.8031496062992 14.456692913385826 13.039370078740157 à

29.763779527559056 268.15748031496065 32.881889763779526 15.023622047244094 une
48.75590551181102 268.15748031496065 42.51968503937008 15.023622047244094 voix,
77.10236220472441 268.15748031496065 28.346456692913385 15.023622047244094 au
90.99212598425197 268.15748031496065 51.874015748031496 15.023622047244094 cabaret
128.69291338582678 268.15748031496065 66.04724409448819 15.023622047244094 littéraire
180.56692913385828 268.15748031496065 28.346456692913385 15.023622047244094 et
194.74015748031496 268.15748031496065 28.346456692913385 15.023622047244094 au
208.91338582677164 268.15748031496065 42.51968503937008 15.023622047244094 jazz,
232.44094488188978 268.15748031496065 56.40944881889764 15.023622047244094 élargiront

29.480314960629922 280.34645669291336 51.874015748031496 12.188976377952756 encore
65.76377952755905 280.34645669291336 72.56692913385827 12.188976377952756 l’éventail
122.74015748031496 280.34645669291336 31.181102362204726 12.188976377952756 de
138.33070866141733 280.34645669291336 36.28346456692913 12.188976377952756 nos
159.0236220472441 280.34645669291336 98.64566929133858 12.188976377952756 manifestations.
242.07874015748033 280.34645669291336 36.28346456692913 12.188976377952756 Les
257.6692913385827 280.34645669291336 31.181102362204726 12.188976377952756 col-

29.480314960629922 289.98425196850394 56.125984251968504 13.32283464566929 loques,
70.2992125984252 289.98425196850394 40.818897637795274 13.32283464566929 pour
95.81102362204724 289.98425196850394 66.33070866141732 13.32283464566929 compléter
146.83464566929135 289.98425196850394 30.614173228346456 13.32283464566929 et
162.14173228346456 289.98425196850394 61.22834645669291 13.32283464566929 discuter
207.7795275590551 289.98425196850394 35.71653543307087 13.32283464566929 les
223.08661417322836 289.98425196850394 66.33070866141732 13.32283464566929 différentes

30.04724409448819 300.4724409448819 61.22834645669291 13.32283464566929 activités
77.38582677165354 300.4724409448819 28.346456692913385 13.32283464566929 de
91.55905511811024 300.4724409448819 28.346456692913385 13.32283464566929 la
105.73228346456693 300.4724409448819 61.22834645669291 13.32283464566929 Biennale,
152.78740157480314 300.4724409448819 66.04724409448819 13.32283464566929 s’ajoutent
204.66141732283464 300.4724409448819 23.52755905511811 13.32283464566929 à
214.29921259842519 300.4724409448819 33.16535433070866 13.32283464566929 cet
233.00787401574803 300.4724409448819 56.69291338582677 13.32283464566929 ensemble
270.70866141732284 300.4724409448819 18.992125984251967 13.32283464566929 de

30.04724409448819 312.9448818897638 88.15748031496064 11.622047244094489 confrontation
102.61417322834646 312.9448818897638 36.28346456692913 11.622047244094489 par
123.30708661417323 312.9448818897638 51.874015748031496 11.622047244094489 lequel
159.59055118110237 312.9448818897638 41.38582677165354 11.622047244094489 nous
185.38582677165354 312.9448818897638 62.07874015748032 11.622047244094489 espérons
232.15748031496062 312.9448818897638 56.976377952755904 11.622047244094489 établir
268.4409448818898 312.9448818897638 20.69291338582677 11.622047244094489 un

30.330708661417322 322.86614173228344 53.85826771653543 12.755905511811024 contact
69.44881889763779 322.86614173228344 49.039370078740156 12.755905511811024 direct
103.74803149606299 322.86614173228344 44.22047244094488 12.755905511811024 entre
133.22834645669292 322.86614173228344 29.480314960629922 12.755905511811024 le
147.96850393700788 322.86614173228344 49.039370078740156 12.755905511811024 public
182.26771653543307 322.86614173228344 44.22047244094488 12.755905511811024 avide
211.46456692913387 322.86614173228344 29.480314960629922 12.755905511811024 de
226.20472440944883 322.86614173228344 63.77952755905512 12.755905511811024 connaître
270.4251968503937 322.86614173228344 19.559055118110237 12.755905511811024 et

30.614173228346456 335.0551181102362 34.58267716535433 12.755905511811024 les
50.173228346456696 335.0551181102362 59.24409448818898 12.755905511811024 artistes
94.67716535433071 335.0551181102362 24.661417322834644 12.755905511811024 à
104.31496062992126 335.0551181102362 29.480314960629922 12.755905511811024 la
119.33858267716535 335.0551181102362 64.06299212598425 12.755905511811024 recherche
168.3779527559055 335.0551181102362 29.480314960629922 12.755905511811024 de
183.4015748031496 335.0551181102362 59.24409448818898 12.755905511811024 nouveaux
222.8031496062992 335.0551181102362 54.14173228346457 12.755905511811024 langages.

43.653543307086615 344.12598425196853 35.1496062992126 16.724409448818896 Nos
63.77952755905512 344.12598425196853 70.58267716535433 16.724409448818896 intentions
119.33858267716535 344.12598425196853 55.275590551181104 16.724409448818896 peuvent
159.59055118110237 344.12598425196853 60.37795275590551 16.724409448818896 paraître
204.66141732283464 344.12598425196853 40.25196850393701 16.724409448818896 fort
224.78740157480314 344.12598425196853 65.48031496062993 16.724409448818896 ambitieuses

30.89763779527559 356.59842519685037 29.480314960629922 13.32283464566929 et
45.63779527559055 356.59842519685037 29.480314960629922 13.32283464566929 ne
60.09448818897638 356.59842519685037 39.118110236220474 13.32283464566929 sont
84.75590551181102 356.59842519685037 73.41732283464567 13.32283464566929 acceptables
143.43307086614172 356.59842519685037 34.2992125984252 13.32283464566929 que
163.2755905511811 356.59842519685037 34.2992125984252 13.32283464566929 si,
182.83464566929135 356.59842519685037 83.33858267716535 13.32283464566929 parallèlement
251.43307086614172 356.59842519685037 24.37795275590551 13.32283464566929 à
256.251968503937 356.59842519685037 34.2992125984252 13.32283464566929 cette

30.89763779527559 369.6377952755906 63.77952755905512 11.622047244094489 ambition,
79.65354330708661 369.6377952755906 39.118110236220474 11.622047244094489 nous
104.31496062992126 369.6377952755906 43.93700787401575 11.622047244094489 avons
133.51181102362204 369.6377952755906 29.480314960629922 11.622047244094489 la
148.251968503937 369.6377952755906 58.67716535433071 11.622047244094489 modestie
192.4724409448819 369.6377952755906 29.480314960629922 11.622047244094489 de
206.9291338582677 369.6377952755906 49.039370078740156 11.622047244094489 savoir
241.22834645669292 369.6377952755906 39.118110236220474 11.622047244094489 que,
260.78740157480314 369.6377952755906 29.480314960629922 11.622047244094489 dans

31.46456692913386 380.6929133858268 34.2992125984252 12.188976377952756 les
51.023622047244096 380.6929133858268 73.41732283464567 12.188976377952756 expériences
109.7007874015748 380.6929133858268 68.5984251968504 12.188976377952756 proposées,
163.55905511811022 380.6929133858268 39.118110236220474 12.188976377952756 tout
187.93700787401573 380.6929133858268 29.480314960629922 12.188976377952756 ne
202.6771653543307 380.6929133858268 39.118110236220474 12.188976377952756 sera
227.33858267716536 380.6929133858268 34.2992125984252 12.188976377952756 pas
241.79527559055117 380.6929133858268 49.039370078740156 12.188976377952756 parfait,

31.181102362204726 391.46456692913387 49.889763779527556 13.039370078740157 qu’une
66.33070866141732 391.46456692913387 49.889763779527556 13.039370078740157 grande
101.19685039370079 391.46456692913387 44.78740157480315 13.039370078740157 marge
131.24409448818898 391.46456692913387 89.85826771653544 13.039370078740157 d’incertitudes
206.07874015748033 391.46456692913387 59.811023622047244 13.039370078740157 subsiste
250.86614173228347 391.46456692913387 30.04724409448819 13.039370078740157 et
260.78740157480314 391.46456692913387 30.04724409448819 13.039370078740157 que,

30.614173228346456 399.9685039370079 33.16535433070866 15.307086614173228 en
47.338582677165356 399.9685039370079 55.275590551181104 15.307086614173228 raison
86.1732283464567 399.9685039370079 44.22047244094488 15.307086614173228 même
113.95275590551181 399.9685039370079 33.16535433070866 15.307086614173228 du
130.39370078740157 399.9685039370079 72.0 15.307086614173228 caractère
185.95275590551182 399.9685039370079 88.7244094488189 15.307086614173228 expérimental
257.9527559055118 399.9685039370079 33.16535433070866 15.307086614173228 de
269.00787401574803 399.9685039370079 22.11023622047244 15.307086614173228 ce

31.181102362204726 409.3228346456693 37.98425196850393 15.874015748031496 que
52.724409448818896 409.3228346456693 43.37007874015748 15.874015748031496 nous
79.93700787401575 409.3228346456693 81.35433070866142 15.874015748031496 présentons,
145.13385826771653 409.3228346456693 54.14173228346457 15.874015748031496 toutes
182.83464566929135 409.3228346456693 37.98425196850393 15.874015748031496 les
204.66141732283464 409.3228346456693 86.74015748031496 15.874015748031496 propositions
269.5748031496063 409.3228346456693 21.826771653543307 15.874015748031496 ne

31.748031496062993 422.92913385826773 47.338582677165356 15.874015748031496 seront
64.91338582677166 422.92913385826773 33.16535433070866 15.874015748031496 pas
83.90551181102362 422.92913385826773 23.52755905511811 15.874015748031496 à
88.44094488188976 422.92913385826773 47.338582677165356 15.874015748031496 retenir.

45.07086614173228 436.251968503937 30.330708661417322 13.32283464566929 Le
60.37795275590551 436.251968503937 50.45669291338583 13.32283464566929 mérite
95.5275590551181 436.251968503937 35.1496062992126 13.32283464566929 est
115.65354330708661 436.251968503937 45.354330708661415 13.32283464566929 grand
145.98425196850394 436.251968503937 30.330708661417322 13.32283464566929 de
161.00787401574803 436.251968503937 40.25196850393701 13.32283464566929 ceux
186.23622047244095 436.251968503937 35.1496062992126 13.32283464566929 qui
206.36220472440945 436.251968503937 40.25196850393701 13.32283464566929 nous
226.48818897637796 436.251968503937 65.48031496062993 13.32283464566929 encouragent

32.031496062992126 446.45669291338584 31.181102362204726 13.606299212598426 et
47.62204724409449 446.45669291338584 41.669291338582674 13.606299212598426 nous
73.41732283464567 446.45669291338584 83.05511811023622 13.606299212598426 soutiennent,
141.16535433070865 446.45669291338584 31.181102362204726 13.606299212598426 et
156.75590551181102 446.45669291338584 31.181102362204726 13.606299212598426 de
172.06299212598427 446.45669291338584 41.669291338582674 13.606299212598426 ceux
198.14173228346456 446.45669291338584 36.28346456692913 13.606299212598426 qui
218.83464566929135 446.45669291338584 77.95275590551181 13.606299212598426 participent
276.09448818897636 446.45669291338584 15.590551181102363 13.606299212598426 à

32.59842519685039 456.9448818897638 63.77952755905512 15.590551181102363 l’épreuve
81.63779527559055 456.9448818897638 29.480314960629922 15.590551181102363 en
96.09448818897638 456.9448818897638 63.77952755905512 15.590551181102363 acceptant
145.13385826771653 456.9448818897638 44.22047244094488 15.590551181102363 cette
174.61417322834646 456.9448818897638 44.22047244094488 15.590551181102363 marge
204.09448818897638 456.9448818897638 88.15748031496064 15.590551181102363 d’incertitudes
272.6929133858268 456.9448818897638 19.559055118110237 15.590551181102363 et

32.881889763779526 469.4173228346457 27.77952755905512 13.606299212598426 en
46.77165354330709 469.4173228346457 60.09448818897638 13.606299212598426 admettant
92.97637795275591 469.4173228346457 23.244094488188978 13.606299212598426 à
102.33070866141732 469.4173228346457 46.20472440944882 13.606299212598426 priori
134.64566929133858 469.4173228346457 32.31496062992126 13.606299212598426 les
153.35433070866142 469.4173228346457 64.91338582677166 13.606299212598426 critiques,
204.09448818897638 469.4173228346457 41.669291338582674 13.606299212598426 voire
232.15748031496062 469.4173228346457 32.31496062992126 13.606299212598426 les
246.04724409448818 469.4173228346457 46.20472440944882 13.606299212598426 attaques

32.31496062992126 481.03937007874015 35.71653543307087 11.905511811023622 que
52.724409448818896 481.03937007874015 76.53543307086615 11.905511811023622 susciteront
113.95275590551181 481.03937007874015 35.71653543307087 11.905511811023622 nos
129.25984251968504 481.03937007874015 71.43307086614173 11.905511811023622 expériences.

44.503937007874015 491.244094488189 53.85826771653543 16.440944881889763 Telles
82.20472440944881 491.244094488189 43.08661417322835 16.440944881889763 sont
109.13385826771653 491.244094488189 37.7007874015748 16.440944881889763 nos
130.96062992125985 491.244094488189 86.45669291338582 16.440944881889763 perspectives
200.9763779527559 491.244094488189 43.08661417322835 16.440944881889763 pour
227.90551181102362 491.244094488189 48.47244094488189 16.440944881889763 cette
255.11811023622047 491.244094488189 37.7007874015748 16.440944881889763 année

32.31496062992126 505.13385826771656 49.889763779527556 14.173228346456693 1965.
65.76377952755905 505.13385826771656 77.66929133858268 14.173228346456693 Cependant,
126.70866141732283 505.13385826771656 44.22047244094488 14.173228346456693 pour
154.20472440944883 505.13385826771656 55.275590551181104 14.173228346456693 donner
193.03937007874015 505.13385826771656 38.83464566929134 14.173228346456693 une
215.1496062992126 505.13385826771656 44.22047244094488 14.173228346456693 idée
237.54330708661416 505.13385826771656 55.275590551181104 14.173228346456693 complète

32.59842519685039 515.9055118110236 31.181102362204726 13.606299212598426 de
48.188976377952756 515.9055118110236 31.181102362204726 13.606299212598426 ce
63.77952755905512 515.9055118110236 31.181102362204726 13.606299212598426 qu
79.37007874015748 515.9055118110236 41.669291338582674 13.606299212598426 'est
105.44881889763779 515.9055118110236 57.25984251968504 13.606299212598426 devenue
147.11811023622047 515.9055118110236 31.181102362204726 13.606299212598426 la
162.70866141732284 515.9055118110236 62.645669291338585 13.606299212598426 Biennale
209.76377952755905 515.9055118110236 31.181102362204726 13.606299212598426 de
225.35433070866142 515.9055118110236 46.77165354330709 13.606299212598426 Paris
251.43307086614172 515.9055118110236 41.669291338582674 13.606299212598426 depuis

33.44881889763779 524.6929133858267 44.78740157480315 14.740157480314961 1963,
63.496062992125985 524.6929133858267 30.04724409448819 14.740157480314961 il
78.51968503937007 524.6929133858267 39.968503937007874 14.740157480314961 faut
103.46456692913385 524.6929133858267 44.78740157480315 14.740157480314961 aussi
133.22834645669292 524.6929133858267 59.811023622047244 14.740157480314961 signaler
178.01574803149606 524.6929133858267 30.04724409448819 14.740157480314961 ce
193.03937007874015 524.6929133858267 54.70866141732284 14.740157480314961 qu’elle
233.00787401574803 524.6929133858267 34.86614173228347 14.740157480314961 fut
252.8503937007874 524.6929133858267 30.04724409448819 14.740157480314961 en
262.7716535433071 524.6929133858267 30.04724409448819 14.740157480314961 1964

34.58267716535433 535.7480314960629 44.78740157480315 14.456692913385826 (dite
64.62992125984252 535.7480314960629 44.78740157480315 14.456692913385826 année
94.39370078740157 535.7480314960629 54.70866141732284 14.456692913385826 creuse)
134.07874015748033 535.7480314960629 39.68503937007874 14.456692913385826 hors
159.0236220472441 535.7480314960629 29.763779527559056 14.456692913385826 de
173.76377952755905 535.7480314960629 49.60629921259842 14.456692913385826 Paris.
208.62992125984252 535.7480314960629 29.763779527559056 14.456692913385826 En
223.6535433070866 535.7480314960629 54.70866141732284 14.456692913385826 partant
263.33858267716533 535.7480314960629 29.763779527559056 14.456692913385826 de
273.25984251968504 535.7480314960629 19.84251968503937 14.456692913385826 la

33.732283464566926 545.9527559055118 45.92125984251968 14.740157480314961 large
64.34645669291339 545.9527559055118 86.74015748031496 14.740157480314961 compréhension
135.7795275590551 545.9527559055118 40.818897637795274 14.740157480314961 dont
161.29133858267716 545.9527559055118 56.125984251968504 14.740157480314961 avaient
201.82677165354332 545.9527559055118 40.818897637795274 14.740157480314961 fait
227.33858267716536 545.9527559055118 51.023622047244096 14.740157480314961 preuve
257.9527559055118 545.9527559055118 35.71653543307087 14.740157480314961 quel-

33.16535433070866 559.5590551181102 40.818897637795274 12.472440944881889 ques
58.67716535433071 559.5590551181102 51.023622047244096 12.472440944881889 grands
94.39370078740157 559.5590551181102 61.22834645669291 12.472440944881889 Casinos,
140.5984251968504 559.5590551181102 30.614173228346456 12.472440944881889 et
155.90551181102362 559.5590551181102 40.818897637795274 12.472440944881889 plus
181.41732283464566 559.5590551181102 81.92125984251969 12.472440944881889 spécialement
248.03149606299212 559.5590551181102 45.92125984251968 12.472440944881889 celui
273.54330708661416 559.5590551181102 20.409448818897637 12.472440944881889 de

33.732283464566926 568.3464566929134 47.90551181102362 13.88976377952756 Nice,
65.76377952755905 568.3464566929134 42.51968503937008 13.88976377952756 sous
92.1259842519685 568.3464566929134 31.748031496062993 13.88976377952756 la
108.0 568.3464566929134 68.88188976377953 13.88976377952756 direction
161.29133858267716 568.3464566929134 31.748031496062993 13.88976377952756 de
177.16535433070865 568.3464566929134 31.748031496062993 13.88976377952756 M.
193.03937007874015 568.3464566929134 58.39370078740158 13.88976377952756 Maurice
235.55905511811022 568.3464566929134 58.39370078740158 13.88976377952756 Guérin,
272.6929133858268 568.3464566929134 21.25984251968504 13.88976377952756 en

33.732283464566926 579.4015748031496 33.732283464566926 13.32283464566929 vue
53.00787401574803 579.4015748031496 62.645669291338585 13.32283464566929 d’étendre
101.19685039370079 579.4015748031496 24.094488188976378 13.32283464566929 à
110.83464566929133 579.4015748031496 28.913385826771652 13.32283464566929 la
125.29133858267717 579.4015748031496 57.826771653543304 13.32283464566929 province
168.66141732283464 579.4015748031496 33.732283464566926 13.32283464566929 les
187.93700787401573 579.4015748031496 62.645669291338585 13.32283464566929 activités
231.30708661417322 579.4015748031496 62.645669291338585 13.32283464566929 jusqu’alors

34.01574803149607 589.6062992125984 64.91338582677166 14.740157480314961 réservées
84.18897637795276 589.6062992125984 24.944881889763778 14.740157480314961 à
94.11023622047244 589.6062992125984 49.889763779527556 14.740157480314961 Paris,
129.25984251968504 589.6062992125984 39.968503937007874 14.740157480314961 nous
154.20472440944883 589.6062992125984 45.07086614173228 14.740157480314961 avons
184.251968503937 589.6062992125984 30.04724409448819 14.740157480314961 pu
199.2755905511811 589.6062992125984 49.889763779527556 14.740157480314961 mettre
234.14173228346456 589.6062992125984 30.04724409448819 14.740157480314961 au
249.16535433070865 589.6062992125984 45.07086614173228 14.740157480314961 point
274.1102362204724 589.6062992125984 20.125984251968504 14.740157480314961 un

34.01574803149607 600.9448818897638 67.74803149606299 16.440944881889763 programme
85.88976377952756 600.9448818897638 62.645669291338585 16.440944881889763 intitulé
138.04724409448818 600.9448818897638 36.56692913385827 16.440944881889763 Les
159.0236220472441 600.9448818897638 72.85039370078741 16.440944881889763 Sélections
216.28346456692913 600.9448818897638 31.181102362204726 16.440944881889763 de
231.8740157480315 600.9448818897638 31.181102362204726 16.440944881889763 la
242.36220472440945 600.9448818897638 52.15748031496063 16.440944881889763 Biennale

34.2992125984252 612.5669291338583 28.346456692913385 15.023622047244094 de
48.47244094488189 612.5669291338583 42.51968503937008 15.023622047244094 Paris
77.10236220472441 612.5669291338583 23.811023622047244 15.023622047244094 .
86.45669291338582 612.5669291338583 28.346456692913385 15.023622047244094 Il
100.62992125984252 612.5669291338583 66.33070866141732 15.023622047244094 réunissait
152.78740157480314 612.5669291338583 37.98425196850393 15.023622047244094 sous
176.31496062992127 612.5669291338583 28.346456692913385 15.023622047244094 ce
190.77165354330708 612.5669291338583 42.51968503937008 15.023622047244094 titre
219.11811023622047 612.5669291338583 33.16535433070866 15.023622047244094 les
238.11023622047244 612.5669291338583 56.69291338582677 15.023622047244094 lauréats
275.81102362204723 612.5669291338583 18.992125984251967 15.023622047244094 de

28.913385826771652 632.6929133858267 22.11023622047244 12.755905511811024 12
