307.84251968503935 672.6614173228346
51.30708661417323 20.409448818897637 129.82677165354332 19.84251968503937 DECORATION
150.51968503937007 20.409448818897637 114.51968503937007 19.84251968503937 THÉATRALE

36.8503937007874 96.09448818897638 59.24409448818898 15.590551181102363 HONGRIE

75.68503937007874 122.74015748031496 52.44094488188976 22.11023622047244 Laszlo
115.93700787401575 122.74015748031496 64.62992125984252 22.11023622047244 DREGELY
168.3779527559055 122.74015748031496 24.094488188976378 22.11023622047244 né
180.56692913385828 122.74015748031496 24.094488188976378 22.11023622047244 en
192.75590551181102 122.74015748031496 32.31496062992126 22.11023622047244 1932
212.88188976377953 122.74015748031496 20.125984251968504 22.11023622047244 à
220.8188976377953 122.74015748031496 32.31496062992126 22.11023622047244 Pecs
236.9763779527559 122.74015748031496 48.47244094488189 22.11023622047244 (Hongrie).

58.960629921259844 130.96062992125985 49.60629921259842 20.69291338582677 28
96.94488188976378 130.96062992125985 34.2992125984252 20.69291338582677 Noces
119.90551181102362 130.96062992125985 22.96062992125984 20.69291338582677 de
131.24409448818898 130.96062992125985 34.2992125984252 20.69291338582677 sang,
154.20472440944883 130.96062992125985 22.96062992125984 20.69291338582677 de
165.54330708661416 130.96062992125985 45.63779527559055 20.69291338582677 Federico
199.84251968503938 130.96062992125985 37.98425196850393 20.69291338582677 Garcia
226.48818897637796 130.96062992125985 37.98425196850393 20.69291338582677 Lorca,
249.4488188976378 130.96062992125985 26.64566929133858 20.69291338582677 1965.

74.55118110236221 149.10236220472441 51.023622047244096 18.708661417322833 Fanny
112.81889763779527 149.10236220472441 67.74803149606299 18.708661417322833 KEMENES
167.81102362204723 149.10236220472441 29.763779527559056 18.708661417322833 née
184.8188976377953 149.10236220472441 25.511811023622048 18.708661417322833 en
197.5748031496063 149.10236220472441 34.01574803149607 18.708661417322833 1932
218.83464566929135 149.10236220472441 21.25984251968504 18.708661417322833 à
227.33858267716536 149.10236220472441 51.023622047244096 18.708661417322833 Budapest
261.07086614173227 149.10236220472441 42.51968503937008 18.708661417322833 (Hongiel

55.55905511811024 158.45669291338584 83.05511811023622 18.992125984251967 29
119.62204724409449 158.45669291338584 70.2992125984252 18.992125984251967 Phèdre,
170.64566929133858 158.45669291338584 38.267716535433074 18.992125984251967 de
189.92125984251967 158.45669291338584 70.2992125984252 18.992125984251967 Racine,
240.9448818897638 158.45669291338584 57.54330708661417 18.992125984251967 1965.
272.9763779527559 158.45669291338584 32.031496062992126 18.992125984251967 —0»

74.26771653543307 172.62992125984252 51.023622047244096 22.393700787401574 Laszlo
113.66929133858268 172.62992125984252 62.92913385826772 22.393700787401574 SZEKELY
164.69291338582678 172.62992125984252 23.52755905511811 22.393700787401574 né
176.31496062992127 172.62992125984252 23.52755905511811 22.393700787401574 en
188.2204724409449 172.62992125984252 31.46456692913386 22.393700787401574 1932
207.7795275590551 172.62992125984252 19.559055118110237 22.393700787401574 à
215.71653543307087 172.62992125984252 39.118110236220474 22.393700787401574 Uipest
239.24409448818898 172.62992125984252 47.05511811023622 22.393700787401574 (Hongrie).

57.54330708661417 183.68503937007873 47.338582677165356 14.456692913385826 30
94.11023622047244 183.68503937007873 39.968503937007874 14.456692913385826 Phèdre,
123.30708661417323 183.68503937007873 21.826771653543307 14.456692913385826 de
134.07874015748033 183.68503937007873 39.968503937007874 14.456692913385826 Racine,
159.59055118110237 183.68503937007873 25.511811023622048 14.456692913385826 1965.

73.41732283464567 195.30708661417322 43.653543307086615 23.811023622047244 Emil
105.16535433070867 195.30708661417322 51.59055118110236 23.811023622047244 VATA
144.56692913385828 195.30708661417322 23.811023622047244 23.811023622047244 né
156.4724409448819 195.30708661417322 23.811023622047244 23.811023622047244 en
168.3779527559055 195.30708661417322 31.748031496062993 23.811023622047244 1932
188.2204724409449 195.30708661417322 19.84251968503937 23.811023622047244 à
196.15748031496062 195.30708661417322 79.08661417322834 23.811023622047244 Hodmezovasarhely
259.37007874015745 195.30708661417322 43.653543307086615 23.811023622047244 (Hongrie)

56.69291338582677 208.06299212598427 51.30708661417323 20.125984251968504 31
96.09448818897638 208.06299212598427 27.496062992125985 20.125984251968504 Les
111.96850393700787 208.06299212598427 47.338582677165356 20.125984251968504 joyeuses
147.4015748031496 208.06299212598427 47.338582677165356 20.125984251968504 commères
182.83464566929135 208.06299212598427 23.52755905511811 20.125984251968504 de
194.45669291338584 208.06299212598427 47.338582677165356 20.125984251968504 Windsor,
229.88976377952756 208.06299212598427 23.52755905511811 20.125984251968504 de
241.79527559055117 208.06299212598427 43.37007874015748 20.125984251968504 William
269.29133858267716 208.06299212598427 35.43307086614173 20.125984251968504 Shakes.

72.0 219.4015748031496 45.07086614173228 12.472440944881889 peare,
99.21259842519684 219.4015748031496 31.46456692913386 12.472440944881889 1964.

72.56692913385827 232.44094488188978 53.85826771653543 20.125984251968504 Robert
114.23622047244095 232.44094488188978 66.33070866141732 20.125984251968504 WEGENAST
168.09448818897638 232.44094488188978 24.944881889763778 20.125984251968504 né
180.56692913385828 232.44094488188978 24.944881889763778 20.125984251968504 en
193.03937007874015 232.44094488188978 33.16535433070866 20.125984251968504 1930
213.73228346456693 232.44094488188978 20.69291338582677 20.125984251968504 à
221.95275590551182 232.44094488188978 49.889763779527556 20.125984251968504 Budapest
255.11811023622047 232.44094488188978 49.889763779527556 20.125984251968504 (Hongrie).

56.125984251968504 244.06299212598427 48.188976377952756 20.976377952755904 32
93.25984251968504 244.06299212598427 22.393700787401574 20.976377952755904 La
104.31496062992126 244.06299212598427 33.44881889763779 20.976377952755904 folle
126.70866141732283 244.06299212598427 22.393700787401574 20.976377952755904 de
137.76377952755905 244.06299212598427 48.188976377952756 20.976377952755904 Chaillot,
174.89763779527559 244.06299212598427 22.393700787401574 20.976377952755904 de
186.23622047244095 244.06299212598427 29.763779527559056 20.976377952755904 Jean
204.66141732283464 244.06299212598427 52.15748031496063 20.976377952755904 Giraudoux,
241.79527559055117 244.06299212598427 26.078740157480315 20.976377952755904 1965.

35.1496062992126 279.7795275590551 32.031496062992126 15.590551181102363 INDE

71.43307086614173 305.8582677165354 52.44094488188976 15.590551181102363 Kokila
111.68503937007874 305.8582677165354 60.661417322834644 15.590551181102363 MAVANI
160.15748031496062 305.8582677165354 28.346456692913385 15.590551181102363 née
176.31496062992127 305.8582677165354 24.094488188976378 15.590551181102363 en
184.251968503937 305.8582677165354 28.346456692913385 15.590551181102363 1935.

54.70866141732284 316.62992125984255 49.32283464566929 18.708661417322833 33
92.40944881889764 316.62992125984255 49.32283464566929 18.708661417322833 Sacrifice
130.39370078740157 316.62992125984255 22.677165354330707 18.708661417322833 de
141.73228346456693 316.62992125984255 60.661417322834644 18.708661417322833 Rabindranath
190.77165354330708 316.62992125984255 41.669291338582674 18.708661417322833 Tagore,
217.41732283464566 316.62992125984255 26.362204724409448 18.708661417322833 1965.

32.59842519685039 354.3307086614173 35.1496062992126 15.023622047244094 IRAN

70.2992125984252 380.12598425196853 56.125984251968504 18.992125984251967 Farideh
114.23622047244095 380.12598425196853 60.09448818897638 18.992125984251967 GOHARI
162.4251968503937 380.12598425196853 28.062992125984252 18.992125984251967 née
178.58267716535434 380.12598425196853 24.094488188976378 18.992125984251967 en
190.48818897637796 380.12598425196853 32.031496062992126 18.992125984251967 1938
210.61417322834646 380.12598425196853 20.125984251968504 18.992125984251967 à
218.5511811023622 380.12598425196853 36.0 18.992125984251967 Racht
238.6771653543307 380.12598425196853 36.0 18.992125984251967 (lran).

53.00787401574803 390.0472440944882 49.889763779527556 18.992125984251967 34
91.55905511811024 390.0472440944882 34.58267716535433 18.992125984251967 Noces
114.51968503937007 390.0472440944882 22.96062992125984 18.992125984251967 de
126.14173228346456 390.0472440944882 34.58267716535433 18.992125984251967 sang,
149.10236220472441 390.0472440944882 22.96062992125984 18.992125984251967 de
160.44094488188978 390.0472440944882 45.92125984251968 18.992125984251967 Federico
195.0236220472441 390.0472440944882 38.267716535433074 18.992125984251967 Garcia
221.95275590551182 390.0472440944882 38.267716535433074 18.992125984251967 Lorca,
244.91338582677164 390.0472440944882 26.929133858267715 18.992125984251967 1965.

69.44881889763779 405.6377952755906 44.503937007874015 19.275590551181104 Lila
101.76377952755905 405.6377952755906 48.47244094488189 19.275590551181104 HACHENII
138.04724409448818 405.6377952755906 56.40944881889764 19.275590551181104 NEJAD
182.5511811023622 405.6377952755906 28.346456692913385 19.275590551181104 née
198.70866141732284 405.6377952755906 24.094488188976378 19.275590551181104 en
210.61417322834646 405.6377952755906 32.31496062992126 19.275590551181104 1943
231.0236220472441 405.6377952755906 20.125984251968504 19.275590551181104 à
238.96062992125985 405.6377952755906 44.503937007874015 19.275590551181104 Téhéran
267.3070866141732 405.6377952755906 36.28346456692913 19.275590551181104 (lran).

52.15748031496063 416.12598425196853 50.173228346456696 18.992125984251967 35
90.70866141732283 416.12598425196853 34.58267716535433 18.992125984251967 Noces
113.95275590551181 416.12598425196853 23.244094488188978 18.992125984251967 de
125.5748031496063 416.12598425196853 34.58267716535433 18.992125984251967 sang,
148.53543307086613 416.12598425196853 23.244094488188978 18.992125984251967 de
160.15748031496062 416.12598425196853 46.20472440944882 18.992125984251967 Federico
194.74015748031496 416.12598425196853 38.55118110236221 18.992125984251967 Garcia
221.66929133858267 416.12598425196853 38.55118110236221 18.992125984251967 Lorca,
244.91338582677164 416.12598425196853 26.929133858267715 18.992125984251967 1965.

31.748031496062993 450.70866141732284 38.83464566929134 17.858267716535433 ITALIE

67.18110236220473 480.4724409448819 56.69291338582677 17.291338582677167 Antonio
111.68503937007874 480.4724409448819 76.81889763779527 17.291338582677167 STEFANUCCI
176.31496062992127 480.4724409448819 24.37795275590551 17.291338582677167 né
188.50393700787401 480.4724409448819 24.37795275590551 17.291338582677167 en
200.69291338582678 480.4724409448819 32.31496062992126 17.291338582677167 1935
220.8188976377953 480.4724409448819 20.125984251968504 17.291338582677167 à
228.75590551181102 480.4724409448819 40.53543307086614 17.291338582677167 Naples
253.13385826771653 480.4724409448819 44.503937007874015 17.291338582677167 (Italie).

51.59055118110236 491.244094488189 47.90551181102362 16.440944881889763 36
88.44094488188976 491.244094488189 22.11023622047244 16.440944881889763 La
99.49606299212599 491.244094488189 33.16535433070866 16.440944881889763 folle
121.60629921259843 491.244094488189 22.11023622047244 16.440944881889763 de
132.66141732283464 491.244094488189 47.90551181102362 16.440944881889763 Chaillot,
169.79527559055117 491.244094488189 22.11023622047244 16.440944881889763 de
180.8503937007874 491.244094488189 29.480314960629922 16.440944881889763 Jean
199.2755905511811 491.244094488189 51.59055118110236 16.440944881889763 Giraudoux,
236.1259842519685 491.244094488189 25.79527559055118 16.440944881889763 1965.

28.346456692913385 530.6456692913385 47.05511811023622 15.874015748031496 JAPON

65.48031496062993 557.007874015748 60.661417322834644 15.874015748031496 Vasuhiro
113.95275590551181 557.007874015748 52.44094488188976 15.874015748031496 ISHII
154.20472440944883 557.007874015748 24.37795275590551 15.874015748031496 né
166.39370078740157 557.007874015748 24.37795275590551 15.874015748031496 en
178.58267716535434 557.007874015748 32.31496062992126 15.874015748031496 1932
198.70866141732284 557.007874015748 20.125984251968504 15.874015748031496 à
206.9291338582677 557.007874015748 44.503937007874015 15.874015748031496 Sapporo
234.99212598425197 557.007874015748 40.53543307086614 15.874015748031496 (Japon).

50.173228346456696 566.0787401574803 49.889763779527556 21.543307086614174 37
88.7244094488189 566.0787401574803 34.58267716535433 21.543307086614174 Noces
111.68503937007874 566.0787401574803 22.96062992125984 21.543307086614174 de
123.30708661417323 566.0787401574803 34.58267716535433 21.543307086614174 sang,
146.26771653543307 566.0787401574803 22.96062992125984 21.543307086614174 de
157.88976377952756 566.0787401574803 46.20472440944882 21.543307086614174 Federico
192.4724409448819 566.0787401574803 38.267716535433074 21.543307086614174 Garcia
219.11811023622047 566.0787401574803 38.267716535433074 21.543307086614174 Lorca,
242.36220472440945 566.0787401574803 30.614173228346456 21.543307086614174 1965.★

65.48031496062993 582.5196850393701 58.110236220472444 18.4251968503937 Michiya
111.4015748031496 582.5196850393701 58.110236220472444 18.4251968503937 OKADA
157.03937007874015 582.5196850393701 24.944881889763778 18.4251968503937 né
169.51181102362204 582.5196850393701 24.944881889763778 18.4251968503937 en
181.98425196850394 582.5196850393701 33.16535433070866 18.4251968503937 1934
202.6771653543307 582.5196850393701 20.69291338582677 18.4251968503937 à
210.89763779527559 582.5196850393701 37.41732283464567 18.4251968503937 Tokio
231.59055118110237 582.5196850393701 41.669291338582674 18.4251968503937 (Japon).

49.32283464566929 590.7401574803149 49.889763779527556 20.125984251968504 38
87.8740157480315 590.7401574803149 34.58267716535433 20.125984251968504 Noces
110.83464566929133 590.7401574803149 22.96062992125984 20.125984251968504 de
122.45669291338582 590.7401574803149 34.58267716535433 20.125984251968504 sang,
145.41732283464566 590.7401574803149 22.96062992125984 20.125984251968504 de
156.75590551181102 590.7401574803149 45.92125984251968 20.125984251968504 Federico
191.33858267716536 590.7401574803149 38.267716535433074 20.125984251968504 Garcia
218.26771653543307 590.7401574803149 38.267716535433074 20.125984251968504 Lorca,
241.22834645669292 590.7401574803149 26.929133858267715 20.125984251968504 1965.

64.34645669291339 607.1811023622047 62.36220472440945 17.858267716535433 Tadahiro
114.23622047244095 607.1811023622047 49.889763779527556 17.858267716535433 TADA
151.6535433070866 607.1811023622047 24.944881889763778 17.858267716535433 né
164.1259842519685 607.1811023622047 24.944881889763778 17.858267716535433 en
176.5984251968504 607.1811023622047 33.16535433070866 17.858267716535433 1930
197.5748031496063 607.1811023622047 20.69291338582677 17.858267716535433 à
205.79527559055117 607.1811023622047 37.41732283464567 17.858267716535433 Tokio
226.48818897637796 607.1811023622047 41.669291338582674 17.858267716535433 (Japon).

49.039370078740156 614.5511811023622 49.889763779527556 21.25984251968504 39
87.59055118110236 614.5511811023622 34.58267716535433 21.25984251968504 Noces
110.55118110236221 614.5511811023622 22.96062992125984 21.25984251968504 de
121.88976377952756 614.5511811023622 34.58267716535433 21.25984251968504 sang,
144.8503937007874 614.5511811023622 22.96062992125984 21.25984251968504 de
156.4724409448819 614.5511811023622 45.92125984251968 21.25984251968504 Federico
191.0551181102362 614.5511811023622 38.267716535433074 21.25984251968504 Garcia
217.70078740157481 614.5511811023622 38.267716535433074 21.25984251968504 Lorca,
240.66141732283464 614.5511811023622 26.929133858267715 21.25984251968504 1965.

45.63779527559055 630.7086614173228 23.52755905511811 13.606299212598426 170
