287.1496062992126 672.6614173228346
168.3779527559055 20.69291338582677 109.13385826771653 18.4251968503937 FINLANDE

32.31496062992126 123.8740157480315 65.48031496062993 18.992125984251967 Commissaire
84.4724409448819 123.8740157480315 52.44094488188976 18.992125984251967 général:
123.8740157480315 123.8740157480315 56.69291338582677 18.992125984251967 Kaarlo
162.99212598425197 123.8740157480315 52.44094488188976 18.992125984251967 Koroma

32.881889763779526 136.06299212598427 54.99212598425197 19.559055118110237 Secrétaire
76.25196850393701 136.06299212598427 43.37007874015748 19.559055118110237 général
107.71653543307086 136.06299212598427 23.52755905511811 19.559055118110237 de
119.33858267716535 136.06299212598427 23.52755905511811 19.559055118110237 la
131.24409448818898 136.06299212598427 43.37007874015748 19.559055118110237 Société
162.70866141732284 136.06299212598427 27.496062992125985 19.559055118110237 des
178.58267716535434 136.06299212598427 47.338582677165356 19.559055118110237 Artistes
210.04724409448818 136.06299212598427 51.023622047244096 19.559055118110237 Finlandais.

18.992125984251967 180.28346456692913 26.362204724409448 17.5748031496063 Il
32.31496062992126 180.28346456692913 22.11023622047244 17.5748031496063 y
41.10236220472441 180.28346456692913 22.11023622047244 17.5748031496063 a
49.889763779527556 180.28346456692913 30.89763779527559 17.5748031496063 une
67.74803149606299 180.28346456692913 53.00787401574803 17.5748031496063 certaine
107.43307086614173 180.28346456692913 48.47244094488189 17.5748031496063 réserve
142.86614173228347 180.28346456692913 61.79527559055118 17.5748031496063 réfléchie,
186.8031496062992 180.28346456692913 75.11811023622047 17.5748031496063 caractéristique

7.937007874015748 190.48818897637796 35.43307086614173 17.5748031496063 des
28.346456692913385 190.48818897637796 50.74015748031496 17.5748031496063 jeunes
63.77952755905512 190.48818897637796 60.94488188976378 17.5748031496063 artistes
109.41732283464567 190.48818897637796 71.14960629921259 17.5748031496063 finlandais
165.54330708661416 190.48818897637796 40.53543307086614 17.5748031496063 qui,
190.77165354330708 190.48818897637796 40.53543307086614 17.5748031496063 même
216.28346456692913 190.48818897637796 40.53543307086614 17.5748031496063 sous
236.40944881889763 190.48818897637796 25.511811023622048 17.5748031496063 une

8.220472440944881 200.1259842519685 43.93700787401575 19.559055118110237 forme
37.41732283464567 200.1259842519685 48.75590551181102 19.559055118110237 libre,
71.71653543307086 200.1259842519685 63.496062992125985 19.559055118110237 cherchent
120.4724409448819 200.1259842519685 29.19685039370079 19.559055118110237 un
135.21259842519686 200.1259842519685 73.41732283464567 19.559055118110237 raffinement
193.88976377952756 200.1259842519685 48.75590551181102 19.559055118110237 achevé
223.08661417322836 200.1259842519685 39.118110236220474 19.559055118110237 plutôt

7.937007874015748 211.1811023622047 49.60629921259842 18.708661417322833 qu’une
42.803149606299215 211.1811023622047 74.55118110236221 18.708661417322833 spontanéité
102.61417322834646 211.1811023622047 74.55118110236221 18.708661417322833 étincelante
162.14173228346456 211.1811023622047 29.763779527559056 18.708661417322833 et
177.16535433070865 211.1811023622047 79.65354330708661 18.708661417322833 complètement
236.69291338582678 211.1811023622047 24.944881889763778 18.708661417322833 ou-

8.503937007874017 220.8188976377953 45.07086614173228 19.84251968503937 verte.
40.25196850393701 220.8188976377953 27.212598425196852 19.84251968503937 Ce
53.85826771653543 220.8188976377953 40.818897637795274 19.84251968503937 trait
80.78740157480316 220.8188976377953 27.212598425196852 19.84251968503937 se
94.39370078740157 220.8188976377953 63.21259842519685 19.84251968503937 rapportant
144.0 220.8188976377953 22.677165354330707 19.84251968503937 à
153.0708661417323 220.8188976377953 27.212598425196852 19.84251968503937 la
166.6771653543307 220.8188976377953 40.818897637795274 19.84251968503937 forme
193.88976377952756 220.8188976377953 31.748031496062993 19.84251968503937 est
212.03149606299212 220.8188976377953 27.212598425196852 19.84251968503937 en
220.8188976377953 220.8188976377953 40.818897637795274 19.84251968503937 général

7.937007874015748 234.14173228346456 88.44094488188976 15.307086614173228 contrebalancé
80.50393700787401 234.14173228346456 36.28346456692913 15.307086614173228 par
101.48031496062993 234.14173228346456 31.181102362204726 15.307086614173228 le
117.07086614173228 234.14173228346456 57.25984251968504 15.307086614173228 contact
158.45669291338584 234.14173228346456 36.28346456692913 15.307086614173228 vif
179.43307086614172 234.14173228346456 31.181102362204726 15.307086614173228 et
195.0236220472441 234.14173228346456 62.36220472440945 15.307086614173228 sensible
236.40944881889763 234.14173228346456 26.078740157480315 15.307086614173228 des

8.78740157480315 243.7795275590551 56.40944881889764 16.15748031496063 artistes
51.30708661417323 243.7795275590551 37.7007874015748 16.15748031496063 avec
74.83464566929133 243.7795275590551 28.346456692913385 16.15748031496063 la
88.7244094488189 243.7795275590551 51.59055118110236 16.15748031496063 nature,
126.4251968503937 243.7795275590551 28.346456692913385 16.15748031496063 le
140.5984251968504 243.7795275590551 56.40944881889764 16.15748031496063 paysage,
182.83464566929135 243.7795275590551 28.346456692913385 16.15748031496063 la
197.00787401574803 243.7795275590551 51.59055118110236 16.15748031496063 lumière
234.4251968503937 243.7795275590551 28.346456692913385 16.15748031496063 et
244.06299212598427 243.7795275590551 18.708661417322833 16.15748031496063 le

8.78740157480315 255.11811023622047 68.31496062992126 17.007874015748033 changement
62.36220472440945 255.11811023622047 48.75590551181102 17.007874015748033 brutal
96.66141732283465 255.11811023622047 34.2992125984252 17.007874015748033 des
116.22047244094489 255.11811023622047 53.574803149606296 17.007874015748033 saisons
155.0551181102362 255.11811023622047 34.2992125984252 17.007874015748033 qui
174.61417322834646 255.11811023622047 43.93700787401575 17.007874015748033 donne
203.81102362204723 255.11811023622047 24.37795275590551 17.007874015748033 à
208.91338582677164 255.11811023622047 53.574803149606296 17.007874015748033 l’expres-

9.070866141732283 269.00787401574803 36.8503937007874 13.32283464566929 sion
32.031496062992126 269.00787401574803 55.275590551181104 13.32283464566929 visuelle
73.41732283464567 269.00787401574803 27.77952755905512 13.32283464566929 la
87.30708661417323 269.00787401574803 69.16535433070867 13.32283464566929 profondeur,
142.58267716535434 269.00787401574803 50.74015748031496 13.32283464566929 parfois
179.43307086614172 269.00787401574803 27.77952755905512 13.32283464566929 la
193.3228346456693 269.00787401574803 50.74015748031496 13.32283464566929 tension
225.63779527559055 269.00787401574803 36.8503937007874 13.32283464566929 drama-

7.937007874015748 274.1102362204724 45.07086614173228 17.5748031496063 tique
37.98425196850393 274.1102362204724 30.04724409448819 17.5748031496063 et
53.29133858267716 274.1102362204724 55.275590551181104 17.5748031496063 souvent
93.25984251968504 274.1102362204724 30.04724409448819 17.5748031496063 un
108.28346456692914 274.1102362204724 50.173228346456696 17.5748031496063 aspect
143.43307086614172 274.1102362204724 55.275590551181104 17.5748031496063 lyrique
183.68503937007873 274.1102362204724 30.04724409448819 17.5748031496063 et
193.60629921259843 274.1102362204724 70.2992125984252 17.5748031496063 contemplatif

3.4015748031496065 290.5511811023622 68.88188976377953 14.740157480314961 fondamental.

19.84251968503937 303.59055118110234 104.5984251968504 12.755905511811024 L’expressionnisme
109.7007874015748 303.59055118110234 54.70866141732284 12.755905511811024 puisant
149.38582677165354 303.59055118110234 34.86614173228347 12.755905511811024 ses
169.22834645669292 303.59055118110234 69.73228346456693 12.755905511811024 impulsions
224.2204724409449 303.59055118110234 39.968503937007874 12.755905511811024 dans
244.06299212598427 303.59055118110234 19.84251968503937 12.755905511811024 la

9.637795275590552 312.37795275590554 46.488188976377955 14.740157480314961 nature
41.95275590551181 312.37795275590554 23.244094488188978 14.740157480314961 a
51.30708661417323 312.37795275590554 32.31496062992126 14.740157480314961 des
69.73228346456693 312.37795275590554 64.91338582677166 14.740157480314961 traditions
120.75590551181102 312.37795275590554 51.023622047244096 14.740157480314961 solides
157.88976377952756 312.37795275590554 27.77952755905512 14.740157480314961 en
171.7795275590551 312.37795275590554 60.37795275590551 14.740157480314961 Finlande,
217.98425196850394 312.37795275590554 37.13385826771653 14.740157480314961 mais
236.69291338582678 312.37795275590554 27.77952755905512 14.740157480314961 dans

9.921259842519685 323.43307086614175 26.929133858267715 15.590551181102363 la
23.52755905511811 323.43307086614175 53.574803149606296 15.590551181102363 peinture
63.77952755905512 323.43307086614175 80.50393700787401 15.590551181102363 d’après-guerre
130.6771653543307 323.43307086614175 71.71653543307086 15.590551181102363 l’aspiration
189.0708661417323 323.43307086614175 22.393700787401574 15.590551181102363 à
197.85826771653544 323.43307086614175 26.929133858267715 15.590551181102363 la
211.46456692913387 323.43307086614175 40.25196850393701 15.590551181102363 forme
233.85826771653544 323.43307086614175 31.46456692913386 15.590551181102363 dense

9.637795275590552 335.0551181102362 26.362204724409448 13.606299212598426 et
22.96062992125984 335.0551181102362 57.25984251968504 13.606299212598426 classique
66.89763779527559 335.0551181102362 22.11023622047244 13.606299212598426 a
75.68503937007874 335.0551181102362 30.89763779527559 13.606299212598426 été
93.25984251968504 335.0551181102362 35.1496062992126 13.606299212598426 plus
115.37007874015748 335.0551181102362 39.68503937007874 13.606299212598426 forte
141.73228346456693 335.0551181102362 26.362204724409448 13.606299212598426 et
154.77165354330708 335.0551181102362 30.89763779527559 13.606299212598426 des
172.3464566929134 335.0551181102362 39.68503937007874 13.606299212598426 liens
198.70866141732284 335.0551181102362 26.362204724409448 13.606299212598426 se
212.03149606299212 335.0551181102362 35.1496062992126 13.606299212598426 sont
229.60629921259843 335.0551181102362 35.1496062992126 13.606299212598426 créés.

9.921259842519685 345.8267716535433 47.62204724409449 15.307086614173228 surtout
44.503937007874015 345.8267716535433 34.58267716535433 15.307086614173228 avec
66.04724409448819 345.8267716535433 30.330708661417322 15.307086614173228 les
83.33858267716535 345.8267716535433 51.874015748031496 15.307086614173228 courants
122.1732283464567 345.8267716535433 25.79527559055118 15.307086614173228 de
135.21259842519686 345.8267716535433 38.83464566929134 15.307086614173228 l’art
161.00787401574803 345.8267716535433 51.874015748031496 15.307086614173228 abstrait
195.59055118110237 345.8267716535433 69.16535433070867 15.307086614173228 international.

20.69291338582677 358.86614173228344 27.77952755905512 15.023622047244094 On
34.58267716535433 358.86614173228344 36.8503937007874 15.023622047244094 peut
57.54330708661417 358.86614173228344 36.8503937007874 15.023622047244094 voir
80.50393700787401 358.86614173228344 32.31496062992126 15.023622047244094 une
99.21259842519684 358.86614173228344 55.275590551181104 15.023622047244094 réaction
140.5984251968504 358.86614173228344 46.20472440944882 15.023622047244094 contre
172.91338582677164 358.86614173228344 41.669291338582674 15.023622047244094 cette
196.15748031496062 358.86614173228344 69.16535433070867 15.023622047244094 structuration

9.921259842519685 371.0551181102362 61.511811023622045 13.606299212598426 accentuée
57.25984251968504 371.0551181102362 37.7007874015748 13.606299212598426 dans
81.07086614173228 371.0551181102362 28.346456692913385 13.606299212598426 la
95.24409448818898 371.0551181102362 42.51968503937008 13.606299212598426 forme
123.59055118110236 371.0551181102362 47.338582677165356 13.606299212598426 libre,
156.4724409448819 371.0551181102362 66.33070866141732 13.606299212598426 approchant
208.62992125984252 371.0551181102362 28.346456692913385 13.606299212598426 de
217.98425196850394 371.0551181102362 47.338582677165356 13.606299212598426 l’infor-

10.204724409448819 380.6929133858268 60.09448818897638 14.173228346456693 malisme,
55.55905511811024 380.6929133858268 60.09448818897638 14.173228346456693 pratiqué
100.62992125984252 380.6929133858268 35.1496062992126 14.173228346456693 par
120.75590551181102 380.6929133858268 30.04724409448819 14.173228346456693 la
135.7795275590551 380.6929133858268 45.07086614173228 14.173228346456693 jeune
165.82677165354332 380.6929133858268 75.4015748031496 14.173228346456693 génération.
225.92125984251967 380.6929133858268 40.25196850393701 14.173228346456693 Ceci
246.04724409448818 380.6929133858268 20.125984251968504 14.173228346456693 se

10.204724409448819 391.46456692913387 48.188976377952756 13.32283464566929 révèle
43.93700787401575 391.46456692913387 38.55118110236221 13.32283464566929 dans
68.03149606299213 391.46456692913387 43.37007874015748 13.32283464566929 l’art
97.22834645669292 391.46456692913387 62.92913385826772 13.32283464566929 graphique
145.41732283464566 391.46456692913387 28.913385826771652 13.32283464566929 en
159.8740157480315 391.46456692913387 38.55118110236221 13.32283464566929 noir
183.96850393700788 391.46456692913387 28.913385826771652 13.32283464566929 et
198.4251968503937 391.46456692913387 43.37007874015748 13.32283464566929 blanc
227.6220472440945 391.46456692913387 28.913385826771652 13.32283464566929 de
237.25984251968504 391.46456692913387 28.913385826771652 13.32283464566929 Simo

10.771653543307087 402.23622047244095 52.15748031496063 13.32283464566929 Hannula
48.75590551181102 402.23622047244095 33.16535433070866 13.32283464566929 (né
67.74803149606299 402.23622047244095 28.346456692913385 13.32283464566929 en
81.92125984251969 402.23622047244095 47.338582677165356 13.32283464566929 1932),
115.08661417322834 402.23622047244095 61.511811023622045 13.32283464566929 cultivant
162.4251968503937 402.23622047244095 33.16535433070866 13.32283464566929 les
181.41732283464566 402.23622047244095 47.338582677165356 13.32283464566929 formes
209.76377952755905 402.23622047244095 56.976377952755904 13.32283464566929 primitives

10.488188976377952 412.4409448818898 68.88188976377953 16.15748031496063 mythiques,
64.62992125984252 412.4409448818898 29.480314960629922 16.15748031496063 et
79.37007874015748 412.4409448818898 39.40157480314961 16.15748031496063 dont
104.03149606299213 412.4409448818898 29.480314960629922 16.15748031496063 la
118.77165354330708 412.4409448818898 54.14173228346457 16.15748031496063 lumière
158.17322834645668 412.4409448818898 49.32283464566929 16.15748031496063 claire
192.75590551181102 412.4409448818898 29.480314960629922 16.15748031496063 et
202.6771653543307 412.4409448818898 64.06299212598425 16.15748031496063 l’obscurité

10.204724409448819 424.34645669291336 45.354330708661415 12.755905511811024 douce
40.53543307086614 424.34645669291336 70.58267716535433 12.755905511811024 renferment
100.91338582677166 424.34645669291336 35.1496062992126 12.755905511811024 une
121.03937007874016 424.34645669291336 45.354330708661415 12.755905511811024 autre
151.37007874015748 424.34645669291336 55.275590551181104 12.755905511811024 réalité
191.6220472440945 424.34645669291336 25.228346456692915 12.755905511811024 *
201.54330708661416 424.34645669291336 60.37795275590551 12.755905511811024 invitant
241.79527559055117 424.34645669291336 25.228346456692915 12.755905511811024 aux

10.204724409448819 435.9685039370079 52.44094488188976 11.905511811023622 voyages
48.47244094488189 435.9685039370079 37.98425196850393 11.905511811023622 dans
72.28346456692914 435.9685039370079 28.62992125984252 11.905511811023622 le
86.45669291338582 435.9685039370079 76.25196850393701 11.905511811023622 fantastique.
148.251968503937 435.9685039370079 37.98425196850393 11.905511811023622 Cela
172.06299212598427 435.9685039370079 28.62992125984252 11.905511811023622 se
186.51968503937007 435.9685039370079 52.44094488188976 11.905511811023622 reflète
224.50393700787401 435.9685039370079 37.98425196850393 11.905511811023622 dans
243.49606299212599 435.9685039370079 23.811023622047244 11.905511811023622 les

10.488188976377952 445.03937007874015 69.73228346456693 15.023622047244094 peintures
64.06299212598425 445.03937007874015 48.188976377952756 15.023622047244094 d’une
96.37795275590551 445.03937007874015 53.574803149606296 15.023622047244094 pudeur
133.79527559055117 445.03937007874015 64.34645669291339 15.023622047244094 discrète
181.98425196850394 445.03937007874015 32.031496062992126 15.023622047244094 et
192.75590551181102 445.03937007874015 75.11811023622047 15.023622047244094 délicatement

10.204724409448819 456.37795275590554 68.31496062992126 12.472440944881889 composées
62.92913385826772 456.37795275590554 31.46456692913386 12.472440944881889 de
78.80314960629921 456.37795275590554 47.338582677165356 12.472440944881889 Kimmo
110.26771653543307 456.37795275590554 63.21259842519685 12.472440944881889 Kaivanto
157.60629921259843 456.37795275590554 36.8503937007874 12.472440944881889 (né
178.58267716535434 456.37795275590554 31.46456692913386 12.472440944881889 en
194.17322834645668 456.37795275590554 47.338582677165356 12.472440944881889 1932)
225.92125984251967 456.37795275590554 41.95275590551181 12.472440944881889 dont
246.89763779527559 456.37795275590554 20.976377952755904 12.472440944881889 le

11.05511811023622 467.7165354330709 44.503937007874015 13.606299212598426 point
40.53543307086614 467.7165354330709 29.763779527559056 13.606299212598426 de
55.55905511811024 467.7165354330709 49.60629921259842 13.606299212598426 départ
90.14173228346456 467.7165354330709 49.60629921259842 13.606299212598426 semble
124.7244094488189 467.7165354330709 39.68503937007874 13.606299212598426 être
149.38582677165354 467.7165354330709 29.763779527559056 13.606299212598426 la
164.40944881889763 467.7165354330709 59.24409448818898 13.606299212598426 grandeur
203.81102362204723 467.7165354330709 64.34645669291339 13.606299212598426 silencieuse

11.05511811023622 479.0551181102362 28.62992125984252 14.456692913385826 du
25.511811023622048 479.0551181102362 52.44094488188976 14.456692913385826 paysage
58.67716535433071 479.0551181102362 52.44094488188976 14.456692913385826 hivernal.

22.393700787401574 490.6771653543307 28.913385826771652 13.606299212598426 Le
36.8503937007874 490.6771653543307 62.645669291338585 13.606299212598426 caractère
85.03937007874016 490.6771653543307 62.645669291338585 13.606299212598426 fortement
133.22834645669292 490.6771653543307 62.645669291338585 13.606299212598426 plastique
181.70078740157481 490.6771653543307 33.732283464566926 13.606299212598426 des
200.9763779527559 490.6771653543307 67.46456692913385 13.606299212598426 sculptures
249.16535433070865 490.6771653543307 19.275590551181104 13.606299212598426 de

11.338582677165354 502.5826771653543 45.354330708661415 11.622047244094489 Laila
41.669291338582674 502.5826771653543 60.37795275590551 11.622047244094489 Pullinen
87.02362204724409 502.5826771653543 40.25196850393701 11.622047244094489 (née
112.25196850393701 502.5826771653543 30.330708661417322 11.622047244094489 en
127.2755905511811 502.5826771653543 45.354330708661415 11.622047244094489 1933)
157.60629921259843 502.5826771653543 35.1496062992126 11.622047244094489 qui
177.73228346456693 502.5826771653543 90.70866141732283 11.622047244094489 s’épanouissent
248.31496062992127 502.5826771653543 20.125984251968504 11.622047244094489 en

11.905511811023622 513.9212598425197 58.39370078740158 14.456692913385826 brillants
56.976377952755904 513.9212598425197 45.07086614173228 14.456692913385826 effets
88.44094488188976 513.9212598425197 26.929133858267715 14.456692913385826 de
101.76377952755905 513.9212598425197 53.85826771653543 14.456692913385826 couleur,
142.29921259842519 513.9212598425197 58.39370078740158 14.456692913385826 provient,
187.37007874015748 513.9212598425197 45.07086614173228 14.456692913385826 malgré
218.83464566929135 513.9212598425197 31.46456692913386 14.456692913385826 son
232.15748031496062 513.9212598425197 36.0 14.456692913385826 carac-

10.771653543307087 523.2755905511812 41.38582677165354 12.755905511811024 tère
36.56692913385827 523.2755905511812 77.38582677165354 12.755905511811024 dramatique,
98.64566929133858 523.2755905511812 46.488188976377955 12.755905511811024 d’une
129.54330708661416 523.2755905511812 72.28346456692914 12.755905511811024 conception
186.23622047244095 523.2755905511812 30.89763779527559 12.755905511811024 de
201.82677165354332 523.2755905511812 46.488188976377955 12.755905511811024 forme
227.6220472440945 523.2755905511812 41.38582677165354 12.755905511811024 solide

12.188976377952756 536.0314960629921 26.078740157480315 13.606299212598426 et
20.69291338582677 536.0314960629921 52.15748031496063 13.606299212598426 classique.

174.61417322834646 558.1417322834645 47.338582677165356 15.590551181102363 Seppo
200.9763779527559 558.1417322834645 68.5984251968504 15.590551181102363 Niinivaara.

249.4488188976378 642.0472440944882 22.11023622047244 12.188976377952756 53
