287.1496062992126 672.6614173228346
206.36220472440945 20.976377952755904 66.89763779527559 18.992125984251967 LIBAN

33.16535433070866 132.9448818897638 75.96850393700787 19.559055118110237 Commissaire
94.11023622047244 132.9448818897638 55.84251968503937 19.559055118110237 général
134.64566929133858 132.9448818897638 25.228346456692915 19.559055118110237 :
144.56692913385828 132.9448818897638 50.74015748031496 19.559055118110237 Joseph
180.0 132.9448818897638 40.53543307086614 19.559055118110237 Abou
200.40944881889763 132.9448818897638 30.330708661417322 19.559055118110237 Rizk

34.2992125984252 145.41732283464566 35.1496062992126 17.858267716535433 Chef
56.125984251968504 145.41732283464566 26.362204724409448 17.858267716535433 du
69.16535433070867 145.41732283464566 65.76377952755905 17.858267716535433 Département
121.60629921259843 145.41732283464566 30.614173228346456 17.858267716535433 des
139.1811023622047 145.41732283464566 61.22834645669291 17.858267716535433 Beaux-Arts
187.37007874015748 145.41732283464566 26.362204724409448 17.858267716535433 au
200.40944881889763 145.41732283464566 56.976377952755904 17.858267716535433 Ministère
239.81102362204723 145.41732283464566 17.5748031496063 17.858267716535433 de

35.1496062992126 160.15748031496062 56.69291338582677 15.307086614173228 l’Education
76.81889763779527 160.15748031496062 45.354330708661415 15.307086614173228 Nationale.

22.677165354330707 194.45669291338584 32.31496062992126 18.4251968503937 Les
41.10236220472441 194.45669291338584 55.55905511811024 18.4251968503937 quelques
82.77165354330708 194.45669291338584 46.20472440944882 18.4251968503937 toiles
115.08661417322834 194.45669291338584 32.31496062992126 18.4251968503937 qui
133.51181102362204 194.45669291338584 73.98425196850394 18.4251968503937 représentent
193.60629921259843 194.45669291338584 27.77952755905512 18.4251968503937 le
207.49606299212599 194.45669291338584 41.669291338582674 18.4251968503937 Liban
235.2755905511811 194.45669291338584 23.244094488188978 18.4251968503937 à
239.81102362204723 194.45669291338584 18.4251968503937 18.4251968503937 la

13.32283464566929 208.62992125984252 61.511811023622045 15.307086614173228 Quatrième
60.661417322834644 208.62992125984252 56.69291338582677 15.307086614173228 Biennale
103.18110236220473 208.62992125984252 28.346456692913385 15.307086614173228 de
117.35433070866142 208.62992125984252 47.338582677165356 15.307086614173228 Paris,
150.51968503937007 208.62992125984252 28.346456692913385 15.307086614173228 ne
164.69291338582678 208.62992125984252 51.874015748031496 15.307086614173228 donnent
202.39370078740157 208.62992125984252 47.338582677165356 15.307086614173228 qu’une
230.74015748031496 208.62992125984252 28.346456692913385 15.307086614173228 idée

13.606299212598426 216.56692913385828 68.88188976377953 17.858267716535433 incomplète
67.46456692913385 216.56692913385828 29.480314960629922 17.858267716535433 de
82.20472440944881 216.56692913385828 29.480314960629922 17.858267716535433 la
96.94488188976378 216.56692913385828 58.960629921259844 17.858267716535433 peinture
141.16535433070865 216.56692913385828 29.480314960629922 17.858267716535433 de
155.90551181102362 216.56692913385828 34.2992125984252 17.858267716535433 nos
175.46456692913387 216.56692913385828 49.039370078740156 17.858267716535433 jeunes
204.9448818897638 216.56692913385828 54.14173228346457 17.858267716535433 artistes.

13.606299212598426 227.6220472440945 60.37795275590551 18.4251968503937 Sensibles
59.811023622047244 227.6220472440945 23.244094488188978 18.4251968503937 à
69.16535433070867 227.6220472440945 37.13385826771653 18.4251968503937 tous
92.40944881889764 227.6220472440945 32.59842519685039 18.4251968503937 les
110.83464566929133 227.6220472440945 51.023622047244096 18.4251968503937 apports
147.96850393700788 227.6220472440945 64.91338582677166 18.4251968503937 universels
198.99212598425197 227.6220472440945 27.77952755905512 18.4251968503937 et
208.3464566929134 227.6220472440945 51.023622047244096 18.4251968503937 différem-

13.88976377952756 237.82677165354332 37.13385826771653 17.5748031496063 ment
37.13385826771653 237.82677165354332 51.023622047244096 17.5748031496063 nourris
74.26771653543307 237.82677165354332 32.59842519685039 17.5748031496063 par
92.69291338582677 237.82677165354332 32.59842519685039 17.5748031496063 une
111.4015748031496 237.82677165354332 55.84251968503937 17.5748031496063 histoire
153.0708661417323 237.82677165354332 79.08661417322834 17.5748031496063 excessivement
213.4488188976378 237.82677165354332 46.488188976377955 17.5748031496063 nuancée,

13.606299212598426 249.16535433070865 34.01574803149607 18.708661417322833 nos
32.881889763779526 249.16535433070865 58.110236220472444 18.708661417322833 peintres
76.53543307086615 249.16535433070865 29.19685039370079 18.708661417322833 se
91.2755905511811 249.16535433070865 77.66929133858268 18.708661417322833 développent,
154.20472440944883 249.16535433070865 48.47244094488189 18.708661417322833 chacun
188.2204724409449 249.16535433070865 38.83464566929134 18.708661417322833 dans
212.31496062992127 249.16535433070865 29.19685039370079 18.708661417322833 un
221.95275590551182 249.16535433070865 38.83464566929134 18.708661417322833 climat

13.88976377952756 261.6377952755906 31.748031496062993 18.708661417322833 que
32.031496062992126 261.6377952755906 31.748031496062993 18.708661417322833 nul
50.173228346456696 261.6377952755906 40.818897637795274 18.708661417322833 autre
77.10236220472441 261.6377952755906 40.818897637795274 18.708661417322833 n’est
104.31496062992126 261.6377952755906 27.212598425196852 18.708661417322833 en
117.92125984251969 261.6377952755906 45.354330708661415 18.708661417322833 mesure
149.66929133858267 261.6377952755906 27.212598425196852 18.708661417322833 de
163.2755905511811 261.6377952755906 31.748031496062993 18.708661417322833 lui
176.5984251968504 261.6377952755906 49.889763779527556 18.708661417322833 disputer.

22.677165354330707 274.6771653543307 71.14960629921259 14.740157480314961 Cependant,
78.51968503937007 274.6771653543307 35.71653543307087 14.740157480314961 une
98.92913385826772 274.6771653543307 66.04724409448819 14.740157480314961 constante
149.66929133858267 274.6771653543307 30.614173228346456 14.740157480314961 se
164.9763779527559 274.6771653543307 55.84251968503937 14.740157480314961 dégage.
205.79527559055117 274.6771653543307 35.71653543307087 14.740157480314961 Nos
221.10236220472441 274.6771653543307 40.53543307086614 14.740157480314961 jeunes

13.606299212598426 285.73228346456693 57.25984251968504 15.874015748031496 artistes
56.69291338582677 285.73228346456693 38.267716535433074 15.874015748031496 sont
80.50393700787401 285.73228346456693 28.62992125984252 15.874015748031496 de
94.67716535433071 285.73228346456693 62.07874015748032 15.874015748031496 l’Orient;
142.58267716535434 285.73228346456693 38.267716535433074 15.874015748031496 plus
166.39370078740157 285.73228346456693 95.5275590551181 15.874015748031496 particulièrement
242.9291338582677 285.73228346456693 18.992125984251967 15.874015748031496 de

13.88976377952756 296.78740157480314 56.125984251968504 15.307086614173228 l’Orient
55.84251968503937 296.78740157480314 84.18897637795276 15.307086614173228 méditerranéen.
126.14173228346456 296.78740157480314 28.062992125984252 15.307086614173228 On
140.03149606299212 296.78740157480314 28.062992125984252 15.307086614173228 le
154.20472440944883 296.78740157480314 60.94488188976378 15.307086614173228 reconnaît
200.9763779527559 296.78740157480314 23.52755905511811 15.307086614173228 à
210.33070866141733 296.78740157480314 42.23622047244095 15.307086614173228 leurs
233.5748031496063 296.78740157480314 28.062992125984252 15.307086614173228 cou-

14.456692913385826 307.5590551181102 41.38582677165354 14.740157480314961 leurs,
43.653543307086615 307.5590551181102 20.69291338582677 14.740157480314961 à
51.874015748031496 307.5590551181102 33.16535433070866 14.740157480314961 leur
72.56692913385827 307.5590551181102 45.63779527559055 14.740157480314961 vision,
105.73228346456693 307.5590551181102 20.69291338582677 14.740157480314961 à
113.95275590551181 307.5590551181102 33.16535433070866 14.740157480314961 leur
134.64566929133858 307.5590551181102 45.63779527559055 14.740157480314961 finesse
167.81102362204723 307.5590551181102 66.33070866141732 14.740157480314961 d’expression
221.66929133858267 307.5590551181102 24.944881889763778 14.740157480314961 et
234.14173228346456 307.5590551181102 20.69291338582677 14.740157480314961 à
238.11023622047244 307.5590551181102 24.944881889763778 14.740157480314961 leur

13.88976377952756 318.61417322834643 37.41732283464567 15.307086614173228 sens
37.41732283464567 318.61417322834643 28.062992125984252 15.307086614173228 de
51.59055118110236 318.61417322834643 70.2992125984252 15.307086614173228 l’équilibre
107.71653543307086 318.61417322834643 56.125984251968504 15.307086614173228 interne.
149.95275590551182 318.61417322834643 37.41732283464567 15.307086614173228 Chez
173.48031496062993 318.61417322834643 32.881889763779526 15.307086614173228 eux
192.18897637795277 318.61417322834643 46.77165354330709 15.307086614173228 domine
225.0708661417323 318.61417322834643 28.062992125984252 15.307086614173228 la
234.4251968503937 318.61417322834643 28.062992125984252 15.307086614173228 sen-

14.456692913385826 328.53543307086613 55.275590551181104 17.858267716535433 sibilité
55.84251968503937 328.53543307086613 41.38582677165354 17.858267716535433 mêlée
83.62204724409449 328.53543307086613 22.96062992125984 17.858267716535433 à
92.69291338582677 328.53543307086613 55.275590551181104 17.858267716535433 l’homme,
134.36220472440945 328.53543307086613 27.77952755905512 17.858267716535433 la
147.96850393700788 328.53543307086613 69.16535433070867 17.858267716535433 sensibilité
203.5275590551181 328.53543307086613 32.31496062992126 17.858267716535433 qui
221.95275590551182 328.53543307086613 36.8503937007874 17.858267716535433 pose
240.3779527559055 328.53543307086613 22.96062992125984 17.858267716535433 des

14.456692913385826 340.15748031496065 60.09448818897638 15.874015748031496 problèmes
60.661417322834644 340.15748031496065 27.77952755905512 15.874015748031496 et
74.26771653543307 340.15748031496065 32.31496062992126 15.874015748031496 qui
92.97637795275591 340.15748031496065 36.8503937007874 15.874015748031496 mène
115.93700787401575 340.15748031496065 22.96062992125984 15.874015748031496 à
125.29133858267717 340.15748031496065 27.77952755905512 15.874015748031496 la
138.89763779527559 340.15748031496065 36.8503937007874 15.874015748031496 foi.
162.14173228346456 340.15748031496065 36.8503937007874 15.874015748031496 S’il
185.10236220472441 340.15748031496065 32.31496062992126 15.874015748031496 est
203.5275590551181 340.15748031496065 60.09448818897638 15.874015748031496 difficile
245.1968503937008 340.15748031496065 18.4251968503937 15.874015748031496 de

14.740157480314961 351.496062992126 50.74015748031496 15.307086614173228 prévoir
51.59055118110236 351.496062992126 27.77952755905512 15.307086614173228 où
65.48031496062993 351.496062992126 32.31496062992126 15.307086614173228 ils
83.90551181102362 351.496062992126 41.38582677165354 15.307086614173228 vont,
111.4015748031496 351.496062992126 27.77952755905512 15.307086614173228 il
125.29133858267717 351.496062992126 32.31496062992126 15.307086614173228 est
143.71653543307087 351.496062992126 32.31496062992126 15.307086614173228 par
162.14173228346456 351.496062992126 46.20472440944882 15.307086614173228 contre
194.45669291338584 351.496062992126 36.8503937007874 15.307086614173228 aisé
217.41732283464566 351.496062992126 27.77952755905512 15.307086614173228 de
226.77165354330708 351.496062992126 36.8503937007874 15.307086614173228 savoir

15.023622047244094 364.251968503937 32.59842519685039 15.590551181102363 d’où
35.43307086614173 364.251968503937 28.62992125984252 15.590551181102363 ils
47.62204724409449 364.251968503937 44.78740157480315 15.590551181102363 viennent.

161.85826771653544 377.29133858267716 56.69291338582677 17.007874015748033 Joseph
201.54330708661416 377.29133858267716 45.354330708661415 17.007874015748033 Abou
224.2204724409449 377.29133858267716 39.68503937007874 17.007874015748033 Rizk.

91.55905511811024 445.8897637795276 63.77952755905512 19.559055118110237 PEINTURE
139.46456692913387 445.8897637795276 32.031496062992126 19.559055118110237 ET
150.23622047244095 445.8897637795276 42.51968503937008 19.559055118110237 DESSIN

28.913385826771652 466.86614173228344 47.90551181102362 11.905511811023622 Rafic
64.91338582677166 466.86614173228344 55.84251968503937 11.905511811023622 CHARAF
108.85039370078741 466.86614173228344 23.811023622047244 11.905511811023622 né
120.75590551181102 466.86614173228344 23.811023622047244 11.905511811023622 en
132.66141732283464 466.86614173228344 32.031496062992126 11.905511811023622 1932
152.50393700787401 466.86614173228344 19.84251968503937 11.905511811023622 à
160.7244094488189 466.86614173228344 43.93700787401575 11.905511811023622 Baalbek
188.50393700787401 466.86614173228344 39.968503937007874 11.905511811023622 (Liban).

20.976377952755904 476.2204724409449 41.10236220472441 16.440944881889763 1
51.59055118110236 476.2204724409449 30.614173228346456 16.440944881889763 Jeune
72.28346456692914 476.2204724409449 30.614173228346456 16.440944881889763 fille
92.69291338582677 476.2204724409449 23.811023622047244 16.440944881889763 aux
106.2992125984252 476.2204724409449 37.7007874015748 16.440944881889763 fleurs,
133.79527559055117 476.2204724409449 27.212598425196852 16.440944881889763 1964
150.8031496062992 476.2204724409449 37.7007874015748 16.440944881889763 (huile,
178.01574803149606 476.2204724409449 20.409448818897637 16.440944881889763 70
188.50393700787401 476.2204724409449 17.007874015748033 16.440944881889763 x
191.90551181102362 476.2204724409449 23.811023622047244 16.440944881889763 57).»

29.480314960629922 487.5590551181102 49.889763779527556 15.307086614173228 Michel
68.03149606299213 487.5590551181102 22.96062992125984 15.307086614173228 EL
79.37007874015748 487.5590551181102 45.92125984251968 15.307086614173228 MIR
113.95275590551181 487.5590551181102 22.96062992125984 15.307086614173228 né
125.29133858267717 487.5590551181102 22.96062992125984 15.307086614173228 en
136.91338582677164 487.5590551181102 30.614173228346456 15.307086614173228 1930
155.90551181102362 487.5590551181102 19.275590551181104 15.307086614173228 à
163.55905511811022 487.5590551181102 34.58267716535433 15.307086614173228 Batha
182.83464566929135 487.5590551181102 38.267716535433074 15.307086614173228 (Liban).

20.69291338582677 499.748031496063 40.25196850393701 16.724409448818896 2
51.023622047244096 499.748031496063 36.8503937007874 16.724409448818896 Rivière
77.66929133858268 499.748031496063 36.8503937007874 16.724409448818896 d’ocre,
104.5984251968504 499.748031496063 26.929133858267715 16.724409448818896 1964
121.32283464566929 499.748031496063 36.8503937007874 16.724409448818896 (huile,
148.251968503937 499.748031496063 20.125984251968504 16.724409448818896 50
158.17322834645668 499.748031496063 16.724409448818896 16.724409448818896 x
161.5748031496063 499.748031496063 20.125984251968504 16.724409448818896 71).

29.480314960629922 514.2047244094488 52.15748031496063 13.32283464566929 Mounir
69.73228346456693 514.2047244094488 56.40944881889764 13.32283464566929 NAJEN
113.95275590551181 514.2047244094488 24.094488188976378 13.32283464566929 né
125.85826771653544 514.2047244094488 24.094488188976378 13.32283464566929 en
138.04724409448818 514.2047244094488 32.031496062992126 13.32283464566929 1934
158.17322834645668 514.2047244094488 20.125984251968504 13.32283464566929 à
166.11023622047244 514.2047244094488 32.031496062992126 13.32283464566929 Deir
186.23622047244095 514.2047244094488 24.094488188976378 13.32283464566929 el
198.14173228346456 514.2047244094488 36.28346456692913 13.32283464566929 Kamar
218.26771653543307 514.2047244094488 40.25196850393701 13.32283464566929 (Liban).

20.976377952755904 527.2440944881889 45.07086614173228 11.622047244094489 3
54.70866141732284 527.2440944881889 33.732283464566926 11.622047244094489 Nuits
77.10236220472441 527.2440944881889 48.75590551181102 11.622047244094489 d’Orient,
114.80314960629921 527.2440944881889 30.04724409448819 11.622047244094489 1965
133.51181102362204 527.2440944881889 41.38582677165354 11.622047244094489 (huile,
163.55905511811022 527.2440944881889 26.362204724409448 11.622047244094489 100
178.58267716535434 527.2440944881889 18.708661417322833 11.622047244094489 x
186.23622047244095 527.2440944881889 30.04724409448819 11.622047244094489 82).
204.9448818897638 527.2440944881889 48.75590551181102 11.622047244094489 Propriété
238.6771653543307 527.2440944881889 30.04724409448819 11.622047244094489 Minis-

28.62992125984252 536.5984251968504 31.748031496062993 14.456692913385826 tère
48.47244094488189 536.5984251968504 51.59055118110236 14.456692913385826 Education
88.15748031496064 536.5984251968504 55.55905511811024 14.456692913385826 Nationale,
127.84251968503936 536.5984251968504 31.748031496062993 14.456692913385826 Liban.

29.480314960629922 549.6377952755905 43.37007874015748 12.472440944881889 Adel
60.94488188976378 549.6377952755905 58.960629921259844 12.472440944881889 SAGHIR
108.28346456692914 549.6377952755905 23.52755905511811 12.472440944881889 né
119.90551181102362 549.6377952755905 23.52755905511811 12.472440944881889 en
131.81102362204723 549.6377952755905 31.46456692913386 12.472440944881889 1930
151.37007874015748 549.6377952755905 19.559055118110237 12.472440944881889 à
159.30708661417322 549.6377952755905 47.338582677165356 12.472440944881889 Beyrouth
190.77165354330708 549.6377952755905 39.40157480314961 12.472440944881889 (Liban).

21.543307086614174 560.6929133858267 42.23622047244095 15.307086614173228 4
53.00787401574803 560.6929133858267 49.32283464566929 15.307086614173228 Samarkand,
91.84251968503936 560.6929133858267 28.062992125984252 15.307086614173228 1965
109.41732283464567 560.6929133858267 38.83464566929134 15.307086614173228 (huile,
137.76377952755905 560.6929133858267 21.25984251968504 15.307086614173228 67
148.251968503937 560.6929133858267 17.5748031496063 15.307086614173228 x
151.6535433070866 560.6929133858267 21.25984251968504 15.307086614173228 97).

30.04724409448819 576.0 47.05511811023622 10.488188976377952 Nadia
65.48031496062993 576.0 62.645669291338585 10.488188976377952 SAIKALI
116.22047244094489 576.0 27.496062992125985 10.488188976377952 née
132.09448818897638 576.0 23.52755905511811 10.488188976377952 en
143.71653543307087 576.0 31.46456692913386 10.488188976377952 1936
163.2755905511811 576.0 19.559055118110237 10.488188976377952 à
171.21259842519686 576.0 47.05511811023622 10.488188976377952 Beyrouth
202.6771653543307 576.0 39.118110236220474 10.488188976377952 (Liban).

21.826771653543307 585.6377952755905 42.51968503937008 14.456692913385826 5
53.574803149606296 585.6377952755905 56.69291338582677 14.456692913385826 Composition,
99.49606299212599 585.6377952755905 28.346456692913385 14.456692913385826 1965
117.07086614173228 585.6377952755905 38.83464566929134 14.456692913385826 (huile,
145.41732283464566 585.6377952755905 21.25984251968504 14.456692913385826 81
156.18897637795277 585.6377952755905 17.5748031496063 14.456692913385826 x
159.59055118110237 585.6377952755905 21.25984251968504 14.456692913385826 54).

30.04724409448819 599.8110236220473 47.338582677165356 15.307086614173228 Amine
65.48031496062993 599.8110236220473 55.275590551181104 15.307086614173228 SFEIR
108.85039370078741 599.8110236220473 23.52755905511811 15.307086614173228 né
120.75590551181102 599.8110236220473 23.52755905511811 15.307086614173228 en
132.3779527559055 599.8110236220473 31.46456692913386 15.307086614173228 1931
152.2204724409449 599.8110236220473 19.559055118110237 15.307086614173228 à
160.15748031496062 599.8110236220473 43.37007874015748 15.307086614173228 Rayfoun
187.6535433070866 599.8110236220473 39.40157480314961 15.307086614173228 (Liban).

22.11023622047244 609.7322834645669 40.818897637795274 14.456692913385826 6
52.724409448818896 609.7322834645669 44.22047244094488 14.456692913385826 L'’enfant
86.74015748031496 609.7322834645669 44.22047244094488 14.456692913385826 retrouvé,
120.75590551181102 609.7322834645669 27.212598425196852 14.456692913385826 1965
137.76377952755905 609.7322834645669 37.41732283464567 14.456692913385826 (huile,
164.9763779527559 609.7322834645669 20.409448818897637 14.456692913385826 73
175.1811023622047 609.7322834645669 17.007874015748033 14.456692913385826 x
178.58267716535434 609.7322834645669 20.409448818897637 14.456692913385826 61).

251.1496062992126 642.6141732283464 19.84251968503937 11.622047244094489 81
