307.84251968503935 672.6614173228346
9.921259842519685 30.04724409448819 136.3464566929134 18.141732283464567 LUXEMBOURG

60.09448818897638 117.07086614173228 78.80314960629921 13.606299212598426 Commissaire
123.30708661417323 117.07086614173228 62.92913385826772 13.606299212598426 général:
170.36220472440945 117.07086614173228 57.826771653543304 13.606299212598426 Edouard
207.21259842519686 117.07086614173228 41.95275590551181 13.606299212598426 Probst

61.22834645669291 131.81102362204723 58.39370078740158 15.023622047244094 Conseiller
107.14960629921259 131.81102362204723 24.944881889763778 15.023622047244094 du
119.62204724409449 131.81102362204723 66.89763779527559 15.023622047244094 Gouvernement
174.04724409448818 131.81102362204723 24.944881889763778 15.023622047244094 au
186.51968503937007 131.81102362204723 54.14173228346457 15.023622047244094 Ministère
228.18897637795277 131.81102362204723 29.19685039370079 15.023622047244094 des
244.91338582677164 131.81102362204723 33.44881889763779 15.023622047244094 Arts
261.6377952755906 131.81102362204723 16.724409448818896 15.023622047244094 et

56.40944881889764 140.03149606299212 48.47244094488189 13.32283464566929 Sciences.

45.354330708661415 170.64566929133858 33.732283464566926 16.724409448818896 Les
64.62992125984252 170.64566929133858 38.83464566929134 16.724409448818896 deux
89.00787401574803 170.64566929133858 58.110236220472444 16.724409448818896 artistes
132.3779527559055 170.64566929133858 33.732283464566926 16.724409448818896 qui
151.6535433070866 170.64566929133858 77.38582677165354 16.724409448818896 représentent
214.58267716535434 170.64566929133858 28.913385826771652 16.724409448818896 le
224.2204724409449 170.64566929133858 53.29133858267716 16.724409448818896 Luxemboug

32.031496062992126 183.96850393700788 49.039370078740156 11.622047244094489 cette
64.62992125984252 183.96850393700788 49.039370078740156 11.622047244094489 année
97.51181102362204 183.96850393700788 49.039370078740156 11.622047244094489 n’ont
130.39370078740157 183.96850393700788 54.70866141732284 11.622047244094489 qu’une
168.66141732283464 183.96850393700788 49.039370078740156 11.622047244094489 chose
201.25984251968504 183.96850393700788 32.881889763779526 11.622047244094489 en
217.70078740157481 183.96850393700788 60.09448818897638 11.622047244094489 commun:
255.96850393700788 183.96850393700788 21.826771653543307 11.622047244094489 is

32.59842519685039 193.3228346456693 67.46456692913385 13.88976377952756 continuent
85.60629921259843 193.3228346456693 24.094488188976378 13.88976377952756 à
95.24409448818898 193.3228346456693 48.188976377952756 13.88976377952756 croire
128.9763779527559 193.3228346456693 33.732283464566926 13.88976377952756 aux
148.251968503937 193.3228346456693 48.188976377952756 13.88976377952756 vertus
181.70078740157481 193.3228346456693 28.913385826771652 13.88976377952756 de
196.15748031496062 193.3228346456693 28.913385826771652 13.88976377952756 la
210.61417322834646 193.3228346456693 62.645669291338585 13.88976377952756 peinture.
253.98425196850394 193.3228346456693 24.094488188976378 13.88976377952756 Sil

32.31496062992126 204.9448818897638 49.32283464566929 13.32283464566929 s’agit
66.61417322834646 204.9448818897638 29.480314960629922 13.32283464566929 là
81.35433070866142 204.9448818897638 44.22047244094488 13.32283464566929 d’une
111.11811023622047 204.9448818897638 58.960629921259844 13.32283464566929 position
155.33858267716536 204.9448818897638 34.58267716535433 13.32283464566929 qui
174.89763779527559 204.9448818897638 44.22047244094488 13.32283464566929 n’est
204.3779527559055 204.9448818897638 34.58267716535433 13.32283464566929 pas
224.2204724409449 204.9448818897638 54.14173228346457 13.32283464566929 adoptée
258.8031496062992 204.9448818897638 19.559055118110237 13.32283464566929 pa

32.59842519685039 215.1496062992126 37.13385826771653 13.606299212598426 tous
55.55905511811024 215.1496062992126 32.31496062992126 13.606299212598426 les
74.26771653543307 215.1496062992126 46.20472440944882 13.606299212598426 jeunes
106.58267716535433 215.1496062992126 83.33858267716535 13.606299212598426 d’aujourd’hui,
176.03149606299212 215.1496062992126 27.77952755905512 13.606299212598426 on
189.92125984251967 215.1496062992126 37.13385826771653 13.606299212598426 peut
212.88188976377953 215.1496062992126 51.023622047244096 13.606299212598426 estimer
245.48031496062993 215.1496062992126 32.31496062992126 13.606299212598426 qu’au

32.31496062992126 224.50393700787401 37.13385826771653 13.606299212598426 fond
55.275590551181104 224.50393700787401 37.13385826771653 13.606299212598426 elle
78.51968503937007 224.50393700787401 32.59842519685039 13.606299212598426 est
97.22834645669292 224.50393700787401 41.669291338582674 13.606299212598426 moins
125.00787401574803 224.50393700787401 51.023622047244096 13.606299212598426 démodée
162.14173228346456 224.50393700787401 32.59842519685039 13.606299212598426 que
180.56692913385828 224.50393700787401 55.55905511811024 13.606299212598426 certains
222.51968503937007 224.50393700787401 27.77952755905512 13.606299212598426 se
231.59055118110237 224.50393700787401 46.488188976377955 13.606299212598426 plaisent

32.031496062992126 236.1259842519685 23.52755905511811 13.606299212598426 à
41.669291338582674 236.1259842519685 28.346456692913385 13.606299212598426 le
55.84251968503937 236.1259842519685 66.04724409448819 13.606299212598426 prétendre.
107.71653543307086 236.1259842519685 47.338582677165356 13.606299212598426 Croire
140.88188976377953 236.1259842519685 23.52755905511811 13.606299212598426 à
150.23622047244095 236.1259842519685 28.346456692913385 13.606299212598426 la
164.40944881889763 236.1259842519685 61.511811023622045 13.606299212598426 peinture,
211.748031496063 236.1259842519685 37.7007874015748 13.606299212598426 pour
235.2755905511811 236.1259842519685 33.16535433070866 13.606299212598426 nos
249.4488188976378 236.1259842519685 28.346456692913385 13.606299212598426 deux

31.748031496062993 248.31496062992127 58.110236220472444 12.188976377952756 artistes,
76.53543307086615 248.31496062992127 40.25196850393701 12.188976377952756 c’est
103.46456692913385 248.31496062992127 44.78740157480315 12.188976377952756 croire
134.9291338582677 248.31496062992127 22.393700787401574 12.188976377952756 à
143.71653543307087 248.31496062992127 26.929133858267715 12.188976377952756 la
157.3228346456693 248.31496062992127 58.110236220472444 12.188976377952756 nécessité
201.82677165354332 248.31496062992127 31.46456692913386 12.188976377952756 non
219.96850393700788 248.31496062992127 58.110236220472444 12.188976377952756 seulement
260.2204724409449 248.31496062992127 17.858267716535433 12.188976377952756 de

31.748031496062993 257.38582677165357 38.55118110236221 11.05511811023622 dire
55.84251968503937 257.38582677165357 53.00787401574803 11.05511811023622 quelque
94.39370078740157 257.38582677165357 48.188976377952756 11.05511811023622 chose,
128.1259842519685 257.38582677165357 38.55118110236221 11.05511811023622 mais
152.2204724409449 257.38582677165357 28.913385826771652 11.05511811023622 de
166.6771653543307 257.38582677165357 28.913385826771652 11.05511811023622 le
181.13385826771653 257.38582677165357 38.55118110236221 11.05511811023622 dire
205.22834645669292 257.38582677165357 28.913385826771652 11.05511811023622 en
219.68503937007873 257.38582677165357 28.913385826771652 11.05511811023622 se
229.3228346456693 257.38582677165357 48.188976377952756 11.05511811023622 préoccu-

32.031496062992126 270.4251968503937 39.118110236220474 13.32283464566929 pant
56.40944881889764 270.4251968503937 29.480314960629922 13.32283464566929 de
71.14960629921259 270.4251968503937 29.480314960629922 13.32283464566929 ce
85.88976377952756 270.4251968503937 39.118110236220474 13.32283464566929 qui,
110.26771653543307 270.4251968503937 24.37795275590551 13.32283464566929 à
120.18897637795276 270.4251968503937 53.85826771653543 13.32283464566929 l’heure
159.30708661417322 270.4251968503937 63.77952755905512 13.32283464566929 actuelle,
208.3464566929134 270.4251968503937 34.2992125984252 13.32283464566929 est
227.90551181102362 270.4251968503937 29.480314960629922 13.32283464566929 si
242.36220472440945 270.4251968503937 53.85826771653543 13.32283464566929 souvent
281.76377952755905 270.4251968503937 34.2992125984252 13.32283464566929 dé¬

32.031496062992126 279.7795275590551 41.10236220472441 12.188976377952756 crié:
59.24409448818898 279.7795275590551 32.031496062992126 12.188976377952756 les
77.66929133858268 279.7795275590551 50.173228346456696 12.188976377952756 valeurs
113.95275590551181 279.7795275590551 72.85039370078741 12.188976377952756 esthétiques.
173.1968503937008 279.7795275590551 32.031496062992126 12.188976377952756 Par
191.6220472440945 279.7795275590551 59.24409448818898 12.188976377952756 ailleurs,
236.9763779527559 279.7795275590551 45.63779527559055 12.188976377952756 chacun
264.4724409448819 279.7795275590551 13.606299212598426 12.188976377952756 a

31.46456692913386 289.98425196850394 31.748031496062993 14.173228346456693 un
47.338582677165356 289.98425196850394 47.90551181102362 14.173228346456693 autre
79.37007874015748 289.98425196850394 85.03937007874016 14.173228346456693 tempérament,
148.53543307086613 289.98425196850394 37.13385826771653 14.173228346456693 une
169.79527559055117 289.98425196850394 47.90551181102362 14.173228346456693 autre
201.54330708661416 289.98425196850394 58.39370078740158 14.173228346456693 manière
244.06299212598427 289.98425196850394 31.748031496062993 14.173228346456693 et
259.93700787401576 289.98425196850394 58.39370078740158 14.173228346456693 jusqu’à

22.11023622047244 301.3228346456693 100.06299212598425 11.622047244094489 une
79.08661417322834 301.3228346456693 128.69291338582678 11.622047244094489 autre
164.9763779527559 301.3228346456693 171.7795275590551 11.622047244094489 matière.

43.93700787401575 312.66141732283467 30.89763779527559 15.307086614173228 Lou
61.79527559055118 312.66141732283467 48.47244094488189 15.307086614173228 Kreintz
96.94488188976378 312.66141732283467 66.04724409448819 15.307086614173228 affectionne
149.95275590551182 312.66141732283467 26.362204724409448 15.307086614173228 le
163.2755905511811 312.66141732283467 48.47244094488189 15.307086614173228 pastel.
198.4251968503937 312.66141732283467 30.89763779527559 15.307086614173228 Non
216.0 312.66141732283467 39.68503937007874 15.307086614173228 parce
238.11023622047244 312.66141732283467 39.68503937007874 15.307086614173228 qu’elle

31.46456692913386 325.13385826771656 56.69291338582677 13.32283464566929 voudrait
73.98425196850394 325.13385826771656 52.15748031496063 13.32283464566929 séduire
111.96850393700787 325.13385826771656 33.16535433070866 13.32283464566929 par
130.96062992125985 325.13385826771656 28.346456692913385 13.32283464566929 la
145.13385826771653 325.13385826771656 52.15748031496063 13.32283464566929 douceur
182.83464566929135 325.13385826771656 28.346456692913385 13.32283464566929 et
197.00787401574803 325.13385826771656 28.346456692913385 13.32283464566929 le
211.1811023622047 325.13385826771656 56.69291338582677 13.32283464566929 fragile,
249.16535433070865 325.13385826771656 28.346456692913385 13.32283464566929 mais

32.031496062992126 336.18897637795277 41.669291338582674 11.905511811023622 parce
59.811023622047244 336.18897637795277 41.669291338582674 11.905511811023622 qu’il
87.59055118110236 336.18897637795277 32.31496062992126 11.905511811023622 lui
106.01574803149606 336.18897637795277 51.023622047244096 11.905511811023622 importe
143.1496062992126 336.18897637795277 27.77952755905512 11.905511811023622 de
157.03937007874015 336.18897637795277 46.20472440944882 11.905511811023622 donner
189.35433070866142 336.18897637795277 23.244094488188978 11.905511811023622 à
198.4251968503937 336.18897637795277 32.31496062992126 11.905511811023622 ses
217.13385826771653 336.18897637795277 51.023622047244096 11.905511811023622 teintes
249.4488188976378 336.18897637795277 27.77952755905512 11.905511811023622 sou-

31.46456692913386 345.8267716535433 46.488188976377955 13.88976377952756 tenues
63.77952755905512 345.8267716535433 27.77952755905512 13.88976377952756 ce
77.95275590551181 345.8267716535433 51.023622047244096 13.88976377952756 velouté
115.08661417322834 345.8267716535433 32.59842519685039 13.88976377952756 qui
133.51181102362204 345.8267716535433 55.84251968503937 13.88976377952756 augmente
175.46456692913387 345.8267716535433 23.244094488188978 13.88976377952756 à
184.8188976377953 345.8267716535433 27.77952755905512 13.88976377952756 la
198.70866141732284 345.8267716535433 37.13385826771653 13.88976377952756 fois
221.95275590551182 345.8267716535433 37.13385826771653 13.88976377952756 leur
240.66141732283464 345.8267716535433 37.13385826771653 13.88976377952756 charme

32.031496062992126 357.4488188976378 27.77952755905512 12.472440944881889 et
45.92125984251968 357.4488188976378 37.13385826771653 12.472440944881889 leur
68.88188976377953 357.4488188976378 69.44881889763779 12.472440944881889 profondeur.
124.44094488188976 357.4488188976378 27.77952755905512 12.472440944881889 Il
138.33070866141733 357.4488188976378 23.244094488188978 12.472440944881889 y
147.68503937007873 357.4488188976378 23.244094488188978 12.472440944881889 a
157.03937007874015 357.4488188976378 51.023622047244096 12.472440944881889 quelque
193.88976377952756 357.4488188976378 41.669291338582674 12.472440944881889 chose
221.66929133858267 357.4488188976378 27.77952755905512 12.472440944881889 de
231.0236220472441 357.4488188976378 46.20472440944882 12.472440944881889 solennel

30.89763779527559 368.503937007874 40.25196850393701 13.32283464566929 dans
56.125984251968504 368.503937007874 35.1496062992126 13.32283464566929 son
76.25196850393701 368.503937007874 40.25196850393701 13.32283464566929 art,
101.19685039370079 368.503937007874 55.275590551181104 13.32283464566929 quelque
141.4488188976378 368.503937007874 45.07086614173228 13.32283464566929 chose
171.49606299212599 368.503937007874 30.04724409448819 13.32283464566929 de
186.51968503937007 368.503937007874 70.2992125984252 13.32283464566929 chaleureux
236.69291338582678 368.503937007874 40.25196850393701 13.32283464566929 aussi,

30.614173228346456 378.4251968503937 60.661417322834644 11.905511811023622 d’ardent
76.25196850393701 378.4251968503937 30.330708661417322 11.905511811023622 et
91.2755905511811 378.4251968503937 30.330708661417322 11.905511811023622 en
106.58267716535433 378.4251968503937 40.53543307086614 11.905511811023622 même
131.81102362204723 378.4251968503937 45.63779527559055 11.905511811023622 temps
162.14173228346456 378.4251968503937 30.330708661417322 11.905511811023622 de
172.3464566929134 378.4251968503937 45.63779527559055 11.905511811023622 secret.

43.93700787401575 390.61417322834643 34.58267716535433 14.740157480314961 Marc
65.48031496062993 390.61417322834643 56.125984251968504 14.740157480314961 Reckinger
108.56692913385827 390.61417322834643 30.330708661417322 14.740157480314961 est
125.85826771653544 390.61417322834643 51.874015748031496 14.740157480314961 partisan
164.69291338582678 390.61417322834643 25.79527559055118 14.740157480314961 de
177.73228346456693 390.61417322834643 25.79527559055118 14.740157480314961 la
190.48818897637796 390.61417322834643 51.874015748031496 14.740157480314961 peinture
229.60629921259843 390.61417322834643 21.543307086614174 14.740157480314961 à
233.85826771653544 390.61417322834643 43.08661417322835 14.740157480314961 l’huile.

31.748031496062993 402.8031496062992 33.16535433070866 13.32283464566929 Des
50.74015748031496 402.8031496062992 47.05511811023622 13.32283464566929 aplats
83.62204724409449 402.8031496062992 51.874015748031496 13.32283464566929 souvent
121.60629921259843 402.8031496062992 47.05511811023622 13.32283464566929 larges
154.48818897637796 402.8031496062992 28.346456692913385 13.32283464566929 se
168.66141732283464 402.8031496062992 61.22834645669291 13.32283464566929 partagent
216.0 402.8031496062992 33.16535433070866 13.32283464566929 ses
230.17322834645668 402.8031496062992 47.05511811023622 13.32283464566929 tableaux

31.748031496062993 414.99212598425197 25.79527559055118 10.488188976377952 et
44.503937007874015 414.99212598425197 34.58267716535433 10.488188976377952 s’il
66.33070866141732 414.99212598425197 30.330708661417322 10.488188976377952 est
83.33858267716535 414.99212598425197 47.338582677165356 10.488188976377952 évident
117.92125984251969 414.99212598425197 30.330708661417322 10.488188976377952 que
135.21259842519686 414.99212598425197 34.58267716535433 10.488188976377952 tous
156.75590551181102 414.99212598425197 30.330708661417322 10.488188976377952 ces
174.04724409448818 414.99212598425197 38.83464566929134 10.488188976377952 bruns
199.84251968503938 414.99212598425197 25.79527559055118 10.488188976377952 et
212.88188976377953 414.99212598425197 30.330708661417322 10.488188976377952 ces
230.17322834645668 414.99212598425197 38.83464566929134 10.488188976377952 noirs
251.71653543307087 414.99212598425197 25.79527559055118 10.488188976377952 sont

32.031496062992126 427.18110236220474 48.188976377952756 10.488188976377952 choisis
66.89763779527559 427.18110236220474 26.362204724409448 10.488188976377952 en
80.22047244094489 427.18110236220474 30.614173228346456 10.488188976377952 vue
97.79527559055119 427.18110236220474 26.362204724409448 10.488188976377952 de
110.83464566929133 427.18110236220474 52.724409448818896 10.488188976377952 traduire
150.23622047244095 427.18110236220474 26.362204724409448 10.488188976377952 de
163.55905511811022 427.18110236220474 26.362204724409448 10.488188976377952 la
176.5984251968504 427.18110236220474 65.76377952755905 10.488188976377952 mélancolie,
229.3228346456693 427.18110236220474 26.362204724409448 10.488188976377952 de
242.36220472440945 427.18110236220474 26.362204724409448 10.488188976377952 la
251.1496062992126 427.18110236220474 26.362204724409448 10.488188976377952 nos-

31.46456692913386 436.53543307086613 48.188976377952756 11.338582677165354 talgie,
66.33070866141732 436.53543307086613 26.362204724409448 11.338582677165354 de
79.65354330708661 436.53543307086613 74.55118110236221 11.338582677165354 l’abattement,
141.16535433070865 436.53543307086613 26.362204724409448 11.338582677165354 il
154.20472440944883 436.53543307086613 30.614173228346456 11.338582677165354 est
171.7795275590551 436.53543307086613 30.614173228346456 11.338582677165354 non
189.35433070866142 436.53543307086613 39.40157480314961 11.338582677165354 moins
215.71653543307087 436.53543307086613 39.40157480314961 11.338582677165354 clair
242.07874015748033 436.53543307086613 30.614173228346456 11.338582677165354 que
255.4015748031496 436.53543307086613 21.826771653543307 11.338582677165354 les

32.31496062992126 446.74015748031496 52.44094488188976 11.622047244094489 couleurs
71.43307086614173 446.74015748031496 30.614173228346456 11.622047244094489 ont
89.00787401574803 446.74015748031496 30.614173228346456 11.622047244094489 une
106.58267716535433 446.74015748031496 43.653543307086615 11.622047244094489 valeur
137.1968503937008 446.74015748031496 48.188976377952756 11.622047244094489 propre,
172.3464566929134 446.74015748031496 30.614173228346456 11.622047244094489 que
189.63779527559055 446.74015748031496 26.362204724409448 11.622047244094489 le
202.96062992125985 446.74015748031496 34.86614173228347 11.622047244094489 soin
224.78740157480314 446.74015748031496 34.86614173228347 11.622047244094489 avec
242.36220472440945 446.74015748031496 34.86614173228347 11.622047244094489 lequel

31.46456692913386 457.2283464566929 41.10236220472441 12.755905511811024 elles
58.67716535433071 457.2283464566929 36.28346456692913 12.755905511811024 sont
81.63779527559055 457.2283464566929 50.173228346456696 12.755905511811024 étalées
117.92125984251969 457.2283464566929 27.212598425196852 12.755905511811024 et
131.5275590551181 457.2283464566929 72.85039370078741 12.755905511811024 harmonisées,
190.77165354330708 457.2283464566929 45.63779527559055 12.755905511811024 trahit
222.51968503937007 457.2283464566929 31.748031496062993 12.755905511811024 une
236.1259842519685 457.2283464566929 41.10236220472441 12.755905511811024 recher-

31.181102362204726 469.4173228346457 32.031496062992126 10.488188976377952 che
49.32283464566929 469.4173228346457 68.31496062992126 10.488188976377952 d’équilibre
104.03149606299213 469.4173228346457 41.10236220472441 10.488188976377952 ainsi
131.5275590551181 469.4173228346457 32.031496062992126 10.488188976377952 que
149.66929133858267 469.4173228346457 27.496062992125985 10.488188976377952 le
163.55905511811022 469.4173228346457 41.10236220472441 10.488188976377952 souci
190.77165354330708 469.4173228346457 27.496062992125985 10.488188976377952 de
204.3779527559055 469.4173228346457 41.10236220472441 10.488188976377952 faire
231.8740157480315 469.4173228346457 27.496062992125985 10.488188976377952 de
240.9448818897638 469.4173228346457 36.56692913385827 10.488188976377952 l’œuve

31.46456692913386 477.9212598425197 32.881889763779526 13.32283464566929 une
50.45669291338583 477.9212598425197 51.59055118110236 13.32283464566929 réalité
87.8740157480315 477.9212598425197 56.40944881889764 13.32283464566929 purement
125.5748031496063 477.9212598425197 56.40944881889764 13.32283464566929 picturale.

206.07874015748033 488.12598425196853 48.75590551181102 17.858267716535433 Edouard
237.25984251968504 488.12598425196853 39.68503937007874 17.858267716535433 Probst.

114.80314960629921 528.0944881889764 64.91338582677166 20.976377952755904 PEINTURE
163.2755905511811 528.0944881889764 32.31496062992126 20.976377952755904 ET
174.33070866141733 528.0944881889764 43.08661417322835 20.976377952755904 DESSIN

46.488188976377955 546.8031496062993 75.11811023622047 13.606299212598426 Marie-Lou
107.71653543307086 546.8031496062993 70.58267716535433 13.606299212598426 KREINTZ
164.1259842519685 546.8031496062993 32.881889763779526 13.606299212598426 née
182.83464566929135 546.8031496062993 28.346456692913385 13.606299212598426 en
197.00787401574803 546.8031496062993 37.7007874015748 13.606299212598426 1934
220.53543307086613 546.8031496062993 23.52755905511811 13.606299212598426 à
225.35433070866142 546.8031496062993 51.59055118110236 13.606299212598426 Luxembour

41.669291338582674 557.2913385826772 71.71653543307086 12.755905511811024 (Luxembourg).

37.13385826771653 566.3622047244095 45.07086614173228 13.039370078740157 1
70.86614173228347 566.3622047244095 56.125984251968504 13.039370078740157 Composition
115.65354330708661 566.3622047244095 22.393700787401574 13.039370078740157 I,
126.99212598425197 566.3622047244095 30.04724409448819 13.039370078740157 1964
145.70078740157481 566.3622047244095 45.07086614173228 13.039370078740157 (pastel,
179.43307086614172 566.3622047244095 22.393700787401574 13.039370078740157 49
190.77165354330708 566.3622047244095 18.708661417322833 13.039370078740157 x
194.45669291338584 566.3622047244095 22.393700787401574 13.039370078740157 63).

37.7007874015748 576.5669291338583 43.93700787401575 13.32283464566929 2
70.58267716535433 576.5669291338583 54.99212598425197 13.32283464566929 Composition
114.51968503937007 576.5669291338583 25.511811023622048 13.32283464566929 II,
129.25984251968504 576.5669291338583 29.19685039370079 13.32283464566929 1964
147.68503937007873 576.5669291338583 43.93700787401575 13.32283464566929 (pastel,
180.56692913385828 576.5669291338583 22.11023622047244 13.32283464566929 49
191.6220472440945 576.5669291338583 18.4251968503937 13.32283464566929 x
195.30708661417322 576.5669291338583 22.11023622047244 13.32283464566929 63).

37.41732283464567 586.2047244094488 43.08661417322835 13.039370078740157 3
69.73228346456693 586.2047244094488 53.85826771653543 13.039370078740157 Composition
112.81889763779527 586.2047244094488 28.62992125984252 13.039370078740157 III,
130.96062992125985 586.2047244094488 28.62992125984252 13.039370078740157 1964
148.8188976377953 586.2047244094488 43.08661417322835 13.039370078740157 (pastel,
181.13385826771653 586.2047244094488 21.543307086614174 13.039370078740157 49
191.90551181102362 586.2047244094488 17.858267716535433 13.039370078740157 x
195.59055118110237 586.2047244094488 21.543307086614174 13.039370078740157 63).

47.338582677165356 599.8110236220473 45.92125984251968 11.622047244094489 Marc
80.78740157480316 599.8110236220473 75.11811023622047 11.622047244094489 RECKINGER
143.43307086614172 599.8110236220473 24.944881889763778 11.622047244094489 né
155.90551181102362 599.8110236220473 24.944881889763778 11.622047244094489 en
168.3779527559055 599.8110236220473 33.44881889763779 11.622047244094489 1940
189.35433070866142 599.8110236220473 20.976377952755904 11.622047244094489 à
197.5748031496063 599.8110236220473 58.39370078740158 11.622047244094489 Ettelbruck
239.5275590551181 599.8110236220473 37.7007874015748 11.622047244094489 (Luxen

41.95275590551181 611.1496062992126 40.53543307086614 11.05511811023622 bourg).

37.13385826771653 618.2362204724409 47.90551181102362 17.291338582677167 4
73.13385826771653 618.2362204724409 39.968503937007874 17.291338582677167 T64-22
101.19685039370079 618.2362204724409 43.93700787401575 17.291338582677167 Hommage
133.22834645669292 618.2362204724409 20.125984251968504 17.291338582677167 à
141.16535433070865 618.2362204724409 28.062992125984252 17.291338582677167 mon
157.03937007874015 618.2362204724409 36.0 17.291338582677167 Père,
181.13385826771653 618.2362204724409 32.031496062992126 17.291338582677167 1964
201.25984251968504 618.2362204724409 43.93700787401575 17.291338582677167 (huile,
233.29133858267716 618.2362204724409 24.094488188976378 17.291338582677167 90
245.1968503937008 618.2362204724409 20.125984251968504 17.291338582677167 x
249.16535433070865 618.2362204724409 28.062992125984252 17.291338582677167 110).

37.41732283464567 629.2913385826772 42.23622047244095 16.15748031496063 5
69.16535433070867 629.2913385826772 28.346456692913385 16.15748031496063 Jour
86.74015748031496 629.2913385826772 35.1496062992126 16.15748031496063 d’Eté,
111.4015748031496 629.2913385826772 28.346456692913385 16.15748031496063 1965
128.9763779527559 629.2913385826772 38.83464566929134 16.15748031496063 (huile,
157.3228346456693 629.2913385826772 24.661417322834644 16.15748031496063 110
171.21259842519686 629.2913385826772 17.5748031496063 16.15748031496063 x
174.89763779527559 629.2913385826772 24.661417322834644 16.15748031496063 72).»

26.64566929133858 645.1653543307086 20.976377952755904 10.771653543307087 82
