307.84251968503935 672.6614173228346
48.47244094488189 21.826771653543307 64.62992125984252 17.007874015748033 FRANCE

60.661417322834644 52.724409448818896 47.05511811023622 14.456692913385826 322
93.54330708661418 52.724409448818896 37.7007874015748 14.456692913385826 LIEU
117.07086614173228 52.724409448818896 28.062992125984252 14.456692913385826 DE
126.4251968503937 52.724409448818896 70.58267716535433 14.456692913385826 RENCONTRE

61.511811023622045 72.56692913385827 50.74015748031496 24.944881889763778 Présenté
99.77952755905511 72.56692913385827 34.01574803149607 24.944881889763778 sous
120.75590551181102 72.56692913385827 38.267716535433074 24.944881889763778 forme
146.26771653543307 72.56692913385827 25.511811023622048 24.944881889763778 de
159.0236220472441 72.56692913385827 50.74015748031496 24.944881889763778 maquette
197.00787401574803 72.56692913385827 25.511811023622048 24.944881889763778 et
209.76377952755905 72.56692913385827 25.511811023622048 24.944881889763778 de
222.51968503937007 72.56692913385827 63.496062992125985 24.944881889763778 projections
269.00787401574803 72.56692913385827 29.763779527559056 24.944881889763778 audio

56.69291338582677 85.32283464566929 47.338582677165356 13.88976377952756 visuelles.

60.661417322834644 98.07874015748031 35.43307086614173 19.84251968503937 Conçu
84.18897637795276 98.07874015748031 31.46456692913386 19.84251968503937 pour
104.03149606299213 98.07874015748031 23.52755905511811 19.84251968503937 un
115.65354330708661 98.07874015748031 35.43307086614173 19.84251968503937 large
139.46456692913387 98.07874015748031 43.37007874015748 19.84251968503937 public,
170.9291338582677 98.07874015748031 23.52755905511811 19.84251968503937 ce
182.83464566929135 98.07874015748031 47.338582677165356 19.84251968503937 bâtiment
217.98425196850394 98.07874015748031 19.559055118110237 19.84251968503937 à
225.92125984251967 98.07874015748031 39.40157480314961 19.84251968503937 usages
249.73228346456693 98.07874015748031 51.023622047244096 19.84251968503937 polyvalents

59.811023622047244 108.28346456692914 36.28346456692913 19.84251968503937 serait
85.32283464566929 108.28346456692914 39.968503937007874 19.84251968503937 destiné
114.51968503937007 108.28346456692914 18.141732283464567 19.84251968503937 à
121.88976377952756 108.28346456692914 21.826771653543307 19.84251968503937 la
132.66141732283464 108.28346456692914 65.48031496062993 19.84251968503937 représentation
187.37007874015748 108.28346456692914 21.826771653543307 19.84251968503937 de
198.14173228346456 108.28346456692914 54.70866141732284 19.84251968503937 différentes
238.39370078740157 108.28346456692914 61.79527559055118 19.84251968503937 manifestations:

59.811023622047244 117.92125984251969 58.110236220472444 20.69291338582677 artistiques,
107.14960629921259 117.92125984251969 54.425196850393704 20.69291338582677 théâtrales,
150.51968503937007 117.92125984251969 61.79527559055118 20.69291338582677 folkloriques,
201.25984251968504 117.92125984251969 72.56692913385827 20.69291338582677 chorégraphiques,
259.37007874015745 117.92125984251969 39.968503937007874 20.69291338582677 musicales

59.811023622047244 129.25984251968504 35.43307086614173 17.858267716535433 ainsi
83.33858267716535 129.25984251968504 39.40157480314961 17.858267716535433 qu’aux
110.83464566929133 129.25984251968504 51.023622047244096 17.858267716535433 variétés,
150.23622047244095 129.25984251968504 62.92913385826772 17.858267716535433 projections,
201.25984251968504 129.25984251968504 62.92913385826772 17.858267716535433 conférences,
252.28346456692913 129.25984251968504 39.40157480314961 17.858267716535433 galas,
275.81102362204723 129.25984251968504 23.52755905511811 17.858267716535433 etc.

60.09448818897638 138.33070866141733 23.52755905511811 18.708661417322833 Un
72.0 138.33070866141733 31.46456692913386 18.708661417322833 hall
91.55905511811024 138.33070866141733 47.05511811023622 18.708661417322833 d’entrée
126.70866141732283 138.33070866141733 23.52755905511811 18.708661417322833 et
138.61417322834646 138.33070866141733 54.70866141732284 18.708661417322833 d’accueil,
181.70078740157481 138.33070866141733 27.496062992125985 18.708661417322833 une
197.29133858267716 138.33070866141733 39.118110236220474 18.708661417322833 grande
224.50393700787401 138.33070866141733 35.1496062992126 18.708661417322833 salle
248.03149606299212 138.33070866141733 23.52755905511811 18.708661417322833 de
255.96850393700788 138.33070866141733 43.08661417322835 18.708661417322833 spectacle

58.67716535433071 146.83464566929135 28.062992125984252 18.992125984251967 des
74.83464566929133 146.83464566929135 44.22047244094488 18.992125984251967 foyers,
106.86614173228347 146.83464566929135 28.062992125984252 18.992125984251967 une
123.02362204724409 146.83464566929135 68.31496062992126 18.992125984251967 bibliothèque,
179.43307086614172 146.83464566929135 28.062992125984252 18.992125984251967 une
195.59055118110237 146.83464566929135 64.34645669291339 18.992125984251967 discothèque,
247.748031496063 146.83464566929135 28.062992125984252 18.992125984251967 une
263.90551181102364 146.83464566929135 36.28346456692913 18.992125984251967 salle
284.0314960629921 146.83464566929135 16.15748031496063 18.992125984251967 de

58.67716535433071 157.03937007874015 42.23622047244095 18.708661417322833 réunion
89.5748031496063 157.03937007874015 22.96062992125984 18.708661417322833 et
100.91338582677166 157.03937007874015 22.96062992125984 18.708661417322833 de
112.53543307086615 157.03937007874015 46.20472440944882 18.708661417322833 congrès,
147.11811023622047 157.03937007874015 26.929133858267715 18.708661417322833 des
162.4251968503937 157.03937007874015 38.267716535433074 18.708661417322833 loges,
189.35433070866142 157.03937007874015 22.96062992125984 18.708661417322833 un
200.9763779527559 157.03937007874015 34.58267716535433 18.708661417322833 local
223.93700787401573 157.03937007874015 76.81889763779527 18.708661417322833 d’administration
285.4488188976378 157.03937007874015 15.307086614173228 18.708661417322833 et

58.960629921259844 168.09448818897638 60.37795275590551 17.5748031496063 conciergerie,
108.85039370078741 168.09448818897638 32.031496062992126 17.5748031496063 etc.,
130.11023622047244 168.09448818897638 17.858267716535433 17.5748031496063 à
137.1968503937008 168.09448818897638 49.60629921259842 17.5748031496063 différents
176.31496062992127 168.09448818897638 39.118110236220474 17.5748031496063 niveaux
204.66141732283464 168.09448818897638 21.25984251968504 17.5748031496063 et
215.1496062992126 168.09448818897638 39.118110236220474 17.5748031496063 faisant
243.7795275590551 168.09448818897638 35.43307086614173 17.5748031496063 partie
265.03937007874015 168.09448818897638 35.43307086614173 17.5748031496063 intégrée

58.39370078740158 176.31496062992127 23.811023622047244 18.4251968503937 de
70.2992125984252 176.31496062992127 27.77952755905512 18.4251968503937 cet
86.1732283464567 176.31496062992127 47.62204724409449 18.4251968503937 ensemble
121.88976377952756 176.31496062992127 27.77952755905512 18.4251968503937 qui
137.76377952755905 176.31496062992127 23.811023622047244 18.4251968503937 ne
149.66929133858267 176.31496062992127 31.748031496062993 18.4251968503937 peut
169.51181102362204 176.31496062992127 35.71653543307087 18.4251968503937 avoir
193.3228346456693 176.31496062992127 23.811023622047244 18.4251968503937 de
205.22834645669292 176.31496062992127 39.68503937007874 18.4251968503937 valeur
233.00787401574803 176.31496062992127 59.52755905511811 18.4251968503937 qu’implanté
276.66141732283467 176.31496062992127 23.811023622047244 18.4251968503937 dans

58.67716535433071 187.37007874015748 23.811023622047244 16.724409448818896 un
70.58267716535433 187.37007874015748 31.748031496062993 16.724409448818896 lieu
90.4251968503937 187.37007874015748 31.748031496062993 16.724409448818896 doté
110.26771653543307 187.37007874015748 23.811023622047244 16.724409448818896 de
122.1732283464567 187.37007874015748 43.653543307086615 16.724409448818896 jardins
153.63779527559055 187.37007874015748 35.71653543307087 16.724409448818896 d’une
177.4488188976378 187.37007874015748 35.71653543307087 16.724409448818896 ville
201.25984251968504 187.37007874015748 23.811023622047244 16.724409448818896 de
213.16535433070865 187.37007874015748 43.653543307086615 16.724409448818896 moyenne
244.62992125984252 187.37007874015748 55.55905511811024 16.724409448818896 importance
284.31496062992125 187.37007874015748 15.874015748031496 16.724409448818896 au

52.15748031496063 194.74015748031496 39.40157480314961 11.622047244094489 moins.

52.44094488188976 214.58267716535434 70.86614173228347 13.32283464566929 Responsable:

57.826771653543304 231.59055118110237 72.85039370078741 22.11023622047244 Jean-Pierre
118.48818897637796 231.59055118110237 76.81889763779527 22.11023622047244 MALAUSSENA
183.4015748031496 231.59055118110237 24.37795275590551 22.11023622047244 né
195.59055118110237 231.59055118110237 24.37795275590551 22.11023622047244 en
207.49606299212599 231.59055118110237 32.31496062992126 22.11023622047244 1935
227.90551181102362 231.59055118110237 20.125984251968504 22.11023622047244 à
235.84251968503938 231.59055118110237 36.56692913385827 22.11023622047244 Blida
256.251968503937 231.59055118110237 44.503937007874015 22.11023622047244 (Algére).

53.00787401574803 241.22834645669292 52.724409448818896 13.32283464566929 Sculpteur.

56.69291338582677 255.96850393700788 69.73228346456693 18.141732283464567 Jean-Paul
113.38582677165354 255.96850393700788 56.69291338582677 18.141732283464567 DUMAS
156.75590551181102 255.96850393700788 26.078740157480315 18.141732283464567 né
170.07874015748033 255.96850393700788 26.078740157480315 18.141732283464567 en
183.11811023622047 255.96850393700788 34.86614173228347 18.141732283464567 1940
204.9448818897638 255.96850393700788 21.826771653543307 18.141732283464567 à
213.4488188976378 255.96850393700788 56.69291338582677 18.141732283464567 Marseille
252.8503937007874 255.96850393700788 47.90551181102362 18.141732283464567 (France).

52.15748031496063 265.8897637795276 55.84251968503937 13.606299212598426 Architecte.

56.40944881889764 280.62992125984255 60.94488188976378 15.874015748031496 Claude
103.46456692913385 280.62992125984255 107.71653543307086 15.874015748031496 HENRI-ROUSSEAU
197.00787401574803 280.62992125984255 28.062992125984252 15.874015748031496 né
211.1811023622047 280.62992125984255 28.062992125984252 15.874015748031496 en
225.35433070866142 280.62992125984255 37.41732283464567 15.874015748031496 1937
248.5984251968504 280.62992125984255 23.52755905511811 15.874015748031496 à
253.41732283464566 280.62992125984255 46.77165354330709 15.874015748031496 Fourques

57.826771653543304 289.4173228346457 54.70866141732284 14.740157480314961 (France).
95.81102362204724 289.4173228346457 54.70866141732284 14.740157480314961 Architecte.

55.275590551181104 304.7244094488189 77.38582677165354 16.440944881889763 Jean-Claude
119.90551181102362 304.7244094488189 25.79527559055118 16.440944881889763 de
132.66141732283464 304.7244094488189 60.37795275590551 16.440944881889763 LATTRE
180.0 304.7244094488189 25.79527559055118 16.440944881889763 né
193.03937007874015 304.7244094488189 25.79527559055118 16.440944881889763 en
205.79527559055117 304.7244094488189 34.2992125984252 16.440944881889763 1939
227.33858267716536 304.7244094488189 21.543307086614174 16.440944881889763 à
235.84251968503938 304.7244094488189 47.338582677165356 16.440944881889763 Abidjan
266.1732283464567 304.7244094488189 34.2992125984252 16.440944881889763 (Côte-

55.84251968503937 314.3622047244094 60.94488188976378 15.590551181102363 d’Ivoire).
103.74803149606299 314.3622047244094 56.69291338582677 15.590551181102363 Sculpteur
142.86614173228347 314.3622047244094 74.26771653543307 15.590551181102363 (commentateur).

54.99212598425197 328.53543307086613 60.37795275590551 16.15748031496063 Thierry
102.33070866141732 328.53543307086613 86.1732283464567 16.15748031496063 VAUBOURGOIN
175.46456692913387 328.53543307086613 25.79527559055118 16.15748031496063 né
188.50393700787401 328.53543307086613 25.79527559055118 16.15748031496063 en
201.25984251968504 328.53543307086613 34.58267716535433 16.15748031496063 1944
222.8031496062992 328.53543307086613 21.543307086614174 16.15748031496063 à
231.59055118110237 328.53543307086613 38.83464566929134 16.15748031496063 Paris
253.13385826771653 328.53543307086613 47.338582677165356 16.15748031496063 (France).

51.874015748031496 337.8897637795276 41.38582677165354 13.88976377952756 Peintre.

53.574803149606296 400.251968503937 39.968503937007874 18.4251968503937 323
75.68503937007874 400.251968503937 62.07874015748032 18.4251968503937 ORATOIRE

54.14173228346457 426.8976377952756 51.874015748031496 18.4251968503937 Présenté
92.97637795275591 426.8976377952756 34.58267716535433 18.4251968503937 sous
114.51968503937007 426.8976377952756 38.83464566929134 18.4251968503937 forme
140.31496062992127 426.8976377952756 25.79527559055118 18.4251968503937 de
153.35433070866142 426.8976377952756 51.874015748031496 18.4251968503937 maquette
192.18897637795277 426.8976377952756 25.79527559055118 18.4251968503937 et
204.9448818897638 426.8976377952756 25.79527559055118 18.4251968503937 de
217.98425196850394 426.8976377952756 64.62992125984252 18.4251968503937 projections
265.3228346456693 426.8976377952756 34.58267716535433 18.4251968503937 audio

49.60629921259842 438.23622047244095 47.62204724409449 12.755905511811024 visuelles.

54.425196850393704 450.70866141732284 35.71653543307087 14.173228346456693 Petit
78.23622047244095 450.70866141732284 47.62204724409449 14.173228346456693 oratoire
113.95275590551181 450.70866141732284 31.748031496062993 14.173228346456693 pour
133.79527559055117 450.70866141732284 23.811023622047244 14.173228346456693 un
145.98425196850394 450.70866141732284 31.748031496062993 14.173228346456693 lieu
165.82677165354332 450.70866141732284 23.811023622047244 14.173228346456693 de
173.76377952755905 450.70866141732284 51.59055118110236 14.173228346456693 pèlerinage.

54.14173228346457 461.1968503937008 51.59055118110236 12.755905511811024 L’esprit:
93.8267716535433 461.1968503937008 43.653543307086615 12.755905511811024 symbole
125.29133858267717 461.1968503937008 35.71653543307087 12.755905511811024 d’une
149.10236220472441 461.1968503937008 59.52755905511811 12.755905511811024 progression
196.7244094488189 461.1968503937008 59.52755905511811 12.755905511811024 spirituelle
244.06299212598427 461.1968503937008 55.55905511811024 12.755905511811024 transposée
283.748031496063 461.1968503937008 15.874015748031496 12.755905511811024 en

53.00787401574803 471.11811023622045 39.68503937007874 17.5748031496063 formes
80.78740157480316 471.11811023622045 23.811023622047244 17.5748031496063 et
92.69291338582677 471.11811023622045 47.62204724409449 17.5748031496063 couleurs
128.40944881889763 471.11811023622045 31.748031496062993 17.5748031496063 dans
148.251968503937 471.11811023622045 63.496062992125985 17.5748031496063 l’impression
200.1259842519685 471.11811023622045 35.71653543307087 17.5748031496063 d’une
223.93700787401573 471.11811023622045 39.68503937007874 17.5748031496063 pensée
247.748031496063 471.11811023622045 51.59055118110236 17.5748031496063 religieuse,

53.85826771653543 482.45669291338584 36.28346456692913 16.724409448818896 Moyen
77.95275590551181 482.45669291338584 24.37795275590551 16.724409448818896 de
90.14173228346456 482.45669291338584 64.62992125984252 16.724409448818896 réalisation:
142.58267716535434 482.45669291338584 36.28346456692913 16.724409448818896 béton
166.96062992125985 482.45669291338584 32.31496062992126 16.724409448818896 armé
187.08661417322836 482.45669291338584 24.37795275590551 16.724409448818896 et
199.2755905511811 482.45669291338584 40.53543307086614 16.724409448818896 dalles
227.6220472440945 482.45669291338584 24.37795275590551 16.724409448818896 de
239.5275590551181 482.45669291338584 36.28346456692913 16.724409448818896 verre
259.93700787401576 482.45669291338584 40.53543307086614 16.724409448818896 colorées

53.574803149606296 494.3622047244094 57.54330708661417 11.05511811023622 participent
99.77952755905511 494.3622047244094 19.275590551181104 11.05511811023622 à
107.43307086614173 494.3622047244094 72.85039370078741 11.05511811023622 l’architecture.
168.9448818897638 494.3622047244094 26.929133858267715 11.05511811023622 Les
184.251968503937 494.3622047244094 38.267716535433074 11.05511811023622 lignes
211.1811023622047 494.3622047244094 22.96062992125984 11.05511811023622 de
222.51968503937007 494.3622047244094 42.23622047244095 11.05511811023622 contact
253.41732283464566 494.3622047244094 22.96062992125984 11.05511811023622 de
264.755905511811 494.3622047244094 26.929133858267715 11.05511811023622 ces
276.37795275590554 494.3622047244094 22.96062992125984 11.05511811023622 deux

53.00787401574803 504.8503937007874 50.173228346456696 9.921259842519685 matériaux
91.84251968503936 504.8503937007874 34.86614173228347 9.921259842519685 étant
114.80314960629921 504.8503937007874 57.826771653543304 9.921259842519685 d’épaisseur
161.29133858267716 504.8503937007874 57.826771653543304 9.921259842519685 différente,
207.49606299212599 504.8503937007874 42.51968503937008 9.921259842519685 parfois
238.39370078740157 504.8503937007874 61.79527559055118 9.921259842519685 irrégulières
284.88188976377955 504.8503937007874 15.307086614173228 9.921259842519685 et

52.44094488188976 511.65354330708664 65.76377952755905 17.007874015748033 incertaines,
106.01574803149606 511.65354330708664 45.354330708661415 17.007874015748033 amènent
138.89763779527559 511.65354330708664 32.881889763779526 17.007874015748033 vers
159.59055118110237 511.65354330708664 28.913385826771652 17.007874015748033 une
176.03149606299212 511.65354330708664 45.354330708661415 17.007874015748033 tension
204.66141732283464 511.65354330708664 53.574803149606296 17.007874015748033 religieuse.

47.05511811023622 530.3622047244095 70.58267716535433 15.590551181102363 Responsable:

53.00787401574803 548.503937007874 54.14173228346457 18.141732283464567 Peter
93.54330708661418 548.503937007874 76.53543307086615 18.141732283464567 RAKSANYI
156.75590551181102 548.503937007874 26.929133858267715 18.141732283464567 né
170.07874015748033 548.503937007874 26.929133858267715 18.141732283464567 en
183.68503937007873 548.503937007874 36.0 18.141732283464567 1935
206.07874015748033 548.503937007874 22.393700787401574 18.141732283464567 à
215.1496062992126 548.503937007874 54.14173228346457 18.141732283464567 Budapest
251.1496062992126 548.503937007874 49.60629921259842 18.141732283464567 (Hongrie)

47.90551181102362 558.4251968503937 54.70866141732284 13.039370078740157 Architecte.

53.00787401574803 571.7480314960629 58.67716535433071 19.84251968503937 Claudine
100.06299212598425 571.7480314960629 54.70866141732284 19.84251968503937 HENRY
142.86614173228347 571.7480314960629 27.496062992125985 19.84251968503937 née
158.45669291338584 571.7480314960629 23.52755905511811 19.84251968503937 en
170.36220472440945 571.7480314960629 31.181102362204726 19.84251968503937 1930
189.92125984251967 571.7480314960629 19.559055118110237 19.84251968503937 à
197.5748031496063 571.7480314960629 35.1496062992126 19.84251968503937 Paris
221.10236220472441 571.7480314960629 50.74015748031496 19.84251968503937 (France).
256.251968503937 571.7480314960629 39.118110236220474 19.84251968503937 Peintre.

52.724409448818896 589.6062992125984 70.58267716535433 13.32283464566929 Pierre-Yves
111.68503937007874 589.6062992125984 54.99212598425197 13.32283464566929 LEVEL
154.77165354330708 589.6062992125984 23.52755905511811 13.32283464566929 né
166.6771653543307 589.6062992125984 23.52755905511811 13.32283464566929 en
178.29921259842519 589.6062992125984 31.46456692913386 13.32283464566929 1937
198.14173228346456 589.6062992125984 19.559055118110237 13.32283464566929 à
205.79527559055117 589.6062992125984 35.43307086614173 13.32283464566929 Paris
229.60629921259843 589.6062992125984 51.023622047244096 13.32283464566929 (France).
264.755905511811 589.6062992125984 35.43307086614173 13.32283464566929 Compos

47.338582677165356 599.2440944881889 29.480314960629922 12.188976377952756 teur.

52.15748031496063 612.5669291338583 55.55905511811024 11.905511811023622 Nicole
94.96062992125984 612.5669291338583 89.85826771653544 11.905511811023622 NAGY-BRIDIER
172.06299212598427 612.5669291338583 30.04724409448819 11.905511811023622 née
189.0708661417323 612.5669291338583 25.79527559055118 11.905511811023622 en
202.11023622047244 612.5669291338583 34.2992125984252 11.905511811023622 1930
223.37007874015748 612.5669291338583 21.543307086614174 11.905511811023622 à
231.8740157480315 612.5669291338583 38.55118110236221 11.905511811023622 Paris
253.41732283464566 612.5669291338583 47.05511811023622 11.905511811023622 (France).

47.62204724409449 622.2047244094488 51.59055118110236 13.32283464566929 Sculpteur.

48.75590551181102 638.6456692913385 23.52755905511811 11.622047244094489 152
