307.84251968503935 672.6614173228346
45.63779527559055 25.79527559055118 101.19685039370079 17.291338582677167 TRAVAUX
117.92125984251969 25.79527559055118 94.11023622047244 17.291338582677167 DÉQUIPE

56.40944881889764 66.89763779527559 45.63779527559055 12.472440944881889 314
88.44094488188976 66.89763779527559 36.56692913385827 12.472440944881889 ABRI
106.58267716535433 66.89763779527559 86.74015748031496 12.472440944881889 ANTI

56.976377952755904 77.95275590551181 46.20472440944882 15.023622047244094 Réalisé
90.70866141732283 77.95275590551181 20.976377952755904 15.023622047244094 à
94.96062992125984 77.95275590551181 46.20472440944882 15.023622047244094 grandeur.

56.976377952755904 96.37795275590551 30.89763779527559 17.007874015748033 Abri.
77.38582677165354 96.37795275590551 27.212598425196852 17.007874015748033 n.m.
94.67716535433071 96.37795275590551 23.811023622047244 17.007874015748033 (de
108.28346456692914 96.37795275590551 34.2992125984252 17.007874015748033 l’anc.
132.09448818897638 96.37795275590551 20.409448818897637 17.007874015748033 v.
142.29921259842519 96.37795275590551 37.7007874015748 17.007874015748033 abrier.
169.79527559055117 96.37795275590551 27.212598425196852 17.007874015748033 Lat.
186.8031496062992 96.37795275590551 44.503937007874015 17.007874015748033 apricari,
221.10236220472441 96.37795275590551 47.90551181102362 17.007874015748033 réchauffer
258.5196850393701 96.37795275590551 20.409448818897637 17.007874015748033 au
265.3228346456693 96.37795275590551 30.89763779527559 17.007874015748033 solei).

57.25984251968504 106.58267716535433 29.480314960629922 14.740157480314961 Lieu
75.68503937007874 106.58267716535433 22.11023622047244 14.740157480314961 où
86.74015748031496 106.58267716535433 29.480314960629922 14.740157480314961 l’on
105.16535433070867 106.58267716535433 29.480314960629922 14.740157480314961 peut
123.8740157480315 106.58267716535433 22.11023622047244 14.740157480314961 se
134.9291338582677 106.58267716535433 36.8503937007874 14.740157480314961 mettre
160.7244094488189 106.58267716535433 18.4251968503937 14.740157480314961 à
168.09448818897638 106.58267716535433 40.53543307086614 14.740157480314961 couvert
197.5748031496063 106.58267716535433 22.11023622047244 14.740157480314961 de
208.62992125984252 106.58267716535433 22.11023622047244 14.740157480314961 la
219.68503937007873 106.58267716535433 36.8503937007874 14.740157480314961 pluie,
245.76377952755905 106.58267716535433 22.11023622047244 14.740157480314961 du
256.81889763779526 106.58267716535433 40.53543307086614 14.740157480314961 soleil,
282.61417322834643 106.58267716535433 14.740157480314961 14.740157480314961 du

56.125984251968504 116.78740157480316 45.07086614173228 14.173228346456693 danger,
88.7244094488189 116.78740157480316 36.8503937007874 14.173228346456693 etc.;
113.38582677165354 116.78740157480316 28.62992125984252 14.173228346456693 les
129.54330708661416 116.78740157480316 49.039370078740156 14.173228346456693 premiers
166.39370078740157 116.78740157480316 40.818897637795274 14.173228346456693 hommes
195.0236220472441 116.78740157480316 61.22834645669291 14.173228346456693 cherchaient
244.06299212598427 116.78740157480316 24.661417322834644 14.173228346456693 un
256.53543307086613 116.78740157480316 32.59842519685039 14.173228346456693 abri
272.6929133858268 116.78740157480316 24.661417322834644 14.173228346456693 dans

56.69291338582677 125.00787401574803 26.929133858267715 15.307086614173228 les
72.0 125.00787401574803 49.889763779527556 15.307086614173228 cavernes.
110.26771653543307 125.00787401574803 38.267716535433074 15.307086614173228 Milit.
136.91338582677164 125.00787401574803 38.267716535433074 15.307086614173228 Refuge
163.84251968503938 125.00787401574803 53.574803149606296 15.307086614173228 protégeant
205.79527559055117 125.00787401574803 38.267716535433074 15.307086614173228 contre
232.7244094488189 125.00787401574803 26.929133858267715 15.307086614173228 les
248.03149606299212 125.00787401574803 34.58267716535433 15.307086614173228 vues,
270.99212598425197 125.00787401574803 26.929133858267715 15.307086614173228 les
282.3307086614173 125.00787401574803 15.307086614173228 15.307086614173228 ga

56.40944881889764 135.7795275590551 23.52755905511811 15.590551181102363 ou
68.31496062992126 135.7795275590551 39.118110236220474 15.590551181102363 contre
95.5275590551181 135.7795275590551 27.212598425196852 15.590551181102363 les
111.11811023622047 135.7795275590551 39.118110236220474 15.590551181102363 effets
138.33070866141733 135.7795275590551 27.212598425196852 15.590551181102363 des
153.92125984251967 135.7795275590551 62.36220472440945 15.590551181102363 projectiles:
204.66141732283464 135.7795275590551 31.181102362204726 15.590551181102363 abri
224.2204724409449 135.7795275590551 42.803149606299215 15.590551181102363 bétonné
255.4015748031496 135.7795275590551 23.52755905511811 15.590551181102363 de
263.0551181102362 135.7795275590551 35.1496062992126 15.590551181102363 défense

56.40944881889764 146.5511811023622 47.62204724409449 13.32283464566929 passive.
92.1259842519685 146.5511811023622 31.748031496062993 13.32283464566929 Mar.
111.96850393700787 146.5511811023622 55.55905511811024 13.32283464566929 Protection
155.6220472440945 146.5511811023622 39.68503937007874 13.32283464566929 contre
183.11811023622047 146.5511811023622 23.811023622047244 13.32283464566929 le
195.0236220472441 146.5511811023622 43.653543307086615 13.32283464566929 mauvais
226.77165354330708 146.5511811023622 39.68503937007874 13.32283464566929 temps:
254.5511811023622 146.5511811023622 23.811023622047244 13.32283464566929 la
266.45669291338584 146.5511811023622 31.748031496062993 13.32283464566929 côte
282.3307086614173 146.5511811023622 15.874015748031496 13.32283464566929 de

56.976377952755904 154.77165354330708 47.338582677165356 15.590551181102363 Provence
92.40944881889764 154.77165354330708 51.023622047244096 15.590551181102363 constitue
131.81102362204723 154.77165354330708 23.52755905511811 15.590551181102363 un
143.71653543307087 154.77165354330708 51.023622047244096 15.590551181102363 excellent
182.83464566929135 154.77165354330708 31.46456692913386 15.590551181102363 abri
202.6771653543307 154.77165354330708 39.40157480314961 15.590551181102363 contre
230.17322834645668 154.77165354330708 23.52755905511811 15.590551181102363 le
242.07874015748033 154.77165354330708 47.338582677165356 15.590551181102363 mistral.
273.54330708661416 154.77165354330708 23.52755905511811 15.590551181102363 Fi9.

56.976377952755904 163.84251968503938 45.07086614173228 13.32283464566929 Refuge,
89.5748031496063 163.84251968503938 24.661417322834644 13.32283464566929 ce
101.76377952755905 163.84251968503938 28.62992125984252 13.32283464566929 qui
118.20472440944881 163.84251968503938 49.039370078740156 13.32283464566929 préserve
155.0551181102362 163.84251968503938 24.661417322834644 13.32283464566929 de
167.5275590551181 163.84251968503938 45.07086614173228 13.32283464566929 quelque
200.1259842519685 163.84251968503938 32.881889763779526 13.32283464566929 mal:
220.53543307086613 163.84251968503938 24.661417322834644 13.32283464566929 la
233.00787401574803 163.84251968503938 49.039370078740156 13.32283464566929 solitude
269.8582677165354 163.84251968503938 28.62992125984252 13.32283464566929 est
282.0472440944882 163.84251968503938 16.440944881889763 13.32283464566929 un

56.40944881889764 173.76377952755905 31.748031496062993 14.173228346456693 abri
76.25196850393701 173.76377952755905 39.68503937007874 14.173228346456693 contre
104.03149606299213 173.76377952755905 27.77952755905512 14.173228346456693 les
119.90551181102362 173.76377952755905 47.62204724409449 14.173228346456693 embarras
155.6220472440945 173.76377952755905 23.811023622047244 14.173228346456693 du
167.5275590551181 173.76377952755905 39.68503937007874 14.173228346456693 monde.
195.30708661417322 173.76377952755905 31.748031496062993 14.173228346456693 Loc.
215.1496062992126 173.76377952755905 35.71653543307087 14.173228346456693 prép.
238.96062992125985 173.76377952755905 19.84251968503937 14.173228346456693 A
246.89763779527559 173.76377952755905 39.68503937007874 14.173228346456693 l’abri
274.6771653543307 173.76377952755905 27.77952755905512 14.173228346456693 de,
286.5826771653543 173.76377952755905 11.905511811023622 14.173228346456693 à

56.976377952755904 182.83464566929135 44.78740157480315 13.606299212598426 couvert,
90.70866141732283 182.83464566929135 22.393700787401574 13.606299212598426 en
101.76377952755905 182.83464566929135 41.10236220472441 13.606299212598426 sûreté:
131.81102362204723 182.83464566929135 18.708661417322833 13.606299212598426 à
139.1811023622047 182.83464566929135 37.41732283464567 13.606299212598426 l’abri
165.54330708661416 182.83464566929135 22.393700787401574 13.606299212598426 de
176.5984251968504 182.83464566929135 59.811023622047244 13.606299212598426 l’indigence,
225.35433070866142 182.83464566929135 18.708661417322833 13.606299212598426 à
232.7244094488189 182.83464566929135 37.41732283464567 13.606299212598426 l’abri
259.0866141732283 182.83464566929135 30.04724409448819 13.606299212598426 d’un
274.1102362204724 182.83464566929135 22.393700787401574 13.606299212598426 mui.

56.40944881889764 192.18897637795277 66.89763779527559 15.307086614173228 Dictionnaire
110.83464566929133 192.18897637795277 45.92125984251968 15.307086614173228 complet
144.28346456692913 192.18897637795277 50.173228346456696 15.307086614173228 Larousse
181.70078740157481 192.18897637795277 50.173228346456696 15.307086614173228 illustré
219.4015748031496 192.18897637795277 20.976377952755904 15.307086614173228 -
227.6220472440945 192.18897637795277 45.92125984251968 15.307086614173228 ENCYCL.
261.07086614173227 192.18897637795277 33.44881889763779 15.307086614173228 Art.
277.79527559055117 192.18897637795277 20.976377952755904 15.307086614173228 mit

56.125984251968504 202.6771653543307 42.23622047244095 13.32283464566929 Suivant
87.02362204724409 202.6771653543307 30.89763779527559 13.32283464566929 leur
106.2992125984252 202.6771653543307 38.55118110236221 13.32283464566929 nature
133.22834645669292 202.6771653543307 26.929133858267715 13.32283464566929 les
148.53543307086613 202.6771653543307 34.58267716535433 13.32283464566929 abris
171.49606299212599 202.6771653543307 22.96062992125984 13.32283464566929 se
183.11811023622047 202.6771653543307 46.20472440944882 13.32283464566929 classent
217.70078740157481 202.6771653543307 22.96062992125984 13.32283464566929 en
229.3228346456693 202.6771653543307 34.58267716535433 13.32283464566929 abris
252.28346456692913 202.6771653543307 46.20472440944882 13.32283464566929 naturels
283.18110236220474 202.6771653543307 15.307086614173228 13.32283464566929 ou

55.84251968503937 212.03149606299212 56.125984251968504 14.456692913385826 artificiels
100.62992125984252 212.03149606299212 26.078740157480315 14.456692913385826 les
115.65354330708661 212.03149606299212 44.78740157480315 14.456692913385826 premiers
149.38582677165354 212.03149606299212 41.10236220472441 14.456692913385826 souvent
179.1496062992126 212.03149606299212 59.811023622047244 14.456692913385826 insuffisants
227.6220472440945 212.03149606299212 30.04724409448819 14.456692913385826 sont
246.33070866141733 212.03149606299212 48.47244094488189 14.456692913385826 renforcés
280.06299212598424 212.03149606299212 18.708661417322833 14.456692913385826 par

56.125984251968504 222.23622047244095 25.79527559055118 11.338582677165354 des
70.86614173228347 222.23622047244095 40.53543307086614 11.338582677165354 travaux
100.34645669291339 222.23622047244095 22.11023622047244 11.338582677165354 de
111.4015748031496 222.23622047244095 62.36220472440945 11.338582677165354 fortification
162.70866141732284 222.23622047244095 51.59055118110236 11.338582677165354 passagère.
203.24409448818898 222.23622047244095 29.480314960629922 11.338582677165354 Dans
221.66929133858267 222.23622047244095 33.16535433070866 11.338582677165354 l’art
243.49606299212599 222.23622047244095 22.11023622047244 11.338582677165354 de
254.5511811023622 222.23622047244095 22.11023622047244 11.338582677165354 la
261.9212598425197 222.23622047244095 36.8503937007874 11.338582677165354 fortifi-

55.55905511811024 231.8740157480315 40.53543307086614 10.488188976377952 cation
83.90551181102362 231.8740157480315 24.37795275590551 10.488188976377952 on
96.09448818897638 231.8740157480315 52.724409448818896 10.488188976377952 distingue
136.3464566929134 231.8740157480315 28.346456692913385 10.488188976377952 les
152.78740157480314 231.8740157480315 36.56692913385827 10.488188976377952 abris
176.88188976377953 231.8740157480315 44.503937007874015 10.488188976377952 passifs
209.48031496062993 231.8740157480315 44.503937007874015 10.488188976377952 servant
241.79527559055117 231.8740157480315 20.125984251968504 10.488188976377952 à
250.01574803149606 231.8740157480315 48.47244094488189 10.488188976377952 protéger
282.3307086614173 231.8740157480315 16.15748031496063 10.488188976377952 le

55.84251968503937 241.51181102362204 48.75590551181102 11.905511811023622 personnel
93.25984251968504 241.51181102362204 22.393700787401574 11.905511811023622 au
104.31496062992126 241.51181102362204 33.732283464566926 11.905511811023622 repos
126.99212598425197 241.51181102362204 22.393700787401574 11.905511811023622 et
138.04724409448818 241.51181102362204 22.393700787401574 11.905511811023622 le
149.38582677165354 241.51181102362204 48.75590551181102 11.905511811023622 matériel,
186.8031496062992 241.51181102362204 22.393700787401574 11.905511811023622 et
198.14173228346456 241.51181102362204 26.078740157480315 11.905511811023622 les
212.88188976377953 241.51181102362204 33.732283464566926 11.905511811023622 abris
235.55905511811022 241.51181102362204 37.41732283464567 11.905511811023622 actifs
261.6377952755906 241.51181102362204 37.41732283464567 11.905511811023622 (abris
284.0314960629921 241.51181102362204 15.023622047244094 11.905511811023622 de

55.55905511811024 251.1496062992126 30.330708661417322 9.921259842519685 tir,
74.55118110236221 251.1496062992126 68.31496062992126 9.921259842519685 observatoires,
131.5275590551181 251.1496062992126 37.98425196850393 9.921259842519685 postes
158.17322834645668 251.1496062992126 22.677165354330707 9.921259842519685 de
169.51181102362204 251.1496062992126 53.29133858267716 9.921259842519685 guetteurs,
211.46456692913387 251.1496062992126 37.98425196850393 9.921259842519685 postes
237.82677165354332 251.1496062992126 49.32283464566929 9.921259842519685 optiques,
272.12598425196853 251.1496062992126 26.64566929133858 9.921259842519685 tran-

55.55905511811024 258.5196850393701 36.56692913385827 15.307086614173228 chées,
81.35433070866142 258.5196850393701 32.881889763779526 15.307086614173228 etc.)
103.18110236220473 258.5196850393701 43.93700787401575 15.307086614173228 assurant
136.3464566929134 258.5196850393701 22.11023622047244 15.307086614173228 en
147.4015748031496 258.5196850393701 29.480314960629922 15.307086614173228 plus
165.54330708661416 258.5196850393701 22.11023622047244 15.307086614173228 de
176.5984251968504 258.5196850393701 22.11023622047244 15.307086614173228 la
187.6535433070866 258.5196850393701 54.99212598425197 15.307086614173228 protection,
231.59055118110237 258.5196850393701 40.25196850393701 15.307086614173228 l’usage
261.07086614173227 258.5196850393701 25.79527559055118 15.307086614173228 des
271.84251968503935 258.5196850393701 25.79527559055118 15.307086614173228 armes

49.32283464566929 272.9763779527559 70.86614173228347 13.32283464566929 Responsable:

55.55905511811024 286.5826771653543 53.29133858267716 13.32283464566929 Gérard
96.37795275590551 286.5826771653543 73.98425196850394 13.32283464566929 TISSERAND
158.17322834645668 286.5826771653543 24.661417322834644 13.32283464566929 né
170.36220472440945 286.5826771653543 24.661417322834644 13.32283464566929 en
182.83464566929135 286.5826771653543 32.881889763779526 13.32283464566929 1934
203.24409448818898 286.5826771653543 20.409448818897637 13.32283464566929 à
211.46456692913387 286.5826771653543 49.32283464566929 13.32283464566929 Besançon
244.3464566929134 286.5826771653543 41.10236220472441 13.32283464566929 (France)

54.99212598425197 296.2204724409449 37.98425196850393 13.88976377952756 1965,
80.50393700787401 296.2204724409449 54.99212598425197 13.88976377952756 (peinture
122.74015748031496 296.2204724409449 21.25984251968504 13.88976377952756 à
131.24409448818898 296.2204724409449 42.23622047244095 13.88976377952756 l’eau,
160.7244094488189 296.2204724409449 29.480314960629922 13.88976377952756 240
177.73228346456693 296.2204724409449 21.25984251968504 13.88976377952756 x
181.98425196850394 296.2204724409449 29.480314960629922 13.88976377952756 280).

55.55905511811024 306.70866141732284 55.275590551181104 13.039370078740157 Francis
98.92913385826772 306.70866141732284 55.275590551181104 13.039370078740157 BIRAS
142.29921259842519 306.70866141732284 23.52755905511811 13.039370078740157 né
154.20472440944883 306.70866141732284 23.52755905511811 13.039370078740157 en
165.82677165354332 306.70866141732284 31.46456692913386 13.039370078740157 1930
185.66929133858267 306.70866141732284 19.84251968503937 13.039370078740157 à
193.60629921259843 306.70866141732284 51.30708661417323 13.039370078740157 Périgueux
229.03937007874015 306.70866141732284 39.40157480314961 13.039370078740157 (France)

54.99212598425197 317.1968503937008 35.71653543307087 13.32283464566929 1965
77.38582677165354 317.1968503937008 49.039370078740156 13.32283464566929 (huile,
113.10236220472441 317.1968503937008 31.181102362204726 13.32283464566929 240
130.96062992125985 317.1968503937008 22.393700787401574 13.32283464566929 x
135.49606299212599 317.1968503937008 31.181102362204726 13.32283464566929 280).

54.99212598425197 327.68503937007875 46.20472440944882 14.173228346456693 Erik
88.7244094488189 327.68503937007875 71.14960629921259 14.173228346456693 DIETMANN
147.4015748031496 327.68503937007875 25.228346456692915 14.173228346456693 né
159.8740157480315 327.68503937007875 25.228346456692915 14.173228346456693 en
172.3464566929134 327.68503937007875 33.44881889763779 14.173228346456693 1937
193.3228346456693 327.68503937007875 20.976377952755904 14.173228346456693 à
201.82677165354332 327.68503937007875 54.425196850393704 14.173228346456693 Stockholm
239.5275590551181 327.68503937007875 37.7007874015748 14.173228346456693 (Suède)

54.14173228346457 339.0236220472441 35.71653543307087 13.606299212598426 1965
76.53543307086615 339.0236220472441 67.18110236220473 13.606299212598426 (albuplast,
130.39370078740157 339.0236220472441 31.46456692913386 13.606299212598426 100
143.71653543307087 339.0236220472441 26.929133858267715 13.606299212598426 me).

55.55905511811024 349.2283464566929 52.724409448818896 13.606299212598426 Michel
96.09448818897638 349.2283464566929 56.69291338582677 13.606299212598426 PARRE
140.5984251968504 349.2283464566929 24.37795275590551 13.606299212598426 né
152.78740157480314 349.2283464566929 24.37795275590551 13.606299212598426 en
164.9763779527559 349.2283464566929 32.31496062992126 13.606299212598426 1938
185.10236220472441 349.2283464566929 20.125984251968504 13.606299212598426 à
193.3228346456693 349.2283464566929 48.75590551181102 13.606299212598426 St-Denis
225.63779527559055 349.2283464566929 40.53543307086614 13.606299212598426 (France)

54.14173228346457 360.8503937007874 35.71653543307087 13.039370078740157 1965
76.53543307086615 360.8503937007874 49.32283464566929 13.039370078740157 (hulle,
112.25196850393701 360.8503937007874 31.46456692913386 13.039370078740157 240
130.39370078740157 360.8503937007874 22.393700787401574 13.039370078740157 x
134.64566929133858 360.8503937007874 31.46456692913386 13.039370078740157 280).

55.275590551181104 371.62204724409446 22.96062992125984 12.472440944881889 Ce
66.61417322834646 371.62204724409446 41.95275590551181 12.472440944881889 travail
96.94488188976378 371.62204724409446 18.992125984251967 12.472440944881889 a
104.5984251968504 371.62204724409446 26.64566929133858 12.472440944881889 été
119.90551181102362 371.62204724409446 45.63779527559055 12.472440944881889 facilité
154.20472440944883 371.62204724409446 26.64566929133858 12.472440944881889 par
169.51181102362204 371.62204724409446 22.96062992125984 12.472440944881889 la
180.8503937007874 371.62204724409446 41.95275590551181 12.472440944881889 société
211.46456692913387 371.62204724409446 49.60629921259842 12.472440944881889 Albuplast
249.4488188976378 371.62204724409446 22.96062992125984 12.472440944881889 et
261.07086614173227 371.62204724409446 22.96062992125984 12.472440944881889 la
268.4409448818898 371.62204724409446 30.614173228346456 12.472440944881889 maison

54.70866141732284 381.25984251968504 38.267716535433074 13.039370078740157 Ecart
80.22047244094489 381.25984251968504 34.01574803149607 13.039370078740157 pour
101.48031496062993 381.25984251968504 25.511811023622048 13.039370078740157 la
113.95275590551181 381.25984251968504 59.24409448818898 13.039370078740157 fourniture
160.7244094488189 381.25984251968504 25.511811023622048 13.039370078740157 du
169.22834645669292 381.25984251968504 59.24409448818898 13.039370078740157 baraquement.

53.00787401574803 420.09448818897636 47.62204724409449 15.307086614173228 315
86.45669291338582 420.09448818897636 47.62204724409449 15.307086614173228 ACTION
119.62204724409449 420.09448818897636 33.16535433070866 15.307086614173228 SUR
138.61417322834646 420.09448818897636 28.62992125984252 15.307086614173228 UN
148.251968503937 420.09448818897636 80.78740157480316 15.307086614173228 BIDONVILLES

54.14173228346457 436.251968503937 43.37007874015748 11.338582677165354 Centre
84.4724409448819 436.251968503937 26.078740157480315 11.338582677165354 de
97.22834645669292 436.251968503937 56.125984251968504 11.338582677165354 promotion
136.3464566929134 436.251968503937 43.37007874015748 11.338582677165354 sociale.

54.70866141732284 451.5590551181102 51.59055118110236 11.622047244094489 Présenté
93.25984251968504 451.5590551181102 34.2992125984252 11.622047244094489 sous
114.80314960629921 451.5590551181102 38.55118110236221 11.622047244094489 forme
140.31496062992127 451.5590551181102 25.79527559055118 11.622047244094489 de
153.35433070866142 451.5590551181102 51.59055118110236 11.622047244094489 maquette
191.90551181102362 451.5590551181102 25.79527559055118 11.622047244094489 et
204.66141732283464 451.5590551181102 25.79527559055118 11.622047244094489 de
217.70078740157481 451.5590551181102 64.34645669291339 11.622047244094489 projections
264.755905511811 451.5590551181102 34.2992125984252 11.622047244094489 audio

49.889763779527556 462.0472440944882 47.62204724409449 13.32283464566929 visuelles.

53.85826771653543 472.53543307086613 20.69291338582677 12.755905511811024 A
62.36220472440945 472.53543307086613 29.19685039370079 12.755905511811024 ces
78.80314960629921 472.53543307086613 41.669291338582674 12.755905511811024 hommes
108.0 472.53543307086613 29.19685039370079 12.755905511811024 des
124.7244094488189 472.53543307086613 62.36220472440945 12.755905511811024 bidonvilles
174.61417322834646 472.53543307086613 29.19685039370079 12.755905511811024 qui
191.33858267716536 472.53543307086613 29.19685039370079 12.755905511811024 ont
208.06299212598427 472.53543307086613 54.14173228346457 12.755905511811024 désappris
249.73228346456693 472.53543307086613 24.944881889763778 12.755905511811024 en
257.9527559055118 472.53543307086613 41.669291338582674 12.755905511811024 quelques

54.14173228346457 483.59055118110234 36.56692913385827 10.204724409448819 années
79.93700787401575 483.59055118110234 22.11023622047244 10.204724409448819 la
90.70866141732283 483.59055118110234 43.93700787401575 10.204724409448819 Société,
123.8740157480315 483.59055118110234 25.79527559055118 10.204724409448819 qui
138.61417322834646 483.59055118110234 25.79527559055118 10.204724409448819 ont
153.0708661417323 483.59055118110234 29.480314960629922 10.204724409448819 peur
171.49606299212599 483.59055118110234 36.56692913385827 10.204724409448819 d’elle
197.29133858267716 483.59055118110234 22.11023622047244 10.204724409448819 et
208.3464566929134 483.59055118110234 25.79527559055118 10.204724409448819 lui
222.8031496062992 483.59055118110234 29.480314960629922 10.204724409448819 font
241.22834645669292 483.59055118110234 32.881889763779526 10.204724409448819 peur,
263.33858267716533 483.59055118110234 22.11023622047244 10.204724409448819 il
270.4251968503937 483.59055118110234 29.480314960629922 10.204724409448819 s’agit

54.425196850393704 493.51181102362204 30.04724409448819 11.622047244094489 pour
73.13385826771653 493.51181102362204 30.04724409448819 11.622047244094489 nous
92.1259842519685 493.51181102362204 22.677165354330707 11.622047244094489 de
103.46456692913385 493.51181102362204 26.362204724409448 11.622047244094489 les
118.48818897637796 493.51181102362204 45.354330708661415 11.622047244094489 remettre
152.2204724409449 493.51181102362204 22.677165354330707 11.622047244094489 en
163.55905511811022 493.51181102362204 49.039370078740156 11.622047244094489 situation
201.25984251968504 493.51181102362204 41.38582677165354 11.622047244094489 active,
231.59055118110237 493.51181102362204 41.38582677165354 11.622047244094489 d’abord
257.9527559055118 493.51181102362204 41.38582677165354 11.622047244094489 vis

53.85826771653543 502.5826771653543 64.34645669291339 11.622047244094489 d’eux-mêmes,
106.01574803149606 502.5826771653543 44.22047244094488 11.622047244094489 ensuite
138.33070866141733 502.5826771653543 52.44094488188976 11.622047244094489 vis-à-vis
178.58267716535434 502.5826771653543 28.062992125984252 11.622047244094489 des
194.74015748031496 502.5826771653543 44.22047244094488 11.622047244094489 autres.
226.77165354330708 502.5826771653543 32.31496062992126 11.622047244094489 Pour
246.89763779527559 502.5826771653543 44.22047244094488 11.622047244094489 assumer
275.244094488189 502.5826771653543 24.094488188976378 11.622047244094489 leur

54.425196850393704 511.0866141732283 68.03149606299213 12.188976377952756 responsabilité
110.83464566929133 511.0866141732283 22.677165354330707 12.188976377952756 au
122.1732283464567 511.0866141732283 30.330708661417322 12.188976377952756 sein
141.16535433070865 511.0866141732283 22.677165354330707 12.188976377952756 de
152.50393700787401 511.0866141732283 22.677165354330707 12.188976377952756 la
163.84251968503938 511.0866141732283 41.38582677165354 12.188976377952756 famille
193.88976377952756 511.0866141732283 22.677165354330707 12.188976377952756 et
205.22834645669292 511.0866141732283 37.7007874015748 12.188976377952756 par-là
231.59055118110237 511.0866141732283 22.677165354330707 12.188976377952756 de
242.9291338582677 511.0866141732283 22.677165354330707 12.188976377952756 la
254.26771653543307 511.0866141732283 45.354330708661415 12.188976377952756 Société,
284.59842519685037 511.0866141732283 15.023622047244094 12.188976377952756 il

53.85826771653543 520.4409448818898 39.68503937007874 13.039370078740157 faudra
81.63779527559055 520.4409448818898 27.77952755905512 13.039370078740157 les
97.51181102362204 520.4409448818898 35.71653543307087 13.039370078740157 aider
121.32283464566929 520.4409448818898 19.84251968503937 13.039370078740157 à
129.25984251968504 520.4409448818898 23.811023622047244 13.039370078740157 se
141.16535433070865 520.4409448818898 47.62204724409449 13.039370078740157 délivrer
176.88188976377953 520.4409448818898 23.811023622047244 13.039370078740157 de
188.78740157480314 520.4409448818898 31.748031496062993 13.039370078740157 tout
208.62992125984252 520.4409448818898 23.811023622047244 13.039370078740157 un
220.53543307086613 520.4409448818898 43.653543307086615 13.039370078740157 système
252.28346456692913 520.4409448818898 23.811023622047244 13.039370078740157 de
264.18897637795277 520.4409448818898 27.77952755905512 13.039370078740157 vie
276.09448818897636 520.4409448818898 23.811023622047244 13.039370078740157 ?’en

54.14173228346457 531.2125984251968 35.1496062992126 11.338582677165354 marge
81.63779527559055 531.2125984251968 27.212598425196852 11.338582677165354 qui
97.22834645669292 531.2125984251968 31.181102362204726 11.338582677165354 rend
116.78740157480316 531.2125984251968 54.70866141732284 11.338582677165354 impossible
159.59055118110237 531.2125984251968 31.181102362204726 11.338582677165354 leur
179.1496062992126 531.2125984251968 50.74015748031496 11.338582677165354 transfert
218.26771653543307 531.2125984251968 31.181102362204726 11.338582677165354 dans
237.82677165354332 531.2125984251968 23.52755905511811 11.338582677165354 la
249.4488188976378 531.2125984251968 43.08661417322835 11.338582677165354 Société
276.66141732283467 531.2125984251968 23.52755905511811 11.338582677165354 sans

54.14173228346457 539.4330708661417 45.92125984251968 13.32283464566929 passage
87.59055118110236 539.4330708661417 24.944881889763778 13.32283464566929 au
100.06299212598425 539.4330708661417 54.14173228346457 13.32283464566929 préalable
141.73228346456693 539.4330708661417 33.44881889763779 13.32283464566929 dans
162.70866141732284 539.4330708661417 24.944881889763778 13.32283464566929 un
175.1811023622047 539.4330708661417 41.669291338582674 13.32283464566929 centre
204.3779527559055 539.4330708661417 24.944881889763778 13.32283464566929 de
216.8503937007874 539.4330708661417 54.14173228346457 13.32283464566929 promotion
254.26771653543307 539.4330708661417 41.669291338582674 13.32283464566929 sociale.

49.039370078740156 557.007874015748 69.73228346456693 13.32283464566929 Responsable:

55.275590551181104 567.7795275590552 48.75590551181102 13.88976377952756 Didier
92.69291338582677 567.7795275590552 60.09448818897638 13.88976377952756 STEPHANT
141.73228346456693 567.7795275590552 22.677165354330707 13.88976377952756 né
153.0708661417323 567.7795275590552 22.677165354330707 13.88976377952756 en
164.1259842519685 567.7795275590552 30.04724409448819 13.88976377952756 1941
183.11811023622047 567.7795275590552 18.708661417322833 13.88976377952756 à
190.48818897637796 567.7795275590552 86.45669291338582 13.88976377952756 Carrières-sur-Seine
261.9212598425197 567.7795275590552 37.7007874015748 13.88976377952756 (France)

49.32283464566929 579.9685039370079 52.15748031496063 12.472440944881889 Architecte

53.574803149606296 590.1732283464567 75.96850393700787 13.039370078740157 Jean-Claude
117.07086614173228 590.1732283464567 63.21259842519685 13.039370078740157 ARNAUD
167.5275590551181 590.1732283464567 25.228346456692915 13.039370078740157 né
180.28346456692913 590.1732283464567 25.228346456692915 13.039370078740157 en
193.03937007874015 590.1732283464567 33.732283464566926 13.039370078740157 1936
214.01574803149606 590.1732283464567 20.976377952755904 13.039370078740157 à
222.51968503937007 590.1732283464567 50.74015748031496 13.039370078740157 Mandeure
256.251968503937 590.1732283464567 42.23622047244095 13.039370078740157 (France)

50.45669291338583 601.511811023622 38.55118110236221 11.905511811023622 Peintre

54.70866141732284 608.0314960629921 50.74015748031496 18.141732283464567 Marie
92.69291338582677 608.0314960629921 67.46456692913385 18.141732283464567 CHAMANT
147.68503937007873 608.0314960629921 29.480314960629922 18.141732283464567 née
164.40944881889763 608.0314960629921 25.228346456692915 18.141732283464567 en
177.16535433070865 608.0314960629921 33.732283464566926 18.141732283464567 1944
198.4251968503937 608.0314960629921 20.976377952755904 18.141732283464567 à
206.64566929133858 608.0314960629921 37.98425196850393 18.141732283464567 Paris
232.15748031496062 608.0314960629921 50.74015748031496 18.141732283464567 (France)
265.8897637795276 608.0314960629921 33.732283464566926 18.141732283464567 Peinte

54.14173228346457 625.0393700787401 44.22047244094488 12.188976377952756 Jean
86.1732283464567 625.0393700787401 64.06299212598425 12.188976377952756 FELTRIN
138.33070866141733 625.0393700787401 24.094488188976378 12.188976377952756 né
150.23622047244095 625.0393700787401 24.094488188976378 12.188976377952756 en
162.4251968503937 625.0393700787401 32.031496062992126 12.188976377952756 1939
182.26771653543307 625.0393700787401 20.125984251968504 12.188976377952756 à
190.48818897637796 625.0393700787401 36.0 12.188976377952756 Brive
214.29921259842519 625.0393700787401 48.188976377952756 12.188976377952756 (France)
246.33070866141733 625.0393700787401 44.22047244094488 12.188976377952756 Sculpteur

50.45669291338583 642.0472440944882 23.244094488188978 13.039370078740157 148
