307.84251968503935 672.6614173228346
3.6850393700787403 27.212598425196852 47.62204724409449 15.023622047244094 INDE

47.62204724409449 135.21259842519686 79.37007874015748 13.88976377952756 Commissaire
111.11811023622047 135.21259842519686 63.496062992125985 13.88976377952756 général:
158.74015748031496 135.21259842519686 31.748031496062993 13.88976377952756 E.
174.61417322834646 135.21259842519686 58.110236220472444 13.88976377952756 Pouchpa
211.46456692913387 135.21259842519686 31.748031496062993 13.88976377952756 Dass

48.188976377952756 148.53543307086613 44.503937007874015 17.5748031496063 Attaché
80.50393700787401 148.53543307086613 48.47244094488189 17.5748031496063 culturel
116.78740157480316 148.53543307086613 32.31496062992126 17.5748031496063 près
136.91338582677164 148.53543307086613 60.37795275590551 17.5748031496063 l’Ambassade
185.38582677165354 148.53543307086613 24.094488188976378 17.5748031496063 de
197.29133858267716 148.53543307086613 40.25196850393701 17.5748031496063 l'Inde
225.63779527559055 148.53543307086613 20.125984251968504 17.5748031496063 à
229.60629921259843 148.53543307086613 32.31496062992126 17.5748031496063 Paris.

32.59842519685039 187.08661417322836 42.23622047244095 14.456692913385826 L’art
60.94488188976378 187.08661417322836 46.77165354330709 14.456692913385826 indien
93.54330708661418 187.08661417322836 51.59055118110236 14.456692913385826 connaît
130.96062992125985 187.08661417322836 70.2992125984252 14.456692913385826 aujourd’hui
187.08661417322836 187.08661417322836 28.062992125984252 14.456692913385826 un
196.44094488188978 187.08661417322836 70.2992125984252 14.456692913385826 développement

19.84251968503937 198.4251968503937 66.33070866141732 12.755905511811024 vigoureux.
72.0 198.4251968503937 37.98425196850393 12.755905511811024 Nous
95.81102362204724 198.4251968503937 42.51968503937008 12.755905511811024 avons
124.15748031496064 198.4251968503937 56.69291338582677 12.755905511811024 assisté,
166.6771653543307 198.4251968503937 28.346456692913385 12.755905511811024 au
180.8503937007874 198.4251968503937 42.51968503937008 12.755905511811024 cours
209.48031496062993 198.4251968503937 28.346456692913385 12.755905511811024 de
223.6535433070866 198.4251968503937 33.16535433070866 12.755905511811024 ces
237.82677165354332 198.4251968503937 28.346456692913385 12.755905511811024 der-

20.409448818897637 210.33070866141733 44.78740157480315 12.755905511811024 nières
51.874015748031496 210.33070866141733 40.25196850393701 12.755905511811024 vingt
78.51968503937007 210.33070866141733 49.32283464566929 12.755905511811024 années,
114.51968503937007 210.33070866141733 22.393700787401574 12.755905511811024 à
123.30708661417323 210.33070866141733 26.929133858267715 12.755905511811024 la
136.62992125984252 210.33070866141733 62.645669291338585 12.755905511811024 croissance
185.95275590551182 210.33070866141733 26.929133858267715 12.755905511811024 et
199.2755905511811 210.33070866141733 22.393700787401574 12.755905511811024 à
208.3464566929134 210.33070866141733 26.929133858267715 12.755905511811024 la
217.13385826771653 210.33070866141733 49.32283464566929 12.755905511811024 floraison

20.125984251968504 220.53543307086613 41.10236220472441 13.88976377952756 d’une
47.338582677165356 220.53543307086613 41.10236220472441 13.88976377952756 phase
74.83464566929133 220.53543307086613 54.70866141732284 13.88976377952756 moderne,
115.93700787401575 220.53543307086613 45.63779527559055 13.88976377952756 pleine
147.96850393700788 220.53543307086613 27.496062992125985 13.88976377952756 de
161.5748031496063 220.53543307086613 54.70866141732284 13.88976377952756 vitalité
202.6771653543307 220.53543307086613 27.496062992125985 13.88976377952756 et
211.748031496063 220.53543307086613 54.70866141732284 13.88976377952756 d’indépen-

19.559055118110237 232.15748031496062 47.338582677165356 10.204724409448819 dance.
52.724409448818896 232.15748031496062 33.16535433070866 10.204724409448819 Cet
71.71653543307086 232.15748031496062 37.98425196850393 10.204724409448819 art,
95.5275590551181 232.15748031496062 37.98425196850393 10.204724409448819 tout
119.05511811023622 232.15748031496062 28.346456692913385 10.204724409448819 en
133.22834645669292 232.15748031496062 42.51968503937008 10.204724409448819 ayant
161.5748031496063 232.15748031496062 33.16535433070866 10.204724409448819 des
180.56692913385828 232.15748031496062 47.338582677165356 10.204724409448819 points
213.73228346456693 232.15748031496062 28.346456692913385 10.204724409448819 de
223.37007874015748 232.15748031496062 42.51968503937008 10.204724409448819 ressem-

19.275590551181104 238.96062992125985 48.47244094488189 16.440944881889763 blance
53.00787401574803 238.96062992125985 38.83464566929134 16.440944881889763 avec
77.38582677165354 238.96062992125985 43.653543307086615 16.440944881889763 l’art
106.2992125984252 238.96062992125985 72.56692913385827 16.440944881889763 occidental,
164.40944881889763 238.96062992125985 53.29133858267716 16.440944881889763 exprime
203.24409448818898 238.96062992125985 62.92913385826772 16.440944881889763 également
246.89763779527559 238.96062992125985 19.275590551181104 16.440944881889763 sa

20.125984251968504 251.71653543307087 46.20472440944882 13.88976377952756 propre
52.44094488188976 251.71653543307087 69.16535433070867 13.88976377952756 sensibilité
107.71653543307086 251.71653543307087 27.77952755905512 13.88976377952756 et
121.32283464566929 251.71653543307087 32.31496062992126 13.88976377952756 son
139.748031496063 251.71653543307087 46.20472440944882 13.88976377952756 propre
167.5275590551181 251.71653543307087 41.38582677165354 13.88976377952756 milieu.

32.031496062992126 262.48818897637796 27.496062992125985 15.023622047244094 La
45.63779527559055 262.48818897637796 59.52755905511811 15.023622047244094 diversité
91.55905511811024 262.48818897637796 27.496062992125985 15.023622047244094 de
105.44881889763779 262.48818897637796 45.92125984251968 15.023622047244094 l’Inde
137.48031496062993 262.48818897637796 27.496062992125985 15.023622047244094 et
151.08661417322836 262.48818897637796 27.496062992125985 15.023622047244094 sa
164.9763779527559 262.48818897637796 41.38582677165354 15.023622047244094 vaste
192.4724409448819 262.48818897637796 64.34645669291339 15.023622047244094 exubérance
238.39370078740157 262.48818897637796 27.496062992125985 15.023622047244094 tro-

20.125984251968504 278.0787401574803 42.51968503937008 13.039370078740157 picale
49.889763779527556 278.0787401574803 25.511811023622048 13.039370078740157 se
62.645669291338585 278.0787401574803 55.275590551181104 13.039370078740157 reflètent
105.16535433070867 278.0787401574803 25.511811023622048 13.039370078740157 en
117.92125984251969 278.0787401574803 25.511811023622048 13.039370078740157 un
130.6771653543307 278.0787401574803 29.763779527559056 13.039370078740157 art
147.4015748031496 278.0787401574803 38.267716535433074 13.039370078740157 viril
172.91338582677164 278.0787401574803 25.511811023622048 13.039370078740157 et
185.66929133858267 278.0787401574803 42.51968503937008 13.039370078740157 riche.
215.43307086614172 278.0787401574803 25.511811023622048 13.039370078740157 La
223.93700787401573 278.0787401574803 42.51968503937008 13.039370078740157 nouvelle

19.275590551181104 288.2834645669291 54.99212598425197 12.472440944881889 tendance
60.37795275590551 288.2834645669291 27.496062992125985 12.472440944881889 ne
74.26771653543307 288.2834645669291 36.56692913385827 12.472440944881889 peut
96.94488188976378 288.2834645669291 36.56692913385827 12.472440944881889 être
119.90551181102362 288.2834645669291 50.45669291338583 12.472440944881889 classée
156.4724409448819 288.2834645669291 27.496062992125985 12.472440944881889 en
170.36220472440945 288.2834645669291 45.92125984251968 12.472440944881889 écoles
202.39370078740157 288.2834645669291 27.496062992125985 12.472440944881889 ou
211.46456692913387 288.2834645669291 54.99212598425197 12.472440944881889 styles,car

19.275590551181104 297.07086614173227 26.929133858267715 13.039370078740157 la
32.881889763779526 297.07086614173227 49.32283464566929 13.039370078740157 plupart
68.88188976377953 297.07086614173227 31.46456692913386 13.039370078740157 des
86.74015748031496 297.07086614173227 53.85826771653543 13.039370078740157 artistes
127.2755905511811 297.07086614173227 67.46456692913385 13.039370078740157 travaillent
181.13385826771653 297.07086614173227 36.0 13.039370078740157 avec
203.5275590551181 297.07086614173227 26.929133858267715 13.039370078740157 un
217.13385826771653 297.07086614173227 40.53543307086614 13.039370078740157 style
239.5275590551181 297.07086614173227 26.929133858267715 13.039370078740157 très

14.173228346456693 307.84251968503935 58.960629921259844 13.88976377952756 personnel.

31.46456692913386 322.5826771653543 39.118110236220474 12.188976377952756 Mais
55.84251968503937 322.5826771653543 39.118110236220474 12.188976377952756 dans
80.22047244094489 322.5826771653543 43.93700787401575 12.188976377952756 notre
109.41732283464567 322.5826771653543 43.93700787401575 12.188976377952756 jeune
138.61417322834646 322.5826771653543 73.13385826771653 12.188976377952756 démocratie,
197.29133858267716 322.5826771653543 34.01574803149607 12.188976377952756 les
216.8503937007874 322.5826771653543 43.93700787401575 12.188976377952756 voies
241.22834645669292 322.5826771653543 24.37795275590551 12.188976377952756 ou-

18.992125984251967 335.0551181102362 46.488188976377955 11.338582677165354 vertes
51.59055118110236 335.0551181102362 32.59842519685039 11.338582677165354 aux
70.01574803149606 335.0551181102362 55.84251968503937 11.338582677165354 artistes
111.96850393700787 335.0551181102362 37.41732283464567 11.338582677165354 sont
135.49606299212599 335.0551181102362 28.062992125984252 11.338582677165354 de
149.38582677165354 335.0551181102362 37.41732283464567 11.338582677165354 plus
172.62992125984252 335.0551181102362 28.062992125984252 11.338582677165354 en
186.51968503937007 335.0551181102362 37.41732283464567 11.338582677165354 plus
205.22834645669292 335.0551181102362 60.661417322834644 11.338582677165354 nombreuses.

19.559055118110237 344.12598425196853 28.913385826771652 15.023622047244094 Si
34.01574803149607 344.12598425196853 34.01574803149607 15.023622047244094 les
53.29133858267716 344.12598425196853 48.47244094488189 15.023622047244094 œuvres
87.30708661417323 344.12598425196853 72.56692913385827 15.023622047244094 elles-mêmes
145.41732283464566 344.12598425196853 28.913385826771652 15.023622047244094 ne
159.8740157480315 344.12598425196853 58.110236220472444 15.023622047244094 semblent
203.5275590551181 344.12598425196853 34.01574803149607 15.023622047244094 pas
217.98425196850394 344.12598425196853 48.47244094488189 15.023622047244094 reflèter

19.559055118110237 354.3307086614173 73.98425196850394 13.039370078740157 l’optimisme,
79.65354330708661 354.3307086614173 41.669291338582674 13.039370078740157 l’art
107.43307086614173 354.3307086614173 27.77952755905512 13.039370078740157 se
121.03937007874016 354.3307086614173 46.20472440944882 13.039370078740157 trouve
153.63779527559055 354.3307086614173 27.77952755905512 13.039370078740157 en
167.24409448818898 354.3307086614173 46.20472440944882 13.039370078740157 pleine
195.0236220472441 354.3307086614173 55.55905511811024 13.039370078740157 expansion.

30.89763779527559 368.2204724409449 39.968503937007874 11.905511811023622 Dans
55.84251968503937 368.2204724409449 30.04724409448819 11.905511811023622 la
70.86614173228347 368.2204724409449 54.99212598425197 11.905511811023622 section
110.83464566929133 368.2204724409449 30.04724409448819 11.905511811023622 du
125.85826771653544 368.2204724409449 59.811023622047244 11.905511811023622 théâtre,
170.64566929133858 368.2204724409449 49.889763779527556 11.905511811023622 Kokila
205.79527559055117 368.2204724409449 49.889763779527556 11.905511811023622 Mavani
235.55905511811022 368.2204724409449 30.04724409448819 11.905511811023622 pré-

19.275590551181104 381.54330708661416 41.95275590551181 11.338582677165354 sente
47.05511811023622 381.54330708661416 28.062992125984252 11.338582677165354 un
60.94488188976378 381.54330708661416 46.488188976377955 11.338582677165354 projet
93.54330708661418 381.54330708661416 28.062992125984252 11.338582677165354 de
107.71653543307086 381.54330708661416 37.13385826771653 11.338582677165354 mise
130.96062992125985 381.54330708661416 28.062992125984252 11.338582677165354 en
144.8503937007874 381.54330708661416 41.95275590551181 11.338582677165354 scène
172.91338582677164 381.54330708661416 28.062992125984252 11.338582677165354 et
186.8031496062992 381.54330708661416 28.062992125984252 11.338582677165354 de
200.69291338582678 381.54330708661416 55.84251968503937 11.338582677165354 costumes
237.82677165354332 381.54330708661416 28.062992125984252 11.338582677165354 pour

19.275590551181104 390.8976377952756 33.732283464566926 12.472440944881889 une
38.55118110236221 390.8976377952756 43.653543307086615 12.472440944881889 pièce
67.74803149606299 390.8976377952756 28.913385826771652 12.472440944881889 de
82.20472440944881 390.8976377952756 53.29133858267716 12.472440944881889 Tagore,
125.5748031496063 390.8976377952756 62.92913385826772 12.472440944881889 Sacrifice
174.04724409448818 390.8976377952756 24.094488188976378 12.472440944881889 ,
183.68503937007873 390.8976377952756 33.732283464566926 12.472440944881889 qui
202.96062992125985 390.8976377952756 62.92913385826772 12.472440944881889 s’efforce
246.61417322834646 390.8976377952756 19.275590551181104 12.472440944881889 de

18.708661417322833 399.9685039370079 53.00787401574803 13.606299212598426 traduire
58.39370078740158 399.9685039370079 74.83464566929133 13.606299212598426 plastiquement
120.18897637795276 399.9685039370079 26.362204724409448 13.606299212598426 le
133.51181102362204 399.9685039370079 48.47244094488189 13.606299212598426 conflit
168.66141732283464 399.9685039370079 39.68503937007874 13.606299212598426 entre
195.0236220472441 399.9685039370079 30.89763779527559 13.606299212598426 les
212.5984251968504 399.9685039370079 43.93700787401575 13.606299212598426 forces
239.24409448818898 399.9685039370079 26.362204724409448 13.606299212598426 spi-

19.559055118110237 410.45669291338584 58.67716535433071 15.590551181102363 rituelles
64.62992125984252 410.45669291338584 26.929133858267715 15.590551181102363 et
78.23622047244095 410.45669291338584 26.929133858267715 15.590551181102363 la
91.55905511811024 410.45669291338584 58.67716535433071 15.590551181102363 puissance
132.09448818897638 410.45669291338584 58.67716535433071 15.590551181102363 temporelle.
