307.84251968503935 672.6614173228346
63.21259842519685 25.79527559055118 137.48031496062993 20.409448818897637 NOUVELLE

49.889763779527556 130.39370078740157 81.07086614173228 19.275590551181104 Commissaire
114.80314960629921 130.39370078740157 64.91338582677166 19.275590551181104 général:
163.2755905511811 130.39370078740157 32.31496062992126 19.275590551181104 J.
174.04724409448818 130.39370078740157 48.75590551181102 19.275590551181104 Malcolm

50.173228346456696 146.83464566929135 37.7007874015748 14.740157480314961 Queen
75.4015748031496 146.83464566929135 54.425196850393704 14.740157480314961 Elisabeth
117.07086614173228 146.83464566929135 25.228346456692915 14.740157480314961 II
129.82677165354332 146.83464566929135 33.44881889763779 14.740157480314961 Arts
146.5511811023622 146.83464566929135 41.95275590551181 14.740157480314961 Council.

33.44881889763779 185.10236220472441 72.28346456692914 15.307086614173228 L’arrivée
89.00787401574803 185.10236220472441 38.83464566929134 15.307086614173228 des
111.4015748031496 185.10236220472441 55.55905511811024 15.307086614173228 colons
150.23622047244095 185.10236220472441 72.28346456692914 15.307086614173228 européens
205.79527559055117 185.10236220472441 33.44881889763779 15.307086614173228 et
222.23622047244095 185.10236220472441 33.44881889763779 15.307086614173228 de
238.96062992125985 185.10236220472441 49.889763779527556 15.307086614173228 leurs
272.40944881889766 185.10236220472441 44.503937007874015 15.307086614173228 mis-

21.826771653543307 198.99212598425197 61.511811023622045 14.740157480314961 sionnaires
70.2992125984252 198.99212598425197 61.511811023622045 14.740157480314961 chrétiens,
118.77165354330708 198.99212598425197 74.83464566929133 14.740157480314961 affaiblissant
180.28346456692913 198.99212598425197 30.89763779527559 14.740157480314961 les
197.85826771653544 198.99212598425197 48.47244094488189 14.740157480314961 racines
228.75590551181102 198.99212598425197 43.93700787401575 14.740157480314961 sociales

20.69291338582677 209.1968503937008 31.748031496062993 9.921259842519685 et
36.56692913385827 209.1968503937008 68.5984251968504 9.921259842519685 ethniques
89.29133858267717 209.1968503937008 31.748031496062993 9.921259842519685 de
105.16535433070867 209.1968503937008 31.748031496062993 9.921259842519685 la
121.03937007874016 209.1968503937008 36.8503937007874 9.921259842519685 vie
142.29921259842519 209.1968503937008 89.85826771653544 9.921259842519685 polynésienne,
216.0 209.1968503937008 26.362204724409448 9.921259842519685 a
226.77165354330708 209.1968503937008 47.62204724409449 9.921259842519685 porté
258.23622047244095 209.1968503937008 31.748031496062993 9.921259842519685 un
274.1102362204724 209.1968503937008 42.23622047244095 9.921259842519685 coup

21.543307086614174 219.11811023622047 44.78740157480315 15.874015748031496 mortel
53.00787401574803 219.11811023622047 22.393700787401574 15.874015748031496 à
62.07874015748032 219.11811023622047 26.929133858267715 15.874015748031496 la
75.4015748031496 219.11811023622047 58.39370078740158 15.874015748031496 tradition
120.18897637795276 219.11811023622047 44.78740157480315 15.874015748031496 maorie
151.6535433070866 219.11811023622047 62.645669291338585 15.874015748031496 auparavant
200.9763779527559 219.11811023622047 44.78740157480315 15.874015748031496 virile
232.44094488188978 219.11811023622047 36.0 15.874015748031496 dans
250.29921259842519 219.11811023622047 22.393700787401574 15.874015748031496 les

20.976377952755904 231.30708661417322 37.98425196850393 14.456692913385826 arts
44.78740157480315 231.30708661417322 56.976377952755904 14.456692913385826 visuels.
87.30708661417323 231.30708661417322 33.16535433070866 14.456692913385826 Les
106.2992125984252 231.30708661417322 66.33070866141732 14.456692913385826 tentatives
158.45669291338584 231.30708661417322 33.16535433070866 14.456692913385826 qui
177.4488188976378 231.30708661417322 33.16535433070866 14.456692913385826 ont
196.44094488188978 231.30708661417322 42.51968503937008 14.456692913385826 suivi
224.78740157480314 231.30708661417322 37.98425196850393 14.456692913385826 pour
243.7795275590551 231.30708661417322 28.346456692913385 14.456692913385826 rem-

20.976377952755904 241.51181102362204 48.188976377952756 12.472440944881889 placer
54.70866141732284 241.51181102362204 43.37007874015748 12.472440944881889 cette
83.62204724409449 241.51181102362204 53.00787401574803 12.472440944881889 culture
122.45669291338582 241.51181102362204 33.732283464566926 12.472440944881889 par
141.73228346456693 241.51181102362204 28.913385826771652 12.472440944881889 un
156.18897637795277 241.51181102362204 53.00787401574803 12.472440944881889 produit
194.74015748031496 241.51181102362204 53.00787401574803 12.472440944881889 importé
228.75590551181102 241.51181102362204 43.37007874015748 12.472440944881889 forment

20.409448818897637 252.28346456692913 30.04724409448819 10.488188976377952 la
35.43307086614173 252.28346456692913 39.968503937007874 10.488188976377952 base
60.661417322834644 252.28346456692913 39.968503937007874 10.488188976377952 dont
85.60629921259843 252.28346456692913 65.19685039370079 10.488188976377952 découlent
135.7795275590551 252.28346456692913 30.04724409448819 10.488188976377952 la
150.8031496062992 252.28346456692913 60.09448818897638 10.488188976377952 peinture
195.8740157480315 252.28346456692913 30.04724409448819 10.488188976377952 et
210.89763779527559 252.28346456692913 30.04724409448819 10.488188976377952 la
225.92125984251967 252.28346456692913 65.19685039370079 10.488188976377952 sculpture
276.09448818897636 252.28346456692913 39.968503937007874 10.488188976377952 con¬

19.84251968503937 263.33858267716533 77.38582677165354 12.472440944881889 temporaines
81.63779527559055 263.33858267716533 30.89763779527559 12.472440944881889 de
96.94488188976378 263.33858267716533 30.89763779527559 12.472440944881889 la
107.43307086614173 263.33858267716533 97.79527559055119 12.472440944881889 Nouvelle

32.59842519685039 274.6771653543307 32.59842519685039 16.724409448818896 Le
48.75590551181102 274.6771653543307 37.98425196850393 16.724409448818896 mot
70.58267716535433 274.6771653543307 27.212598425196852 16.724409448818896 *
81.35433070866142 274.6771653543307 70.58267716535433 16.724409448818896 isolement
135.7795275590551 274.6771653543307 27.212598425196852 16.724409448818896 a
146.83464566929135 274.6771653543307 59.811023622047244 16.724409448818896 souvent
190.20472440944883 274.6771653543307 37.98425196850393 16.724409448818896 été
212.03149606299212 274.6771653543307 65.19685039370079 16.724409448818896 prononcé
255.4015748031496 274.6771653543307 16.440944881889763 16.724409448818896 à

20.69291338582677 286.01574803149606 49.32283464566929 15.307086614173228 l’égard
56.69291338582677 286.01574803149606 26.929133858267715 15.307086614173228 de
70.01574803149606 286.01574803149606 31.46456692913386 15.307086614173228 cet
87.8740157480315 286.01574803149606 35.71653543307087 15.307086614173228 art.
110.26771653543307 286.01574803149606 26.929133858267715 15.307086614173228 Il
123.8740157480315 286.01574803149606 35.71653543307087 15.307086614173228 peut
146.26771653543307 286.01574803149606 58.110236220472444 15.307086614173228 expliquer
191.0551181102362 286.01574803149606 26.929133858267715 15.307086614173228 un
204.3779527559055 286.01574803149606 49.32283464566929 15.307086614173228 certain
235.84251968503938 286.01574803149606 35.71653543307087 15.307086614173228 carac-

19.559055118110237 298.20472440944883 40.25196850393701 12.755905511811024 tère
44.78740157480315 298.20472440944883 70.58267716535433 12.755905511811024 provincial
100.34645669291339 298.20472440944883 40.25196850393701 12.755905511811024 mais
125.5748031496063 298.20472440944883 60.37795275590551 12.755905511811024 n’excuse
170.64566929133858 298.20472440944883 80.50393700787401 12.755905511811024 certainement
236.40944881889763 298.20472440944883 35.1496062992126 12.755905511811024 pas
251.43307086614172 298.20472440944883 20.125984251968504 12.755905511811024 la

19.275590551181104 308.12598425196853 68.03149606299213 14.456692913385826 stérilité
71.43307086614173 308.12598425196853 31.46456692913386 14.456692913385826 ou
87.30708661417323 308.12598425196853 31.46456692913386 14.456692913385826 le
102.89763779527559 308.12598425196853 52.44094488188976 14.456692913385826 manque
139.748031496063 308.12598425196853 83.90551181102362 14.456692913385826 d’invention.
207.7795275590551 308.12598425196853 41.95275590551181 14.456692913385826 Ceci
233.85826771653544 308.12598425196853 36.56692913385827 14.456692913385826 est
254.83464566929135 308.12598425196853 62.92913385826772 14.456692913385826 particu¬

20.125984251968504 319.18110236220474 60.37795275590551 11.338582677165354 lièrement
66.61417322834646 319.18110236220474 37.13385826771653 11.338582677165354 vrai
89.85826771653544 319.18110236220474 27.77952755905512 11.338582677165354 en
103.74803149606299 319.18110236220474 27.77952755905512 11.338582677165354 ce
117.63779527559055 319.18110236220474 32.59842519685039 11.338582677165354 qui
136.3464566929134 319.18110236220474 55.84251968503937 11.338582677165354 concerne
178.01574803149606 319.18110236220474 27.77952755905512 11.338582677165354 le
191.90551181102362 319.18110236220474 69.73228346456693 11.338582677165354 vocabulaire
243.21259842519686 319.18110236220474 27.77952755905512 11.338582677165354 for-

20.125984251968504 330.8031496062992 33.16535433070866 12.472440944881889 mel
39.118110236220474 330.8031496062992 28.346456692913385 12.472440944881889 et
53.29133858267716 330.8031496062992 52.15748031496063 12.472440944881889 valable
91.2755905511811 330.8031496062992 33.16535433070866 12.472440944881889 que
110.26771653543307 330.8031496062992 28.346456692913385 12.472440944881889 le
124.44094488188976 330.8031496062992 42.803149606299215 12.472440944881889 maori
153.0708661417323 330.8031496062992 23.811023622047244 12.472440944881889 a
162.4251968503937 330.8031496062992 37.98425196850393 12.472440944881889 créé
186.23622047244095 330.8031496062992 37.98425196850393 12.472440944881889 dans
210.04724409448818 330.8031496062992 28.346456692913385 12.472440944881889 le
224.2204724409449 330.8031496062992 37.98425196850393 12.472440944881889 même
243.21259842519686 330.8031496062992 28.346456692913385 12.472440944881889 vide

19.84251968503937 340.4409448818898 70.58267716535433 13.88976377952756 insulaire.
75.4015748031496 340.4409448818898 45.354330708661415 13.88976377952756 Cette
105.44881889763779 340.4409448818898 75.4015748031496 13.88976377952756 impuissance
165.82677165354332 340.4409448818898 55.275590551181104 13.88976377952756 remonte
206.07874015748033 340.4409448818898 50.45669291338583 13.88976377952756 plutôt
241.22834645669292 340.4409448818898 25.228346456692915 13.88976377952756 à
246.33070866141733 340.4409448818898 25.228346456692915 13.88976377952756 une

19.559055118110237 350.3622047244094 55.84251968503937 13.32283464566929 certaine
61.22834645669291 350.3622047244094 55.84251968503937 13.32283464566929 division
103.18110236220473 350.3622047244094 41.95275590551181 13.32283464566929 entre
131.24409448818898 350.3622047244094 32.59842519685039 13.32283464566929 les
149.95275590551182 350.3622047244094 37.13385826771653 13.32283464566929 arts
173.1968503937008 350.3622047244094 51.30708661417323 13.32283464566929 visuels
210.33070866141733 350.3622047244094 28.062992125984252 13.32283464566929 et
224.50393700787401 350.3622047244094 28.062992125984252 13.32283464566929 la
233.85826771653544 350.3622047244094 37.13385826771653 13.32283464566929 nation

19.559055118110237 362.8346456692913 46.488188976377955 13.32283464566929 qu’ils
52.15748031496063 362.8346456692913 79.08661417322834 13.32283464566929 représentent.
117.35433070866142 362.8346456692913 41.95275590551181 13.32283464566929 Notre
145.13385826771653 362.8346456692913 51.30708661417323 13.32283464566929 culture
182.5511811023622 362.8346456692913 32.59842519685039 13.32283464566929 est
200.9763779527559 362.8346456692913 46.488188976377955 13.32283464566929 encore
229.03937007874015 362.8346456692913 41.95275590551181 13.32283464566929 marquée

19.275590551181104 372.755905511811 42.803149606299215 12.755905511811024 d’une
47.90551181102362 372.755905511811 66.61417322834646 12.755905511811024 préciosité
100.06299212598425 372.755905511811 61.79527559055118 12.755905511811024 importée,
147.68503937007873 372.755905511811 42.803149606299215 12.755905511811024 ayant
176.03149606299212 372.755905511811 33.16535433070866 12.755905511811024 peu
195.0236220472441 372.755905511811 28.62992125984252 12.755905511811024 de
209.1968503937008 372.755905511811 52.15748031496063 12.755905511811024 rapport
242.64566929133858 372.755905511811 28.62992125984252 12.755905511811024 avec

19.84251968503937 384.37795275590554 28.913385826771652 10.771653543307087 un
34.2992125984252 384.37795275590554 48.188976377952756 10.771653543307087 milieu
68.03149606299213 384.37795275590554 81.92125984251969 10.771653543307087 néo-zélandais
135.21259842519686 384.37795275590554 28.913385826771652 10.771653543307087 et
149.66929133858267 384.37795275590554 28.913385826771652 10.771653543307087 un
164.1259842519685 384.37795275590554 48.188976377952756 10.771653543307087 peuple
193.03937007874015 384.37795275590554 53.00787401574803 10.771653543307087 original.

32.59842519685039 395.43307086614175 46.488188976377955 13.039370078740157 Devant
65.19685039370079 395.43307086614175 41.95275590551181 13.039370078740157 cette
92.97637795275591 395.43307086614175 46.488188976377955 13.039370078740157 grande
125.5748031496063 395.43307086614175 70.01574803149606 13.039370078740157 difficulté,
181.70078740157481 395.43307086614175 28.062992125984252 13.039370078740157 on
195.59055118110237 395.43307086614175 51.30708661417323 13.039370078740157 essaie,
232.7244094488189 395.43307086614175 23.244094488188978 13.039370078740157 à
237.54330708661416 395.43307086614175 32.59842519685039 13.039370078740157 Auck-

18.992125984251967 407.62204724409446 40.25196850393701 14.173228346456693 land
44.22047244094488 407.62204724409446 45.354330708661415 14.173228346456693 (dans
74.26771653543307 407.62204724409446 45.354330708661415 14.173228346456693 l’île
104.5984251968504 407.62204724409446 30.04724409448819 14.173228346456693 du
119.62204724409449 407.62204724409446 50.173228346456696 14.173228346456693 nord),
154.77165354330708 407.62204724409446 30.04724409448819 14.173228346456693 de
169.79527559055117 407.62204724409446 50.173228346456696 14.173228346456693 mettre
204.9448818897638 407.62204724409446 30.04724409448819 14.173228346456693 le
220.251968503937 407.62204724409446 50.173228346456696 14.173228346456693 public
250.29921259842519 407.62204724409446 20.125984251968504 14.173228346456693 en

19.275590551181104 421.2283464566929 56.40944881889764 11.622047244094489 contact
60.37795275590551 421.2283464566929 41.10236220472441 11.622047244094489 avec
85.88976377952756 421.2283464566929 36.0 11.622047244094489 les
106.58267716535433 421.2283464566929 61.511811023622045 11.622047244094489 artistes
152.78740157480314 421.2283464566929 87.30708661417323 11.622047244094489 néo-zélandais
224.50393700787401 421.2283464566929 30.89763779527559 11.622047244094489 au
234.70866141732284 421.2283464566929 36.0 11.622047244094489 moyen

18.992125984251967 429.1653543307087 39.68503937007874 13.32283464566929 d’un
43.653543307086615 429.1653543307087 44.503937007874015 13.32283464566929 grand
73.13385826771653 429.1653543307087 49.32283464566929 13.32283464566929 nombre
107.71653543307086 429.1653543307087 29.763779527559056 13.32283464566929 de
122.74015748031496 429.1653543307087 59.24409448818898 13.32283464566929 galeries
167.24409448818898 429.1653543307087 59.24409448818898 13.32283464566929 exposant
211.748031496063 429.1653543307087 54.425196850393704 13.32283464566929 surtout
246.33070866141733 429.1653543307087 24.661417322834644 13.32283464566929 des

19.559055118110237 441.6377952755906 46.488188976377955 11.622047244094489 œuvres
51.874015748031496 441.6377952755906 55.84251968503937 11.622047244094489 locales.
93.8267716535433 441.6377952755906 32.59842519685039 11.622047244094489 Les
112.53543307086615 441.6377952755906 60.37795275590551 11.622047244094489 résultats
159.0236220472441 441.6377952755906 27.77952755905512 11.622047244094489 de
172.91338582677164 441.6377952755906 32.59842519685039 11.622047244094489 cet
191.6220472440945 441.6377952755906 46.488188976377955 11.622047244094489 effort
224.2204724409449 441.6377952755906 37.13385826771653 11.622047244094489 sont
242.9291338582677 441.6377952755906 27.77952755905512 11.622047244094489 déjà

19.559055118110237 452.12598425196853 78.80314960629921 13.32283464566929 remarquables
83.62204724409449 452.12598425196853 54.14173228346457 13.32283464566929 puisque
123.02362204724409 452.12598425196853 59.24409448818898 13.32283464566929 Auckland
167.24409448818898 452.12598425196853 34.58267716535433 13.32283464566929 est
187.08661417322836 452.12598425196853 49.32283464566929 13.32283464566929 devenu
221.38582677165354 452.12598425196853 29.480314960629922 13.32283464566929 un
231.30708661417322 452.12598425196853 39.40157480314961 13.32283464566929 centre

19.275590551181104 462.8976377952756 43.08661417322835 15.307086614173228 actif
47.90551181102362 462.8976377952756 38.267716535433074 15.307086614173228 pour
72.0 462.8976377952756 33.44881889763779 15.307086614173228 les
90.99212598425197 462.8976377952756 47.90551181102362 15.307086614173228 jeunes
119.62204724409449 462.8976377952756 52.724409448818896 15.307086614173228 peintres.

32.31496062992126 474.8031496062992 37.41732283464567 12.755905511811024 Bien
55.55905511811024 474.8031496062992 41.95275590551181 12.755905511811024 qu’il
83.62204724409449 474.8031496062992 37.41732283464567 12.755905511811024 soit
106.86614173228347 474.8031496062992 37.41732283464567 12.755905511811024 trop
130.39370078740157 474.8031496062992 32.59842519685039 12.755905511811024 tôt
149.10236220472441 474.8031496062992 37.41732283464567 12.755905511811024 pour
172.3464566929134 474.8031496062992 51.30708661417323 12.755905511811024 prédire
209.76377952755905 474.8031496062992 32.59842519685039 12.755905511811024 une
223.6535433070866 474.8031496062992 46.77165354330709 12.755905511811024 nouvelle

18.992125984251967 486.70866141732284 54.14173228346457 10.771653543307087 vigueur
58.39370078740158 486.70866141732284 39.40157480314961 10.771653543307087 dans
83.05511811023622 486.70866141732284 34.58267716535433 10.771653543307087 les
102.61417322834646 486.70866141732284 39.40157480314961 10.771653543307087 arts
127.2755905511811 486.70866141732284 54.14173228346457 10.771653543307087 visuels
166.96062992125985 486.70866141732284 29.480314960629922 10.771653543307087 en
176.5984251968504 486.70866141732284 93.8267716535433 10.771653543307087 Nouvelle

19.559055118110237 495.496062992126 30.89763779527559 13.606299212598426 les
37.41732283464567 495.496062992126 61.511811023622045 13.606299212598426 sculptures
85.60629921259843 495.496062992126 26.362204724409448 13.606299212598426 de
98.92913385826772 495.496062992126 39.68503937007874 13.606299212598426 Greer
125.29133858267717 495.496062992126 39.68503937007874 13.606299212598426 Twiss
151.6535433070866 495.496062992126 30.89763779527559 13.606299212598426 qui
169.22834645669292 495.496062992126 22.11023622047244 13.606299212598426 a
178.01574803149606 495.496062992126 35.1496062992126 13.606299212598426 tiré
200.1259842519685 495.496062992126 30.89763779527559 13.606299212598426 son
213.16535433070865 495.496062992126 57.25984251968504 13.606299212598426 inspiration

19.275590551181104 508.251968503937 33.16535433070866 14.173228346456693 des
38.267716535433074 508.251968503937 47.338582677165356 14.173228346456693 sports
71.43307086614173 508.251968503937 71.14960629921259 14.173228346456693 athlétiques
128.40944881889763 508.251968503937 28.346456692913385 14.173228346456693 de
142.58267716535434 508.251968503937 28.346456692913385 14.173228346456693 la
156.75590551181102 508.251968503937 94.96062992125984 14.173228346456693 Nouvelle-Zélande
237.54330708661416 508.251968503937 28.346456692913385 14.173228346456693 et
246.89763779527559 508.251968503937 23.811023622047244 14.173228346456693 des

19.559055118110237 517.8897637795276 67.46456692913385 12.472440944881889 événements
72.56692913385827 517.8897637795276 53.00787401574803 12.472440944881889 locaux,
111.11811023622047 517.8897637795276 33.732283464566926 12.472440944881889 les
130.39370078740157 517.8897637795276 62.645669291338585 12.472440944881889 peintures
178.29921259842519 517.8897637795276 28.913385826771652 12.472440944881889 de
192.75590551181102 517.8897637795276 33.732283464566926 12.472440944881889 Pat
212.03149606299212 517.8897637795276 43.37007874015748 12.472440944881889 Hanly
240.9448818897638 517.8897637795276 33.732283464566926 12.472440944881889 qui
255.4015748031496 517.8897637795276 14.456692913385826 12.472440944881889 a

20.409448818897637 530.0787401574803 51.59055118110236 12.472440944881889 retrouvé
58.960629921259844 530.0787401574803 30.04724409448819 12.472440944881889 les
76.25196850393701 530.0787401574803 51.59055118110236 12.472440944881889 qualités
115.08661417322834 530.0787401574803 64.62992125984252 12.472440944881889 singulières
166.6771653543307 530.0787401574803 25.79527559055118 12.472440944881889 de
179.43307086614172 530.0787401574803 25.79527559055118 12.472440944881889 la
192.4724409448819 530.0787401574803 47.338582677165356 12.472440944881889 lumière
226.77165354330708 530.0787401574803 30.04724409448819 12.472440944881889 des
239.81102362204723 530.0787401574803 30.04724409448819 12.472440944881889 anti-

20.125984251968504 537.7322834645669 46.488188976377955 14.456692913385826 podes,
52.44094488188976 537.7322834645669 64.91338582677166 14.456692913385826 permettent
103.46456692913385 537.7322834645669 27.77952755905512 14.456692913385826 au
117.35433070866142 537.7322834645669 41.669291338582674 14.456692913385826 moins
145.13385826771653 537.7322834645669 27.77952755905512 14.456692913385826 de
159.0236220472441 537.7322834645669 69.44881889763779 14.456692913385826 reconnaître
210.04724409448818 537.7322834645669 60.37795275590551 14.456692913385826 l’honnêteté

19.84251968503937 552.1889763779527 28.062992125984252 11.622047244094489 de
33.732283464566926 552.1889763779527 32.59842519685039 11.622047244094489 nos
52.44094488188976 552.1889763779527 55.84251968503937 11.622047244094489 artistes
94.39370078740157 552.1889763779527 41.95275590551181 11.622047244094489 basée
122.1732283464567 552.1889763779527 32.59842519685039 11.622047244094489 sur
136.3464566929134 552.1889763779527 74.55118110236221 11.622047244094489 l’observation.

15.023622047244094 638.3622047244095 22.677165354330707 17.5748031496063 90

213.4488188976378 623.9055118110236 40.818897637795274 15.023622047244094 Mike
233.85826771653544 623.9055118110236 35.71653543307087 15.023622047244094 Dunn.
