307.84251968503935 672.6614173228346
18.141732283464567 26.078740157480315 108.85039370078741 19.559055118110237 RÉPUBLIQUE

17.007874015748033 38.83464566929134 121.88976377952756 21.543307086614174 DOMINICAINE

54.99212598425197 127.55905511811024 64.06299212598425 15.874015748031496 Commissaire
106.2992125984252 127.55905511811024 51.30708661417323 15.874015748031496 général:
144.56692913385828 127.55905511811024 51.30708661417323 15.874015748031496 Luigi
178.58267716535434 127.55905511811024 59.811023622047244 15.874015748031496 Martinez

50.173228346456696 142.86614173228347 49.889763779527556 14.740157480314961 Sculpteur.

39.68503937007874 183.11811023622047 41.669291338582674 14.456692913385826 Parmi
67.46456692913385 183.11811023622047 32.59842519685039 14.456692913385826 les
85.88976377952756 183.11811023622047 55.84251968503937 14.456692913385826 diverses
127.84251968503936 183.11811023622047 60.37795275590551 14.456692913385826 tendances
174.33070866141733 183.11811023622047 69.73228346456693 14.456692913385826 artistiques
225.35433070866142 183.11811023622047 46.488188976377955 14.456692913385826 existant

27.496062992125985 193.88976377952756 27.212598425196852 13.32283464566929 en
41.10236220472441 193.88976377952756 63.21259842519685 13.32283464566929 République
90.70866141732283 193.88976377952756 72.28346456692914 13.32283464566929 Dominicaine,
149.66929133858267 193.88976377952756 27.212598425196852 13.32283464566929 la
162.99212598425197 193.88976377952756 58.67716535433071 13.32283464566929 sélection
208.3464566929134 193.88976377952756 27.212598425196852 13.32283464566929 de
221.95275590551182 193.88976377952756 40.53543307086614 13.32283464566929 notre
244.3464566929134 193.88976377952756 27.212598425196852 13.32283464566929 par-

26.362204724409448 206.9291338582677 68.5984251968504 11.338582677165354 ticipation
80.22047244094489 206.9291338582677 24.661417322834644 11.338582677165354 à
90.14173228346456 206.9291338582677 29.480314960629922 11.338582677165354 la
104.88188976377953 206.9291338582677 53.85826771653543 11.338582677165354 Section
144.0 206.9291338582677 34.2992125984252 11.338582677165354 des
163.55905511811022 206.9291338582677 39.118110236220474 11.338582677165354 Arts
188.2204724409449 206.9291338582677 68.5984251968504 11.338582677165354 Plastiques
242.07874015748033 206.9291338582677 29.480314960629922 11.338582677165354 de
252.0 206.9291338582677 19.559055118110237 11.338582677165354 la

26.929133858267715 217.70078740157481 64.91338582677166 12.188976377952756 Quatrième
76.81889763779527 217.70078740157481 59.811023622047244 12.188976377952756 Biennale
121.88976377952756 217.70078740157481 30.04724409448819 12.188976377952756 de
136.91338582677164 217.70078740157481 44.78740157480315 12.188976377952756 Paris
166.6771653543307 217.70078740157481 59.811023622047244 12.188976377952756 présente
211.748031496063 217.70078740157481 30.04724409448819 12.188976377952756 un
226.77165354330708 217.70078740157481 44.78740157480315 12.188976377952756 choix
251.71653543307087 217.70078740157481 19.84251968503937 12.188976377952756 de

26.64566929133858 227.6220472440945 40.25196850393701 12.472440944881889 trois
53.574803149606296 227.6220472440945 53.574803149606296 12.472440944881889 artistes
93.54330708661418 227.6220472440945 40.25196850393701 12.472440944881889 ayant
120.4724409448819 227.6220472440945 31.181102362204726 12.472440944881889 des
138.33070866141733 227.6220472440945 75.96850393700787 12.472440944881889 personnalités
200.69291338582678 227.6220472440945 26.64566929133858 12.472440944881889 et
214.01574803149606 227.6220472440945 31.181102362204726 12.472440944881889 des
227.6220472440945 227.6220472440945 44.503937007874015 12.472440944881889 manières

27.212598425196852 237.25984251968504 72.85039370078741 17.007874015748033 d’expression
86.45669291338582 237.25984251968504 36.56692913385827 17.007874015748033 très
104.5984251968504 237.25984251968504 63.77952755905512 17.007874015748033 différentes.

38.83464566929134 251.43307086614172 58.110236220472444 13.606299212598426 Domingo
81.35433070866142 251.43307086614172 37.13385826771653 13.606299212598426 Liz
102.33070866141732 251.43307086614172 42.23622047244095 13.606299212598426 crée
128.9763779527559 251.43307086614172 37.13385826771653 13.606299212598426 des
149.95275590551182 251.43307086614172 79.37007874015748 13.606299212598426 personnages
208.3464566929134 251.43307086614172 63.496062992125985 13.606299212598426 mystérieux

27.212598425196852 262.48818897637796 36.8503937007874 13.606299212598426 dans
50.173228346456696 262.48818897637796 27.77952755905512 13.606299212598426 le
64.06299212598425 262.48818897637796 36.8503937007874 13.606299212598426 sens
87.02362204724409 262.48818897637796 41.669291338582674 13.606299212598426 d’une
114.80314960629921 262.48818897637796 64.62992125984252 13.606299212598426 expression
165.54330708661416 262.48818897637796 60.09448818897638 13.606299212598426 primitive
211.748031496063 262.48818897637796 36.8503937007874 13.606299212598426 avec
234.99212598425197 262.48818897637796 32.31496062992126 13.606299212598426 des
248.88188976377953 262.48818897637796 22.96062992125984 13.606299212598426 vi.

26.64566929133858 276.09448818897636 43.93700787401575 10.204724409448819 sages
55.84251968503937 276.09448818897636 43.93700787401575 10.204724409448819 d’une
85.03937007874016 276.09448818897636 68.31496062992126 10.204724409448819 profondeur
134.07874015748033 276.09448818897636 73.13385826771653 10.204724409448819 expressivité.

39.40157480314961 287.7165354330709 37.98425196850393 12.188976377952756 Ivan
63.21259842519685 287.7165354330709 42.803149606299215 12.188976377952756 Tovar
91.84251968503936 287.7165354330709 23.811023622047244 12.188976377952756 a
101.19685039370079 287.7165354330709 56.976377952755904 12.188976377952756 beaucoup
144.0 287.7165354330709 47.62204724409449 12.188976377952756 évolué
177.16535433070865 287.7165354330709 47.62204724409449 12.188976377952756 depuis
210.33070866141733 287.7165354330709 28.62992125984252 12.188976377952756 la
219.96850393700788 287.7165354330709 52.15748031496063 12.188976377952756 troisième

28.062992125984252 299.62204724409446 54.14173228346457 11.905511811023622 Biennale
68.88188976377953 299.62204724409446 27.212598425196852 11.905511811023622 de
82.20472440944881 299.62204724409446 40.53543307086614 11.905511811023622 Paris
109.41732283464567 299.62204724409446 27.212598425196852 11.905511811023622 où
123.02362204724409 299.62204724409446 27.212598425196852 11.905511811023622 il
136.62992125984252 299.62204724409446 36.28346456692913 11.905511811023622 nous
159.0236220472441 299.62204724409446 22.677165354330707 11.905511811023622 a
168.09448818897638 299.62204724409446 36.28346456692913 11.905511811023622 bien
190.77165354330708 299.62204724409446 72.28346456692914 11.905511811023622 représentés,
244.91338582677164 299.62204724409446 27.212598425196852 11.905511811023622 mais

26.64566929133858 310.6771653543307 55.55905511811024 12.188976377952756 toujours
68.31496062992126 310.6771653543307 37.13385826771653 12.188976377952756 dans
91.2755905511811 310.6771653543307 32.31496062992126 12.188976377952756 son
109.98425196850394 310.6771653543307 41.669291338582674 12.188976377952756 style
137.76377952755905 310.6771653543307 37.13385826771653 12.188976377952756 très
160.7244094488189 310.6771653543307 60.09448818897638 12.188976377952756 personnel
206.9291338582677 310.6771653543307 27.77952755905512 12.188976377952756 et
216.28346456692913 310.6771653543307 55.55905511811024 12.188976377952756 conservant

26.929133858267715 320.88188976377955 32.881889763779526 12.755905511811024 son
45.92125984251968 320.88188976377955 61.22834645669291 12.755905511811024 caractère
92.97637795275591 320.88188976377955 56.40944881889764 12.755905511811024 érotique
135.21259842519686 320.88188976377955 28.346456692913385 12.755905511811024 de
149.38582677165354 320.88188976377955 28.346456692913385 12.755905511811024 la
163.55905511811022 320.88188976377955 42.23622047244095 12.755905511811024 forme
191.90551181102362 320.88188976377955 28.346456692913385 12.755905511811024 et
205.79527559055117 320.88188976377955 28.346456692913385 12.755905511811024 de
219.96850393700788 320.88188976377955 28.346456692913385 12.755905511811024 la
229.60629921259843 320.88188976377955 42.23622047244095 12.755905511811024 couleu,

27.212598425196852 331.65354330708664 53.29133858267716 11.622047244094489 toujours
67.18110236220473 331.65354330708664 39.968503937007874 11.622047244094489 aussi
94.11023622047244 331.65354330708664 35.43307086614173 11.622047244094489 dans
116.22047244094489 331.65354330708664 26.64566929133858 11.622047244094489 la
129.54330708661416 331.65354330708664 39.968503937007874 11.622047244094489 ligne
156.18897637795277 331.65354330708664 71.14960629921259 11.622047244094489 surréaliste.
214.01574803149606 331.65354330708664 26.64566929133858 11.622047244094489 On
222.8031496062992 331.65354330708664 49.039370078740156 11.622047244094489 remarquen

27.496062992125985 342.4251968503937 73.41732283464567 12.188976377952756 l’évolution
86.1732283464567 342.4251968503937 29.19685039370079 12.188976377952756 de
100.62992125984252 342.4251968503937 34.2992125984252 12.188976377952756 son
120.18897637795276 342.4251968503937 43.93700787401575 12.188976377952756 œuvre
149.66929133858267 342.4251968503937 48.75590551181102 12.188976377952756 depuis
183.96850393700788 342.4251968503937 43.93700787401575 12.188976377952756 qu’il
213.16535433070865 342.4251968503937 63.496062992125985 12.188976377952756 travaille
257.1023622047244 342.4251968503937 14.740157480314961 12.188976377952756 à

23.811023622047244 352.62992125984255 35.43307086614173 13.32283464566929 Paris.

39.68503937007874 365.9527559055118 47.338582677165356 15.023622047244094 Eligio
72.85039370078741 365.9527559055118 56.976377952755904 15.023622047244094 Pichardo
115.65354330708661 365.9527559055118 61.511811023622045 15.023622047244094 s’exprime
162.99212598425197 365.9527559055118 37.98425196850393 15.023622047244094 dans
186.51968503937007 365.9527559055118 33.16535433070866 15.023622047244094 une
205.51181102362204 365.9527559055118 42.51968503937008 15.023622047244094 ligne
229.3228346456693 365.9527559055118 42.51968503937008 15.023622047244094 expres.

27.212598425196852 377.29133858267716 69.73228346456693 12.472440944881889 sionniste.
82.20472440944881 377.29133858267716 59.811023622047244 12.472440944881889 Résidant
126.99212598425197 377.29133858267716 79.93700787401575 12.472440944881889 actuellement
191.90551181102362 377.29133858267716 24.944881889763778 12.472440944881889 à
202.11023622047244 377.29133858267716 34.86614173228347 12.472440944881889 New
221.95275590551182 377.29133858267716 39.968503937007874 12.472440944881889 Vork
246.89763779527559 377.29133858267716 30.04724409448819 12.472440944881889 il
256.81889763779526 377.29133858267716 15.023622047244094 12.472440944881889 a

27.77952755905512 387.496062992126 37.98425196850393 15.307086614173228 subi
51.59055118110236 387.496062992126 70.86614173228347 15.307086614173228 l’influence
108.28346456692914 387.496062992126 28.346456692913385 15.307086614173228 du
122.45669291338582 387.496062992126 23.52755905511811 15.307086614173228 7
131.81102362204723 387.496062992126 52.15748031496063 15.307086614173228 pop-art
169.79527559055117 387.496062992126 28.346456692913385 15.307086614173228 de
183.96850393700788 387.496062992126 42.51968503937008 15.307086614173228 cette
207.49606299212599 387.496062992126 37.98425196850393 15.307086614173228 ville.

209.1968503937008 411.87401574803147 35.43307086614173 17.291338582677167 Luigi
228.75590551181102 411.87401574803147 43.37007874015748 17.291338582677167 Martinet.

98.36220472440945 484.7244094488189 64.34645669291339 13.039370078740157 PEINTURE
146.5511811023622 484.7244094488189 32.031496062992126 13.039370078740157 ET
157.3228346456693 484.7244094488189 42.803149606299215 13.039370078740157 DESSIN

45.07086614173228 499.18110236220474 41.38582677165354 14.456692913385826 Liz
73.98425196850394 499.18110236220474 66.04724409448819 14.456692913385826 DOMINGO
127.84251968503936 499.18110236220474 24.661417322834644 14.456692913385826 né
140.31496062992127 499.18110236220474 24.661417322834644 14.456692913385826 en
152.50393700787401 499.18110236220474 33.16535433070866 14.456692913385826 1930
173.1968503937008 499.18110236220474 20.69291338582677 14.456692913385826 à
181.41732283464566 499.18110236220474 74.26771653543307 14.456692913385826 Saint-Domingue
239.24409448818898 499.18110236220474 33.16535433070866 14.456692913385826 (Répt-

44.503937007874015 511.37007874015745 43.08661417322835 12.188976377952756 blique
70.2992125984252 511.37007874015745 64.34645669291339 12.188976377952756 Dominicaine).

35.71653543307087 520.1574803149606 43.08661417322835 14.456692913385826 1
68.03149606299213 520.1574803149606 39.40157480314961 14.456692913385826 Couple,
96.94488188976378 520.1574803149606 28.62992125984252 14.456692913385826 1965
114.80314960629921 520.1574803149606 57.54330708661417 14.456692913385826 (encre-cire,
161.29133858267716 520.1574803149606 21.543307086614174 14.456692913385826 65
172.06299212598427 520.1574803149606 17.858267716535433 14.456692913385826 x
175.748031496063 520.1574803149606 21.543307086614174 14.456692913385826 49).

45.63779527559055 535.7480314960629 52.724409448818896 10.204724409448819 Eligio
86.1732283464567 535.7480314960629 68.88188976377953 10.204724409448819 PICHARDO
142.86614173228347 535.7480314960629 24.37795275590551 10.204724409448819 né
155.0551181102362 535.7480314960629 24.37795275590551 10.204724409448819 en
167.24409448818898 535.7480314960629 32.31496062992126 10.204724409448819 1931
187.6535433070866 535.7480314960629 20.409448818897637 10.204724409448819 à
195.59055118110237 535.7480314960629 44.503937007874015 10.204724409448819 Salcedo
223.93700787401573 535.7480314960629 48.75590551181102 10.204724409448819 (Républiqe

41.38582677165354 545.9527559055118 66.04724409448819 12.188976377952756 Dominicaine).

36.0 553.0393700787401 47.62204724409449 14.173228346456693 2
71.71653543307086 553.0393700787401 35.71653543307087 14.173228346456693 Homme
95.5275590551181 553.0393700787401 31.748031496062993 14.173228346456693 sous
115.37007874015748 553.0393700787401 23.811023622047244 14.173228346456693 la
127.2755905511811 553.0393700787401 43.653543307086615 14.173228346456693 douche,
159.0236220472441 553.0393700787401 31.748031496062993 14.173228346456693 1965
178.86614173228347 553.0393700787401 51.59055118110236 14.173228346456693 (gouache,
218.5511811023622 553.0393700787401 27.77952755905512 14.173228346456693 123
234.4251968503937 553.0393700787401 19.84251968503937 14.173228346456693 x
238.39370078740157 553.0393700787401 23.811023622047244 14.173228346456693 62).

36.56692913385827 564.9448818897638 45.63779527559055 14.740157480314961 3
70.86614173228347 564.9448818897638 38.267716535433074 14.740157480314961 Cabine
97.51181102362204 564.9448818897638 22.96062992125984 14.740157480314961 de
108.85039370078741 564.9448818897638 53.29133858267716 14.740157480314961 téléphone,
150.8031496062992 564.9448818897638 30.614173228346456 14.740157480314961 1965
169.79527559055117 564.9448818897638 49.60629921259842 14.740157480314961 (gouache,
208.06299212598427 564.9448818897638 26.64566929133858 14.740157480314961 123
223.37007874015748 564.9448818897638 18.992125984251967 14.740157480314961 x
227.0551181102362 564.9448818897638 22.96062992125984 14.740157480314961 66).

46.20472440944882 577.1338582677165 43.08661417322835 17.291338582677167 Ivan
77.66929133858268 577.1338582677165 54.70866141732284 17.291338582677167 TOVAR
120.4724409448819 577.1338582677165 23.52755905511811 17.291338582677167 né
132.3779527559055 577.1338582677165 23.52755905511811 17.291338582677167 en
144.0 577.1338582677165 31.181102362204726 17.291338582677167 1942
163.55905511811022 577.1338582677165 19.559055118110237 17.291338582677167 à
171.21259842519686 577.1338582677165 27.496062992125985 17.291338582677167 San
187.08661417322836 577.1338582677165 50.74015748031496 17.291338582677167 Francisco
222.23622047244095 577.1338582677165 50.74015748031496 17.291338582677167 (République

42.23622047244095 589.3228346456693 65.19685039370079 13.039370078740157 Dominicaine).

37.41732283464567 598.6771653543307 41.95275590551181 14.173228346456693 4
68.88188976377953 598.6771653543307 38.55118110236221 14.173228346456693 Anaisa,
96.66141732283465 598.6771653543307 28.062992125984252 14.173228346456693 1965
114.23622047244095 598.6771653543307 38.55118110236221 14.173228346456693 (huile,
142.29921259842519 598.6771653543307 24.37795275590551 14.173228346456693 160
156.18897637795277 598.6771653543307 17.5748031496063 14.173228346456693 x
159.8740157480315 598.6771653543307 24.37795275590551 14.173228346456693 130).

37.98425196850393 608.3149606299213 43.93700787401575 13.32283464566929 5
70.86614173228347 608.3149606299213 43.93700787401575 13.32283464566929 Portrait
103.74803149606299 608.3149606299213 21.826771653543307 13.32283464566929 de
114.80314960629921 608.3149606299213 36.56692913385827 13.32283464566929 Madame
140.31496062992127 608.3149606299213 21.826771653543307 13.32283464566929 X,
151.37007874015748 608.3149606299213 29.19685039370079 13.32283464566929 1965
169.79527559055117 608.3149606299213 40.25196850393701 13.32283464566929 (huile,
198.99212598425197 608.3149606299213 21.826771653543307 13.32283464566929 83
210.04724409448818 608.3149606299213 18.4251968503937 13.32283464566929 x
213.73228346456693 608.3149606299213 21.826771653543307 13.32283464566929 58).

38.267716535433074 618.8031496062993 43.08661417322835 11.905511811023622 6
70.58267716535433 618.8031496062993 39.40157480314961 11.905511811023622 Anaisa,
99.49606299212599 618.8031496062993 28.62992125984252 11.905511811023622 1965
117.35433070866142 618.8031496062993 46.77165354330709 11.905511811023622 (gouache,
153.0708661417323 618.8031496062993 21.543307086614174 11.905511811023622 32
163.84251968503938 618.8031496062993 17.858267716535433 11.905511811023622 x
167.5275590551181 618.8031496062993 21.543307086614174 11.905511811023622 22).

38.267716535433074 626.4566929133858 45.63779527559055 13.32283464566929 7
72.28346456692914 626.4566929133858 53.00787401574803 13.32283464566929 Personnage
113.95275590551181 626.4566929133858 30.330708661417322 13.32283464566929 dans
132.9448818897638 626.4566929133858 49.32283464566929 13.32283464566929 l’espace,
170.9291338582677 626.4566929133858 30.330708661417322 13.32283464566929 1965
189.92125984251967 626.4566929133858 49.32283464566929 13.32283464566929 (gouache,
227.90551181102362 626.4566929133858 22.677165354330707 13.32283464566929 28
239.24409448818898 626.4566929133858 18.992125984251967 13.32283464566929 x
243.21259842519686 626.4566929133858 22.677165354330707 13.32283464566929 40).

28.062992125984252 642.8976377952756 20.409448818897637 12.472440944881889 50
