307.84251968503935 672.6614173228346
6.2362204724409445 21.543307086614174 92.40944881889764 18.141732283464567 TURQUIE

48.47244094488189 58.39370078740158 50.74015748031496 20.69291338582677 Ozdemir
85.32283464566929 58.39370078740158 46.20472440944882 20.69291338582677 Altan,
117.63779527559055 58.39370078740158 73.98425196850394 20.69291338582677 actuellement
177.73228346456693 58.39370078740158 60.09448818897638 20.69291338582677 assistant
223.93700787401573 58.39370078740158 22.96062992125984 20.69291338582677 à
228.4724409448819 58.39370078740158 46.20472440944882 20.69291338582677 l’Acadé.

35.1496062992126 71.14960629921259 34.01574803149607 18.708661417322833 mie
54.70866141732284 71.14960629921259 34.01574803149607 18.708661417322833 des
73.98425196850394 71.14960629921259 68.31496062992126 18.708661417322833 Beaux-Arts
127.84251968503936 71.14960629921259 68.31496062992126 18.708661417322833 d’Istanbul
181.41732283464566 71.14960629921259 48.75590551181102 18.708661417322833 trahit
215.71653543307087 71.14960629921259 34.01574803149607 18.708661417322833 son
230.17322834645668 71.14960629921259 43.93700787401575 18.708661417322833 tempéra

34.2992125984252 80.78740157480316 42.23622047244095 19.559055118110237 ment
60.661417322834644 80.78740157480316 73.7007874015748 19.559055118110237 romantique
118.77165354330708 80.78740157480316 42.23622047244095 19.559055118110237 dans
145.13385826771653 80.78740157480316 36.8503937007874 19.559055118110237 les
166.11023622047244 80.78740157480316 52.724409448818896 19.559055118110237 thèmes
203.24409448818898 80.78740157480316 47.338582677165356 19.559055118110237 qu’il
229.60629921259843 80.78740157480316 47.338582677165356 19.559055118110237 adopte:

34.58267716535433 90.99212598425197 25.511811023622048 15.874015748031496 «
44.78740157480315 90.99212598425197 56.125984251968504 15.874015748031496 Oiseaux
85.60629921259843 90.99212598425197 25.511811023622048 15.874015748031496 .
95.81102362204724 90.99212598425197 30.614173228346456 15.874015748031496 ..
111.4015748031496 90.99212598425197 30.614173228346456 15.874015748031496 Le
126.70866141732283 90.99212598425197 45.92125984251968 15.874015748031496 Jeune
157.3228346456693 90.99212598425197 45.92125984251968 15.874015748031496 homme
187.93700787401573 90.99212598425197 30.614173228346456 15.874015748031496 et
203.24409448818898 90.99212598425197 30.614173228346456 15.874015748031496 le
218.83464566929135 90.99212598425197 40.818897637795274 15.874015748031496 Viel
239.24409448818898 90.99212598425197 35.71653543307087 15.874015748031496 Abre!

34.86614173228347 100.91338582677166 22.393700787401574 20.409448818897637 «
43.93700787401575 100.91338582677166 26.929133858267715 20.409448818897637 Le
57.25984251968504 100.91338582677166 49.32283464566929 20.409448818897637 Cheval,
93.25984251968504 100.91338582677166 26.929133858267715 20.409448818897637 le
106.58267716535433 100.91338582677166 44.78740157480315 20.409448818897637 Dragon
138.04724409448818 100.91338582677166 26.929133858267715 20.409448818897637 et
151.37007874015748 100.91338582677166 26.929133858267715 20.409448818897637 la
164.9763779527559 100.91338582677166 40.25196850393701 20.409448818897637 Pluie
191.90551181102362 100.91338582677166 22.393700787401574 20.409448818897637 .
200.69291338582678 100.91338582677166 26.929133858267715 20.409448818897637 Ce
214.29921259842519 100.91338582677166 40.25196850393701 20.409448818897637 jeune
236.69291338582678 100.91338582677166 40.25196850393701 20.409448818897637 artiste

34.2992125984252 114.23622047244095 55.55905511811024 17.858267716535433 marque,
74.83464566929133 114.23622047244095 40.53543307086614 17.858267716535433 dans
100.06299212598425 114.23622047244095 35.43307086614173 17.858267716535433 ses
120.18897637795276 114.23622047244095 60.661417322834644 17.858267716535433 gravures
165.82677165354332 114.23622047244095 45.354330708661415 17.858267716535433 comme
196.15748031496062 114.23622047244095 40.53543307086614 17.858267716535433 dans
221.38582677165354 114.23622047244095 35.43307086614173 17.858267716535433 ses
236.40944881889763 114.23622047244095 40.53543307086614 17.858267716535433 grands

33.44881889763779 124.15748031496064 67.46456692913385 18.992125984251967 tableaux,
85.32283464566929 124.15748031496064 36.28346456692913 18.992125984251967 une
106.01574803149606 124.15748031496064 72.56692913385827 18.992125984251967 préférence
162.99212598425197 124.15748031496064 41.38582677165354 18.992125984251967 pour
188.78740157480314 124.15748031496064 36.28346456692913 18.992125984251967 les
209.48031496062993 124.15748031496064 46.77165354330709 18.992125984251967 vieux
235.55905511811022 124.15748031496064 41.38582677165354 18.992125984251967 troncs

34.01574803149607 135.49606299212599 56.125984251968504 17.858267716535433 d’arbres
75.96850393700787 135.49606299212599 32.59842519685039 17.858267716535433 aux
94.67716535433071 135.49606299212599 79.37007874015748 17.858267716535433 ramifications
159.8740157480315 135.49606299212599 70.01574803149606 17.858267716535433 rabougries,
216.0 135.49606299212599 32.59842519685039 17.858267716535433 sur
229.88976377952756 135.49606299212599 46.77165354330709 17.858267716535433 lesquels

33.44881889763779 146.5511811023622 55.275590551181104 17.007874015748033 viennent
74.83464566929133 146.5511811023622 64.34645669291339 17.007874015748033 virevolter
125.29133858267717 146.5511811023622 32.031496062992126 17.007874015748033 des
143.71653543307087 146.5511811023622 55.275590551181104 17.007874015748033 oiseaux.
185.10236220472441 146.5511811023622 36.8503937007874 17.007874015748033 Mais
208.06299212598427 146.5511811023622 36.8503937007874 17.007874015748033 tout
231.0236220472441 146.5511811023622 36.8503937007874 17.007874015748033 cela
249.4488188976378 146.5511811023622 27.496062992125985 17.007874015748033 obét

34.2992125984252 155.33858267716536 22.393700787401574 20.125984251968504 à
43.37007874015748 155.33858267716536 31.46456692913386 20.125984251968504 une
61.22834645669291 155.33858267716536 72.0 20.125984251968504 architecture
119.62204724409449 155.33858267716536 58.39370078740158 20.125984251968504 plastique
164.69291338582678 155.33858267716536 26.929133858267715 20.125984251968504 et
178.01574803149606 155.33858267716536 36.0 20.125984251968504 fort
200.69291338582678 155.33858267716536 49.32283464566929 20.125984251968504 rythmée
236.40944881889763 155.33858267716536 36.0 20.125984251968504 sans
254.5511811023622 155.33858267716536 22.393700787401574 20.125984251968504 la-

33.732283464566926 169.51181102362204 45.07086614173228 15.307086614173228 quelle
65.19685039370079 169.51181102362204 45.07086614173228 15.307086614173228 aucune
96.66141732283465 169.51181102362204 40.53543307086614 15.307086614173228 image
123.59055118110236 169.51181102362204 40.53543307086614 15.307086614173228 n’est
150.8031496062992 169.51181102362204 49.60629921259842 15.307086614173228 assurée
186.8031496062992 169.51181102362204 26.929133858267715 15.307086614173228 de
200.1259842519685 169.51181102362204 58.39370078740158 15.307086614173228 solidité,
245.1968503937008 169.51181102362204 26.929133858267715 15.307086614173228 de
254.26771653543307 169.51181102362204 22.393700787401574 15.307086614173228 du

29.763779527559056 177.16535433070865 46.77165354330709 13.606299212598426 rabilité.

47.05511811023622 188.78740157480314 36.8503937007874 21.543307086614174 Utku
70.01574803149606 188.78740157480314 50.74015748031496 21.543307086614174 Varlik,
106.86614173228347 188.78740157480314 45.92125984251968 21.543307086614174 enfin,
139.1811023622047 188.78740157480314 45.92125984251968 21.543307086614174 encore
171.21259842519686 188.78740157480314 22.96062992125984 21.543307086614174 à
180.56692913385828 188.78740157480314 27.496062992125985 21.543307086614174 sa
194.45669291338584 188.78740157480314 50.74015748031496 21.543307086614174 période
226.48818897637796 188.78740157480314 50.74015748031496 21.543307086614174 d’études,

33.44881889763779 203.5275590551181 26.078740157480315 16.724409448818896 se
46.488188976377955 203.5275590551181 43.653543307086615 16.724409448818896 révèle
76.81889763779527 203.5275590551181 26.078740157480315 16.724409448818896 un
89.85826771653544 203.5275590551181 82.77165354330708 16.724409448818896 expressionniste
159.59055118110237 203.5275590551181 30.614173228346456 16.724409448818896 qui
177.16535433070865 203.5275590551181 69.73228346456693 16.724409448818896 sacrifierait
233.5748031496063 203.5275590551181 34.86614173228347 16.724409448818896 trop
255.4015748031496 203.5275590551181 21.826771653543307 16.724409448818896 à
259.93700787401576 203.5275590551181 17.291338582677167 16.724409448818896 la

33.732283464566926 213.4488188976378 62.92913385826772 17.858267716535433 littérature
84.18897637795276 213.4488188976378 25.228346456692915 17.858267716535433 si
96.66141732283465 213.4488188976378 25.228346456692915 17.858267716535433 le
109.41732283464567 213.4488188976378 37.7007874015748 17.858267716535433 trait
134.64566929133858 213.4488188976378 46.20472440944882 17.858267716535433 incisif
168.09448818897638 213.4488188976378 25.228346456692915 17.858267716535433 et
180.56692913385828 213.4488188976378 25.228346456692915 17.858267716535433 un
193.3228346456693 213.4488188976378 54.425196850393704 17.858267716535433 sentiment
235.2755905511811 213.4488188976378 37.7007874015748 17.858267716535433 exact
256.251968503937 213.4488188976378 20.976377952755904 17.858267716535433 des

33.44881889763779 225.35433070866142 43.37007874015748 17.007874015748033 noirs
62.36220472440945 225.35433070866142 28.913385826771652 17.007874015748033 et
76.81889763779527 225.35433070866142 48.188976377952756 17.007874015748033 blancs
110.26771653543307 225.35433070866142 28.913385826771652 17.007874015748033 ne
124.7244094488189 225.35433070866142 57.54330708661417 17.007874015748033 venaient
168.09448818897638 225.35433070866142 24.094488188976378 17.007874015748033 à
177.73228346456693 225.35433070866142 33.732283464566926 17.007874015748033 son
191.90551181102362 225.35433070866142 48.188976377952756 17.007874015748033 secours.

45.92125984251968 237.82677165354332 30.330708661417322 17.858267716535433 Le
61.22834645669291 237.82677165354332 65.48031496062993 17.858267716535433 sculpteur
111.4015748031496 237.82677165354332 45.354330708661415 17.858267716535433 Tamer
141.73228346456693 237.82677165354332 55.275590551181104 17.858267716535433 Basoglu
181.98425196850394 237.82677165354332 45.354330708661415 17.858267716535433 reste
212.03149606299212 237.82677165354332 50.45669291338583 17.858267716535433 fidèle
247.1811023622047 237.82677165354332 25.228346456692915 17.858267716535433 à
252.28346456692913 237.82677165354332 25.228346456692915 17.858267716535433 cet

32.881889763779526 249.16535433070865 23.52755905511811 15.874015748031496 «
42.51968503937008 249.16535433070865 84.4724409448819 15.874015748031496 élémentairisme
112.81889763779527 249.16535433070865 32.881889763779526 15.874015748031496 qui
131.5275590551181 249.16535433070865 70.2992125984252 15.874015748031496 caractérise
187.93700787401573 249.16535433070865 32.881889763779526 15.874015748031496 une
206.64566929133858 249.16535433070865 46.77165354330709 15.874015748031496 partie
239.5275590551181 249.16535433070865 32.881889763779526 15.874015748031496 des
253.41732283464566 249.16535433070865 23.52755905511811 15.874015748031496 te-

33.16535433070866 261.9212598425197 53.29133858267716 15.590551181102363 cherches
73.13385826771653 261.9212598425197 26.64566929133858 15.590551181102363 de
86.45669291338582 261.9212598425197 26.64566929133858 15.590551181102363 la
99.77952755905511 261.9212598425197 57.826771653543304 15.590551181102363 sculpture
144.28346456692913 261.9212598425197 26.64566929133858 15.590551181102363 de
157.60629921259843 261.9212598425197 31.181102362204726 15.590551181102363 nos
175.46456692913387 261.9212598425197 44.503937007874015 15.590551181102363 jours:
206.36220472440945 261.9212598425197 26.64566929133858 15.590551181102363 il
219.68503937007873 261.9212598425197 35.43307086614173 15.590551181102363 joue
237.54330708661416 261.9212598425197 39.968503937007874 15.590551181102363 avecles

32.31496062992126 270.1417322834646 47.90551181102362 16.440944881889763 formes
66.04724409448819 270.1417322834646 47.90551181102362 16.440944881889763 brutes
99.49606299212599 270.1417322834646 33.732283464566926 16.440944881889763 qui
118.77165354330708 270.1417322834646 28.913385826771652 16.440944881889763 ne
133.22834645669292 270.1417322834646 57.54330708661417 16.440944881889763 prennent
176.31496062992127 270.1417322834646 28.913385826771652 16.440944881889763 de
190.77165354330708 270.1417322834646 81.63779527559055 16.440944881889763 signification
253.13385826771653 270.1417322834646 24.094488188976378 16.440944881889763 que

32.881889763779526 284.0314960629921 31.181102362204726 14.173228346456693 par
50.74015748031496 284.0314960629921 39.968503937007874 14.173228346456693 leurs
77.38582677165354 284.0314960629921 62.07874015748032 14.173228346456693 directions
126.14173228346456 284.0314960629921 35.43307086614173 14.173228346456693 dans
148.53543307086613 284.0314960629921 53.29133858267716 14.173228346456693 l’espace
188.50393700787401 284.0314960629921 26.64566929133858 14.173228346456693 et
201.82677165354332 284.0314960629921 31.181102362204726 14.173228346456693 par
219.4015748031496 284.0314960629921 26.64566929133858 14.173228346456693 le
232.7244094488189 284.0314960629921 31.181102362204726 14.173228346456693 jeu
246.04724409448818 284.0314960629921 31.181102362204726 14.173228346456693 réci-

32.59842519685039 294.8031496062992 51.874015748031496 13.039370078740157 proque
68.88188976377953 294.8031496062992 31.181102362204726 13.039370078740157 de
84.18897637795276 294.8031496062992 46.488188976377955 13.039370078740157 leurs
110.26771653543307 294.8031496062992 67.18110236220473 13.039370078740157 dimensions.

46.20472440944882 306.70866141732284 36.28346456692913 15.307086614173228 Nous
68.88188976377953 306.70866141732284 45.354330708661415 15.307086614173228 avions
100.62992125984252 306.70866141732284 36.28346456692913 15.307086614173228 noté
123.30708661417323 306.70866141732284 36.28346456692913 15.307086614173228 lors
145.98425196850394 306.70866141732284 27.212598425196852 15.307086614173228 de
159.59055118110237 306.70866141732284 27.212598425196852 15.307086614173228 la
172.91338582677164 306.70866141732284 63.496062992125985 15.307086614173228 précédente
222.8031496062992 306.70866141732284 54.425196850393704 15.307086614173228 Biennale
259.0866141732283 306.70866141732284 18.141732283464567 15.307086614173228 le

31.46456692913386 319.18110236220474 85.32283464566929 15.023622047244094 développement
101.76377952755905 319.18110236220474 30.04724409448819 15.023622047244094 en
116.78740157480316 319.18110236220474 55.275590551181104 15.023622047244094 Turquie
157.03937007874015 319.18110236220474 30.04724409448819 15.023622047244094 du
172.06299212598427 319.18110236220474 55.275590551181104 15.023622047244094 théâtre
207.21259842519686 319.18110236220474 70.2992125984252 15.023622047244094 contemporain

32.31496062992126 329.9527559055118 38.55118110236221 14.740157480314961 dans
56.40944881889764 329.9527559055118 47.90551181102362 14.740157480314961 lequel
89.85826771653544 329.9527559055118 52.724409448818896 14.740157480314961 décors,
128.40944881889763 329.9527559055118 57.54330708661417 14.740157480314961 costumes
171.49606299212599 329.9527559055118 28.913385826771652 14.740157480314961 et
185.95275590551182 329.9527559055118 57.54330708661417 14.740157480314961 lumières
229.3228346456693 329.9527559055118 47.90551181102362 14.740157480314961 jouent
257.9527559055118 329.9527559055118 19.275590551181104 14.740157480314961 un

32.31496062992126 341.8582677165354 38.55118110236221 13.039370078740157 rôle
56.40944881889764 341.8582677165354 38.55118110236221 13.039370078740157 égal
80.50393700787401 341.8582677165354 62.36220472440945 13.039370078740157 peut-être
128.40944881889763 341.8582677165354 24.094488188976378 13.039370078740157 à
138.04724409448818 341.8582677165354 43.37007874015748 13.039370078740157 celui
166.96062992125985 341.8582677165354 33.732283464566926 13.039370078740157 des
186.23622047244095 341.8582677165354 57.826771653543304 13.039370078740157 acteurs.
229.3228346456693 341.8582677165354 33.732283464566926 13.039370078740157 Les
243.7795275590551 341.8582677165354 33.732283464566926 13.039370078740157 quate

32.031496062992126 350.6456692913386 54.14173228346457 12.755905511811024 auteurs
71.14960629921259 350.6456692913386 29.480314960629922 12.755905511811024 de
85.88976377952756 350.6456692913386 64.06299212598425 12.755905511811024 maquettes
135.21259842519686 350.6456692913386 34.2992125984252 12.755905511811024 que
154.77165354330708 350.6456692913386 39.40157480314961 12.755905511811024 nous
179.43307086614172 350.6456692913386 68.88188976377953 12.755905511811024 présentons
233.5748031496063 350.6456692913386 39.40157480314961 12.755905511811024 sont
253.13385826771653 350.6456692913386 24.661417322834644 12.755905511811024 des

32.31496062992126 361.98425196850394 61.511811023622045 13.32283464566929 étudiants,
80.50393700787401 361.98425196850394 26.362204724409448 13.32283464566929 ce
93.54330708661418 361.98425196850394 30.614173228346456 13.32283464566929 qui
111.11811023622047 361.98425196850394 35.1496062992126 13.32283464566929 doit
132.9448818897638 361.98425196850394 39.40157480314961 13.32283464566929 faire
159.30708661417322 361.98425196850394 56.976377952755904 13.32283464566929 pardonner
203.24409448818898 361.98425196850394 39.40157480314961 13.32283464566929 leurs
229.60629921259843 361.98425196850394 48.188976377952756 13.32283464566929 défauts
260.2204724409449 361.98425196850394 17.5748031496063 13.32283464566929 et

31.46456692913386 372.755905511811 60.94488188976378 11.905511811023622 valoriser
78.51968503937007 372.755905511811 46.77165354330709 11.905511811023622 encore
111.4015748031496 372.755905511811 42.23622047244095 11.905511811023622 leurs
134.64566929133858 372.755905511811 51.59055118110236 11.905511811023622 qualités.

45.07086614173228 384.37795275590554 41.95275590551181 14.173228346456693 Comme
72.85039370078741 384.37795275590554 27.77952755905512 14.173228346456693 on
86.74015748031496 384.37795275590554 27.77952755905512 14.173228346456693 le
100.62992125984252 384.37795275590554 41.95275590551181 14.173228346456693 voit,
128.69291338582678 384.37795275590554 55.84251968503937 14.173228346456693 l’équipe
170.64566929133858 384.37795275590554 46.488188976377955 14.173228346456693 turque
202.96062992125985 384.37795275590554 27.77952755905512 14.173228346456693 de
217.13385826771653 384.37795275590554 27.77952755905512 14.173228346456693 la
226.48818897637796 384.37795275590554 51.023622047244096 14.173228346456693 quatrième

32.31496062992126 396.8503937007874 57.826771653543304 15.023622047244094 Biennale
75.68503937007874 396.8503937007874 33.732283464566926 15.023622047244094 est
94.96062992125984 396.8503937007874 43.37007874015748 15.023622047244094 d’une
123.59055118110236 396.8503937007874 53.00787401574803 15.023622047244094 extrême
162.14173228346456 396.8503937007874 57.826771653543304 15.023622047244094 jeunesse
205.51181102362204 396.8503937007874 38.55118110236221 15.023622047244094 dans
229.3228346456693 396.8503937007874 28.913385826771652 15.023622047244094 sa
238.96062992125985 396.8503937007874 38.55118110236221 15.023622047244094 génér-

31.748031496062993 407.62204724409446 43.37007874015748 14.456692913385826 lité.
60.661417322834644 407.62204724409446 38.55118110236221 14.456692913385826 Nous
84.75590551181102 407.62204724409446 53.00787401574803 14.456692913385826 n’avons
123.30708661417323 407.62204724409446 33.732283464566926 14.456692913385826 pas
142.58267716535434 407.62204724409446 48.188976377952756 14.456692913385826 hésité
176.03149606299212 407.62204724409446 24.094488188976378 14.456692913385826 à
185.66929133858267 407.62204724409446 62.645669291338585 14.456692913385826 présenter
233.85826771653544 407.62204724409446 33.732283464566926 14.456692913385826 des
248.31496062992127 407.62204724409446 28.913385826771652 14.456692913385826 étu-

32.031496062992126 418.96062992125985 49.889763779527556 12.472440944881889 diants,
68.31496062992126 418.96062992125985 31.748031496062993 12.472440944881889 des
86.45669291338582 418.96062992125985 45.354330708661415 12.472440944881889 jeunes
118.20472440944881 418.96062992125985 68.03149606299213 12.472440944881889 assistants,
172.91338582677164 418.96062992125985 31.748031496062993 12.472440944881889 des
191.0551181102362 418.96062992125985 54.425196850393704 12.472440944881889 artistes
231.8740157480315 418.96062992125985 45.354330708661415 12.472440944881889 encore
259.0866141732283 418.96062992125985 18.141732283464567 12.472440944881889 au

31.748031496062993 430.5826771653543 42.51968503937008 11.338582677165354 début
60.09448818897638 430.5826771653543 28.346456692913385 11.338582677165354 de
74.26771653543307 430.5826771653543 37.7007874015748 11.338582677165354 leur
98.07874015748031 430.5826771653543 61.511811023622045 11.338582677165354 carrière.
145.13385826771653 430.5826771653543 37.7007874015748 11.338582677165354 Mais
168.9448818897638 430.5826771653543 37.7007874015748 11.338582677165354 cela
192.4724409448819 430.5826771653543 28.346456692913385 11.338582677165354 ne
206.64566929133858 430.5826771653543 66.04724409448819 11.338582677165354 cadre-t-il
253.98425196850394 430.5826771653543 23.52755905511811 11.338582677165354 pas

32.31496062992126 441.6377952755906 74.26771653543307 12.188976377952756 parfaitement
92.69291338582677 441.6377952755906 37.13385826771653 12.188976377952756 avec
115.93700787401575 441.6377952755906 41.669291338582674 12.188976377952756 cette
143.71653543307087 441.6377952755906 64.91338582677166 12.188976377952756 audacieuse
194.74015748031496 441.6377952755906 64.91338582677166 12.188976377952756 entreprise
241.22834645669292 441.6377952755906 37.13385826771653 12.188976377952756 qu’est

32.031496062992126 450.70866141732284 30.04724409448819 13.32283464566929 la
47.05511811023622 450.70866141732284 60.37795275590551 13.32283464566929 Biennale
92.40944881889764 450.70866141732284 30.04724409448819 13.32283464566929 de
102.33070866141732 450.70866141732284 40.25196850393701 13.32283464566929 Paris?

217.70078740157481 474.23622047244095 55.275590551181104 15.590551181102363 Nurullah
254.5511811023622 474.23622047244095 22.96062992125984 15.590551181102363 Bek

28.62992125984252 639.7795275590552 23.244094488188978 12.472440944881889 118
