307.84251968503935 660.7559055118111
35.43307086614173 3.968503937007874 171.49606299212599 28.062992125984252 MANIFESTATIONS
174.33070866141733 3.968503937007874 106.2992125984252 28.062992125984252 ANNEXES

132.9448818897638 341.00787401574803 60.37795275590551 17.5748031496063 GALERIE
176.03149606299212 341.00787401574803 56.125984251968504 17.5748031496063 LAMBERT

73.98425196850394 353.76377952755905 28.346456692913385 16.724409448818896 14,
90.14173228346456 353.76377952755905 28.346456692913385 16.724409448818896 rue
106.2992125984252 353.76377952755905 89.00787401574803 16.724409448818896 St-Louis-en-l'Ile,
183.11811023622047 353.76377952755905 36.28346456692913 16.724409448818896 Paris
207.21259842519686 353.76377952755905 32.31496062992126 16.724409448818896 (4e)
227.33858267716536 353.76377952755905 20.125984251968504 16.724409448818896 —
235.55905511811022 353.76377952755905 32.31496062992126 16.724409448818896 DAN.
251.71653543307087 353.76377952755905 32.31496062992126 16.724409448818896 51

77.10236220472441 364.251968503937 60.37795275590551 15.874015748031496 Exposition
124.44094488188976 364.251968503937 25.79527559055118 15.874015748031496 du
137.48031496062993 364.251968503937 25.79527559055118 15.874015748031496 30
150.23622047244095 364.251968503937 56.125984251968504 15.874015748031496 septembre
193.60629921259843 364.251968503937 25.79527559055118 15.874015748031496 au
206.36220472440945 364.251968503937 25.79527559055118 15.874015748031496 30
219.4015748031496 364.251968503937 47.338582677165356 15.874015748031496 octobre
249.4488188976378 364.251968503937 30.330708661417322 15.874015748031496 1965.

80.22047244094489 377.00787401574803 58.110236220472444 15.023622047244094 Vernissage
126.14173228346456 377.00787401574803 24.944881889763778 15.023622047244094 le
138.61417322834646 377.00787401574803 37.41732283464567 15.023622047244094 jeudi
163.55905511811022 377.00787401574803 24.944881889763778 15.023622047244094 30
176.03149606299212 377.00787401574803 54.14173228346457 15.023622047244094 septembre
217.70078740157481 377.00787401574803 24.944881889763778 15.023622047244094 de
230.17322834645668 377.00787401574803 24.944881889763778 15.023622047244094 17
242.64566929133858 377.00787401574803 20.69291338582677 15.023622047244094 à
250.86614173228347 377.00787401574803 24.944881889763778 15.023622047244094 20
259.0866141732283 377.00787401574803 16.724409448818896 15.023622047244094 h.

89.85826771653544 388.06299212598424 32.31496062992126 17.007874015748033 Tous
109.98425196850394 388.06299212598424 28.346456692913385 17.007874015748033 les
126.14173228346456 388.06299212598424 36.56692913385827 17.007874015748033 jours
150.51968503937007 388.06299212598424 32.31496062992126 17.007874015748033 sauf
170.9291338582677 388.06299212598424 24.37795275590551 17.007874015748033 le
183.11811023622047 388.06299212598424 48.75590551181102 17.007874015748033 dimanche
219.4015748031496 388.06299212598424 24.37795275590551 17.007874015748033 et
231.59055118110237 388.06299212598424 24.37795275590551 17.007874015748033 le
239.81102362204723 388.06299212598424 28.346456692913385 17.007874015748033 lundi

87.02362204724409 400.251968503937 25.511811023622048 17.291338582677167 de
99.77952755905511 400.251968503937 25.511811023622048 17.291338582677167 10
112.53543307086615 400.251968503937 21.25984251968504 17.291338582677167 h
121.03937007874016 400.251968503937 25.511811023622048 17.291338582677167 30
133.79527559055117 400.251968503937 21.25984251968504 17.291338582677167 à
142.29921259842519 400.251968503937 25.511811023622048 17.291338582677167 12
155.0551181102362 400.251968503937 21.25984251968504 17.291338582677167 h
163.55905511811022 400.251968503937 25.511811023622048 17.291338582677167 et
176.31496062992127 400.251968503937 25.511811023622048 17.291338582677167 de
189.0708661417323 400.251968503937 25.511811023622048 17.291338582677167 14
201.82677165354332 400.251968503937 21.25984251968504 17.291338582677167 n
210.33070866141733 400.251968503937 25.511811023622048 17.291338582677167 30
223.08661417322836 400.251968503937 21.25984251968504 17.291338582677167 à
231.59055118110237 400.251968503937 25.511811023622048 17.291338582677167 18
244.3464566929134 400.251968503937 21.25984251968504 17.291338582677167 n
248.5984251968504 400.251968503937 21.25984251968504 17.291338582677167 30.

92.1259842519685 414.4251968503937 111.68503937007874 16.724409448818896 JEUNESJPEINTRES
186.23622047244095 414.4251968503937 35.1496062992126 16.724409448818896 DE
203.81102362204723 414.4251968503937 47.05511811023622 16.724409448818896 CINO
227.33858267716536 414.4251968503937 35.1496062992126 16.724409448818896 PAVS

101.76377952755905 428.0314960629921 52.724409448818896 15.590551181102363 Hongrie,
141.16535433070865 428.0314960629921 52.724409448818896 15.590551181102363 Pologne.
176.31496062992127 428.0314960629921 79.08661417322834 15.590551181102363 Tchécoslovaquie,

130.11023622047244 438.5196850393701 23.52755905511811 13.606299212598426 U.
142.01574803149606 438.5196850393701 23.52755905511811 13.606299212598426 R.
153.63779527559055 438.5196850393701 35.43307086614173 13.606299212598426 S.S.,
173.1968503937008 438.5196850393701 54.99212598425197 13.606299212598426 Yougoslavie.

47.90551181102362 451.84251968503935 23.811023622047244 18.141732283464567 La
59.811023622047244 451.84251968503935 43.653543307086615 18.141732283464567 Galerie
91.55905511811024 451.84251968503935 43.653543307086615 18.141732283464567 Lambert
123.30708661417323 451.84251968503935 19.84251968503937 18.141732283464567 a
131.24409448818898 451.84251968503935 31.748031496062993 18.141732283464567 fait
151.08661417322836 451.84251968503935 55.55905511811024 18.141732283464567 connaître,
195.0236220472441 451.84251968503935 39.68503937007874 18.141732283464567 depuis
222.8031496062992 451.84251968503935 35.71653543307087 18.141732283464567 1959,
246.61417322834646 451.84251968503935 27.77952755905512 18.141732283464567 une
258.5196850393701 451.84251968503935 39.68503937007874 18.141732283464567 cinquan-

47.05511811023622 461.1968503937008 36.56692913385827 18.4251968503937 taine
71.43307086614173 461.1968503937008 24.37795275590551 18.4251968503937 de
83.33858267716535 461.1968503937008 40.53543307086614 18.4251968503937 jeunes
111.96850393700787 461.1968503937008 48.75590551181102 18.4251968503937 peintres
148.251968503937 461.1968503937008 60.94488188976378 18.4251968503937 originaires
197.00787401574803 461.1968503937008 32.31496062992126 18.4251968503937 pour
217.41732283464566 461.1968503937008 24.37795275590551 18.4251968503937 la
229.60629921259843 461.1968503937008 44.503937007874015 18.4251968503937 plupart
257.9527559055118 461.1968503937008 40.53543307086614 18.4251968503937 d’Europe

47.05511811023622 473.1023622047244 56.69291338582677 14.456692913385826 Orientale,
91.55905511811024 473.1023622047244 56.69291338582677 14.456692913385826 d’Espagne,
136.06299212598427 473.1023622047244 44.503937007874015 14.456692913385826 d’Asie,
168.66141732283464 473.1023622047244 52.724409448818896 14.456692913385826 d’Afrique
209.1968503937008 473.1023622047244 24.37795275590551 14.456692913385826 et
221.10236220472441 473.1023622047244 56.69291338582677 14.456692913385826 d’Amérique
261.6377952755906 473.1023622047244 36.56692913385827 14.456692913385826 Latine.

47.05511811023622 479.90551181102364 23.52755905511811 17.291338582677167 Le
58.960629921259844 479.90551181102364 27.496062992125985 17.291338582677167 but
74.55118110236221 479.90551181102364 43.08661417322835 17.291338582677167 qu’elle
105.73228346456693 479.90551181102364 23.52755905511811 17.291338582677167 se
117.63779527559055 479.90551181102364 43.08661417322835 17.291338582677167 propose
148.8188976377953 479.90551181102364 27.496062992125985 17.291338582677167 est
164.40944881889763 479.90551181102364 23.52755905511811 17.291338582677167 de
176.31496062992127 479.90551181102364 43.08661417322835 17.291338582677167 montrer
207.49606299212599 479.90551181102364 23.52755905511811 17.291338582677167 au
219.4015748031496 479.90551181102364 39.118110236220474 17.291338582677167 public
246.61417322834646 479.90551181102364 47.05511811023622 17.291338582677167 parisien
278.0787401574803 479.90551181102364 19.559055118110237 17.291338582677167 les

45.92125984251968 490.96062992125985 55.55905511811024 17.007874015748033 tendances
88.7244094488189 490.96062992125985 55.55905511811024 17.007874015748033 actuelles
131.24409448818898 490.96062992125985 25.511811023622048 17.007874015748033 de
144.28346456692913 490.96062992125985 25.511811023622048 17.007874015748033 la
157.03937007874015 490.96062992125985 51.30708661417323 17.007874015748033 peinture
195.30708661417322 490.96062992125985 47.05511811023622 17.007874015748033 moderne
229.60629921259843 490.96062992125985 38.55118110236221 17.007874015748033 créée
255.11811023622047 490.96062992125985 25.511811023622048 17.007874015748033 en
263.62204724409446 490.96062992125985 34.2992125984252 17.007874015748033 dehors

46.20472440944882 500.59842519685037 30.04724409448819 15.874015748031496 des
63.496062992125985 500.59842519685037 47.338582677165356 15.874015748031496 centres
97.79527559055119 500.59842519685037 51.59055118110236 15.874015748031496 d’Europe
132.09448818897638 500.59842519685037 60.37795275590551 15.874015748031496 Occidentale.

46.20472440944882 509.9527559055118 76.81889763779527 15.307086614173228 L’hebdomadaire
110.26771653543307 509.9527559055118 51.30708661417323 15.307086614173228 polonais
148.53543307086613 509.9527559055118 25.511811023622048 15.307086614173228 :*
161.29133858267716 509.9527559055118 51.30708661417323 15.307086614173228 Tygodnik
199.84251968503938 509.9527559055118 59.811023622047244 15.307086614173228 Powszechny
242.36220472440945 509.9527559055118 55.55905511811024 15.307086614173228 définissait

45.92125984251968 520.7244094488188 36.0 16.15748031496063 ainsi
69.73228346456693 520.7244094488188 36.0 16.15748031496063 notre
93.8267716535433 520.7244094488188 47.90551181102362 16.15748031496063 galerie:
129.82677165354332 520.7244094488188 32.031496062992126 16.15748031496063 elle
149.66929133858267 520.7244094488188 28.062992125984252 16.15748031496063 est
165.54330708661416 520.7244094488188 36.0 16.15748031496063 jeune
189.63779527559055 520.7244094488188 36.0 16.15748031496063 d’une
213.4488188976378 520.7244094488188 39.968503937007874 16.15748031496063 double
241.51181102362204 520.7244094488188 47.90551181102362 16.15748031496063 manière:
273.54330708661416 520.7244094488188 23.811023622047244 16.15748031496063 d’a-

46.20472440944882 528.9448818897638 28.62992125984252 15.874015748031496 bord
64.34645669291339 528.9448818897638 21.543307086614174 15.874015748031496 en
75.11811023622047 528.9448818897638 36.0 15.874015748031496 raison
100.06299212598425 528.9448818897638 21.543307086614174 15.874015748031496 de
110.83464566929133 528.9448818897638 32.31496062992126 15.874015748031496 l’âge
132.3779527559055 528.9448818897638 21.543307086614174 15.874015748031496 de
143.1496062992126 528.9448818897638 25.228346456692915 15.874015748031496 ses
157.60629921259843 528.9448818897638 43.08661417322835 15.874015748031496 artistes
189.63779527559055 528.9448818897638 21.543307086614174 15.874015748031496 et
200.40944881889763 528.9448818897638 39.40157480314961 15.874015748031496 ensuite
229.3228346456693 528.9448818897638 25.228346456692915 15.874015748031496 par
243.49606299212599 528.9448818897638 21.543307086614174 15.874015748031496 le
254.26771653543307 528.9448818897638 32.31496062992126 15.874015748031496 genre
272.12598425196853 528.9448818897638 25.228346456692915 15.874015748031496 d’art

44.78740157480315 539.4330708661417 52.15748031496063 12.755905511811024 qu’elle
77.95275590551181 539.4330708661417 47.338582677165356 12.755905511811024 seconde.

45.354330708661415 549.3543307086615 20.69291338582677 17.858267716535433 «
53.85826771653543 549.3543307086615 24.661417322834644 17.858267716535433 La
66.04724409448819 549.3543307086615 45.354330708661415 17.858267716535433 Galerie
99.21259842519684 549.3543307086615 45.354330708661415 17.858267716535433 Lambert
132.09448818897638 549.3543307086615 37.13385826771653 17.858267716535433 prend
157.03937007874015 549.3543307086615 24.661417322834644 17.858267716535433 le
169.22834645669292 549.3543307086615 41.38582677165354 17.858267716535433 risque
198.14173228346456 549.3543307086615 24.661417322834644 17.858267716535433 de
210.61417322834646 549.3543307086615 37.13385826771653 17.858267716535433 juger
235.55905511811022 549.3543307086615 57.826771653543304 17.858267716535433 uniquement
276.66141732283467 549.3543307086615 20.69291338582677 17.858267716535433 sur

48.75590551181102 557.2913385826772 26.362204724409448 17.5748031496063 les
63.77952755905512 557.2913385826772 48.75590551181102 17.5748031496063 promesses
101.19685039370079 557.2913385826772 52.724409448818896 17.5748031496063 plastiques
142.58267716535434 557.2913385826772 26.362204724409448 17.5748031496063 et,
157.60629921259843 557.2913385826772 22.677165354330707 17.5748031496063 en
168.9448818897638 557.2913385826772 33.732283464566926 17.5748031496063 cela,
191.6220472440945 557.2913385826772 30.04724409448819 17.5748031496063 elle
210.33070866141733 557.2913385826772 33.732283464566926 17.5748031496063 tient
233.00787401574803 557.2913385826772 60.09448818897638 17.5748031496063 parfaitement
278.0787401574803 557.2913385826772 18.708661417322833 17.5748031496063 son

44.22047244094488 569.7637795275591 36.0 18.4251968503937 rôle
66.89763779527559 569.7637795275591 26.929133858267715 18.4251968503937 de
80.22047244094489 569.7637795275591 54.14173228346457 18.4251968503937 marchand
121.03937007874016 569.7637795275591 31.46456692913386 18.4251968503937 qui
138.89763779527559 569.7637795275591 31.46456692913386 18.4251968503937 est
157.03937007874015 569.7637795275591 58.67716535433071 18.4251968503937 d’imposer
202.11023622047244 569.7637795275591 26.929133858267715 18.4251968503937 et
215.71653543307087 569.7637795275591 31.46456692913386 18.4251968503937 non
233.5748031496063 569.7637795275591 26.929133858267715 18.4251968503937 de
242.64566929133858 569.7637795275591 54.14173228346457 18.4251968503937 constater.

40.818897637795274 577.4173228346457 52.724409448818896 13.32283464566929 (Combat.)

45.354330708661415 586.488188976378 28.062992125984252 16.440944881889763 Les
61.22834645669291 586.488188976378 32.031496062992126 16.440944881889763 cinq
81.35433070866142 586.488188976378 39.968503937007874 16.440944881889763 jeunes
109.41732283464567 586.488188976378 47.90551181102362 16.440944881889763 peintres
145.41732283464566 586.488188976378 56.125984251968504 16.440944881889763 rassemblés
189.35433070866142 586.488188976378 32.031496062992126 16.440944881889763 dans
209.48031496062993 586.488188976378 36.0 16.440944881889763 cette
233.29133858267716 586.488188976378 56.125984251968504 16.440944881889763 exposition
273.25984251968504 586.488188976378 24.094488188976378 16.440944881889763 sont

44.503937007874015 595.5590551181102 31.46456692913386 18.992125984251967 tous
64.34645669291339 595.5590551181102 19.84251968503937 18.992125984251967 à
72.0 595.5590551181102 23.52755905511811 18.992125984251967 la
83.90551181102362 595.5590551181102 39.40157480314961 18.992125984251967 pointe
111.4015748031496 595.5590551181102 27.496062992125985 18.992125984251967 des
127.2755905511811 595.5590551181102 55.275590551181104 18.992125984251967 recherches
170.64566929133858 595.5590551181102 55.275590551181104 18.992125984251967 plastiques
214.01574803149606 595.5590551181102 23.52755905511811 18.992125984251967 de
225.92125984251967 595.5590551181102 31.46456692913386 18.992125984251967 leur
245.48031496062993 595.5590551181102 31.46456692913386 18.992125984251967 pays
265.3228346456693 595.5590551181102 23.52755905511811 18.992125984251967 et
273.25984251968504 595.5590551181102 23.52755905511811 18.992125984251967 nous

44.22047244094488 607.4645669291339 42.803149606299215 14.173228346456693 sommes
73.98425196850394 607.4645669291339 47.05511811023622 14.173228346456693 heureux
108.28346456692914 607.4645669291339 25.511811023622048 14.173228346456693 de
121.03937007874016 607.4645669291339 30.04724409448819 14.173228346456693 les
138.33070866141733 607.4645669291339 55.55905511811024 14.173228346456693 présenter
180.8503937007874 607.4645669291339 21.25984251968504 14.173228346456693 à
185.10236220472441 607.4645669291339 34.2992125984252 14.173228346456693 Paris.

39.40157480314961 620.7874015748032 24.661417322834644 11.622047244094489 196
