287.1496062992126 672.6614173228346
221.38582677165354 20.69291338582677 60.94488188976378 18.708661417322833 CUBA

31.181102362204726 131.81102362204723 68.03149606299213 14.456692913385826 Commissaire
85.60629921259843 131.81102362204723 54.425196850393704 14.456692913385826 général:
126.4251968503937 131.81102362204723 49.889763779527556 14.456692913385826 Juan
162.70866141732284 131.81102362204723 40.818897637795274 14.456692913385826 David
185.38582677165354 131.81102362204723 54.425196850393704 14.456692913385826 Posada

31.748031496062993 145.13385826771653 57.54330708661417 13.88976377952756 Conseiller
77.10236220472441 145.13385826771653 49.32283464566929 13.88976377952756 culturel
114.23622047244095 145.13385826771653 32.881889763779526 13.88976377952756 près
134.9291338582677 145.13385826771653 61.79527559055118 13.88976377952756 l’Ambassade
184.251968503937 145.13385826771653 24.661417322834644 13.88976377952756 de
196.7244094488189 145.13385826771653 32.881889763779526 13.88976377952756 Cuba
217.13385826771653 145.13385826771653 24.661417322834644 13.88976377952756 en
225.35433070866142 145.13385826771653 37.13385826771653 13.88976377952756 France.

17.5748031496063 180.8503937007874 34.01574803149607 17.858267716535433 Une
37.13385826771653 180.8503937007874 63.496062992125985 17.858267716535433 trentaine
85.88976377952756 180.8503937007874 29.19685039370079 17.858267716535433 de
100.34645669291339 180.8503937007874 48.75590551181102 17.858267716535433 jeunes
134.64566929133858 180.8503937007874 58.39370078740158 17.858267716535433 peintres
178.58267716535434 180.8503937007874 73.13385826771653 17.858267716535433 répondirent
236.9763779527559 180.8503937007874 24.37795275590551 17.858267716535433 à
241.79527559055117 180.8503937007874 19.559055118110237 17.858267716535433 la

7.3700787401574805 195.0236220472441 69.44881889763779 15.307086614173228 convocation
62.92913385826772 195.0236220472441 41.669291338582674 15.307086614173228 faite
90.70866141732283 195.0236220472441 32.31496062992126 15.307086614173228 par
109.13385826771653 195.0236220472441 27.77952755905512 15.307086614173228 la
123.02362204724409 195.0236220472441 60.37795275590551 15.307086614173228 Direction
169.51181102362204 195.0236220472441 32.31496062992126 15.307086614173228 des
187.93700787401573 195.0236220472441 37.13385826771653 15.307086614173228 Arts
206.64566929133858 195.0236220472441 55.55905511811024 15.307086614173228 Plastiques

7.086614173228346 206.36220472440945 27.77952755905512 16.15748031496063 du
20.976377952755904 206.36220472440945 51.023622047244096 16.15748031496063 Conseil
58.110236220472444 206.36220472440945 55.55905511811024 16.15748031496063 National
99.77952755905511 206.36220472440945 27.77952755905512 16.15748031496063 de
113.66929133858268 206.36220472440945 27.77952755905512 16.15748031496063 la
122.74015748031496 206.36220472440945 46.488188976377955 16.15748031496063 Culture.

18.141732283464567 218.5511811023622 36.56692913385827 16.15748031496063 Une
38.83464566929134 218.5511811023622 72.85039370078741 16.15748031496063 commission
96.09448818897638 218.5511811023622 31.181102362204726 16.15748031496063 de
111.68503937007874 218.5511811023622 83.33858267716535 16.15748031496063 spécialistes
179.43307086614172 218.5511811023622 36.56692913385827 16.15748031496063 fut
200.40944881889763 218.5511811023622 62.36220472440945 16.15748031496063 désignée
242.07874015748033 218.5511811023622 20.69291338582677 16.15748031496063 et

6.2362204724409445 228.75590551181102 37.41732283464567 16.15748031496063 fut
27.496062992125985 228.75590551181102 58.67716535433071 16.15748031496063 chargée
70.2992125984252 228.75590551181102 32.031496062992126 16.15748031496063 de
86.45669291338582 228.75590551181102 85.32283464566929 16.15748031496063 sélectionner
155.6220472440945 228.75590551181102 37.41732283464567 16.15748031496063 les
177.16535433070865 228.75590551181102 53.29133858267716 16.15748031496063 œuvres
214.58267716535434 228.75590551181102 32.031496062992126 16.15748031496063 de
225.0708661417323 228.75590551181102 37.41732283464567 16.15748031496063 Julio

7.937007874015748 243.21259842519686 53.85826771653543 12.188976377952756 Herrera
47.05511811023622 243.21259842519686 49.039370078740156 12.188976377952756 Zapata
81.35433070866142 243.21259842519686 29.480314960629922 12.188976377952756 et
96.09448818897638 243.21259842519686 58.960629921259844 12.188976377952756 Fernando
140.31496062992127 243.21259842519686 29.480314960629922 12.188976377952756 de
155.0551181102362 243.21259842519686 39.40157480314961 12.188976377952756 Luis
179.71653543307087 243.21259842519686 39.40157480314961 12.188976377952756 pour
199.2755905511811 243.21259842519686 63.77952755905512 12.188976377952756 représenter

7.3700787401574805 251.43307086614172 40.818897637795274 13.88976377952756 Cuba
32.881889763779526 251.43307086614172 25.511811023622048 13.88976377952756 à
43.08661417322835 251.43307086614172 30.614173228346456 13.88976377952756 la
58.39370078740158 251.43307086614172 61.22834645669291 13.88976377952756 Biennale
104.5984251968504 251.43307086614172 30.614173228346456 13.88976377952756 de
119.90551181102362 251.43307086614172 45.92125984251968 13.88976377952756 Paris
150.51968503937007 251.43307086614172 30.614173228346456 13.88976377952756 en
165.82677165354332 251.43307086614172 30.614173228346456 13.88976377952756 se
181.13385826771653 251.43307086614172 51.023622047244096 13.88976377952756 basant
217.13385826771653 251.43307086614172 35.71653543307087 13.88976377952756 sur
232.44094488188978 251.43307086614172 30.614173228346456 13.88976377952756 leur

7.086614173228346 266.45669291338584 51.023622047244096 11.905511811023622 qualité
43.93700787401575 266.45669291338584 64.91338582677166 11.905511811023622 artistique
94.96062992125984 266.45669291338584 27.77952755905512 11.905511811023622 et
108.85039370078741 266.45669291338584 27.77952755905512 11.905511811023622 de
122.74015748031496 266.45669291338584 37.13385826771653 11.905511811023622 plus
145.98425196850394 266.45669291338584 37.13385826771653 11.905511811023622 pour
169.22834645669292 266.45669291338584 69.44881889763779 11.905511811023622 représenter
224.78740157480314 266.45669291338584 27.77952755905512 11.905511811023622 le
234.14173228346456 266.45669291338584 27.77952755905512 11.905511811023622 cou-

7.937007874015748 274.3937007874016 35.71653543307087 18.4251968503937 rant
30.330708661417322 274.3937007874016 26.929133858267715 18.4251968503937 le
43.93700787401575 274.3937007874016 35.71653543307087 18.4251968503937 plus
66.33070866141732 274.3937007874016 44.78740157480315 18.4251968503937 récent
97.51181102362204 274.3937007874016 26.929133858267715 18.4251968503937 de
111.11811023622047 274.3937007874016 40.25196850393701 18.4251968503937 notre
137.76377952755905 274.3937007874016 40.25196850393701 18.4251968503937 jeune
160.15748031496062 274.3937007874016 49.32283464566929 18.4251968503937 peinture.

155.0551181102362 297.3543307086614 45.354330708661415 16.724409448818896 Juan
183.4015748031496 297.3543307086614 51.023622047244096 16.724409448818896 David
211.748031496063 297.3543307086614 51.023622047244096 16.724409448818896 Posada.

87.59055118110236 350.6456692913386 64.34645669291339 19.84251968503937 PEINTURE
136.06299212598427 350.6456692913386 32.31496062992126 19.84251968503937 ET
146.5511811023622 350.6456692913386 43.08661417322835 19.84251968503937 DESSIN

21.543307086614174 366.23622047244095 66.04724409448819 14.740157480314961 Fernando
74.26771653543307 366.23622047244095 35.1496062992126 14.740157480314961 Luis
96.09448818897638 366.23622047244095 79.08661417322834 14.740157480314961 DOMINGUEZ
162.14173228346456 366.23622047244095 26.362204724409448 14.740157480314961 né
175.1811023622047 366.23622047244095 26.362204724409448 14.740157480314961 en
188.50393700787401 366.23622047244095 35.1496062992126 14.740157480314961 1931
210.33070866141733 366.23622047244095 22.11023622047244 14.740157480314961 à
219.11811023622047 366.23622047244095 26.362204724409448 14.740157480314961 La
227.90551181102362 366.23622047244095 35.1496062992126 14.740157480314961 Havane

17.007874015748033 380.9763779527559 40.818897637795274 11.622047244094489 (Cuba).

13.32283464566929 387.496062992126 42.23622047244095 12.472440944881889 1
44.78740157480315 387.496062992126 20.976377952755904 12.472440944881889 Le
55.275590551181104 387.496062992126 45.63779527559055 12.472440944881889 jongleur,
90.4251968503937 387.496062992126 28.062992125984252 12.472440944881889 1965
108.0 387.496062992126 38.55118110236221 12.472440944881889 (huile,
136.06299212598427 387.496062992126 24.661417322834644 12.472440944881889 180
150.23622047244095 387.496062992126 17.5748031496063 12.472440944881889 x
153.63779527559055 387.496062992126 24.661417322834644 12.472440944881889 100).

12.472440944881889 398.8346456692913 43.37007874015748 11.338582677165354 2
45.07086614173228 398.8346456692913 61.511811023622045 11.338582677165354 Conversation,
95.5275590551181 398.8346456692913 28.913385826771652 11.338582677165354 1965
113.66929133858268 398.8346456692913 39.68503937007874 11.338582677165354 (huile,
142.58267716535434 398.8346456692913 25.228346456692915 11.338582677165354 180
157.03937007874015 398.8346456692913 18.141732283464567 11.338582677165354 x
160.7244094488189 398.8346456692913 25.228346456692915 11.338582677165354 100).

13.039370078740157 408.755905511811 43.08661417322835 14.456692913385826 3
45.354330708661415 408.755905511811 21.543307086614174 14.456692913385826 Le
56.125984251968504 408.755905511811 46.488188976377955 14.456692913385826 débutant,
92.1259842519685 408.755905511811 28.62992125984252 14.456692913385826 1965
109.98425196850394 408.755905511811 39.40157480314961 14.456692913385826 (huile,
138.61417322834646 408.755905511811 25.228346456692915 14.456692913385826 180
153.0708661417323 408.755905511811 17.858267716535433 14.456692913385826 x
156.4724409448819 408.755905511811 25.228346456692915 14.456692913385826 100).

20.409448818897637 426.0472440944882 56.125984251968504 11.338582677165354 Julio
62.645669291338585 426.0472440944882 51.59055118110236 11.338582677165354 HERRERA
100.06299212598425 426.0472440944882 70.2992125984252 11.338582677165354 ZAPATA
156.4724409448819 426.0472440944882 28.062992125984252 11.338582677165354 né
170.36220472440945 426.0472440944882 28.062992125984252 11.338582677165354 en
184.53543307086613 426.0472440944882 37.41732283464567 11.338582677165354 1932
208.06299212598427 426.0472440944882 23.52755905511811 11.338582677165354 à
217.41732283464566 426.0472440944882 28.062992125984252 11.338582677165354 La
226.77165354330708 426.0472440944882 37.41732283464567 11.338582677165354 Havane

17.007874015748033 435.11811023622045 40.818897637795274 11.905511811023622 (Cuba).

12.755905511811024 443.90551181102364 43.93700787401575 15.023622047244094 4
45.63779527559055 443.90551181102364 25.511811023622048 15.023622047244094 Sur
60.37795275590551 443.90551181102364 21.826771653543307 15.023622047244094 le
71.14960629921259 443.90551181102364 43.93700787401575 15.023622047244094 nombril,
104.31496062992126 443.90551181102364 47.62204724409449 15.023622047244094 croissant
140.88188976377953 443.90551181102364 21.826771653543307 15.023622047244094 de
151.6535433070866 443.90551181102364 32.881889763779526 15.023622047244094 lune,
173.76377952755905 443.90551181102364 29.19685039370079 15.023622047244094 1965
191.90551181102362 443.90551181102364 54.70866141732284 15.023622047244094 (bas-relief
232.15748031496062 443.90551181102364 32.881889763779526 15.023622047244094 émaillé

21.25984251968504 454.1102362204724 44.503937007874015 12.472440944881889 cuivre,
53.574803149606296 454.1102362204724 28.346456692913385 12.472440944881889 110
69.73228346456693 454.1102362204724 20.125984251968504 12.472440944881889 x
73.7007874015748 454.1102362204724 24.37795275590551 12.472440944881889 45).

12.188976377952756 461.4803149606299 49.889763779527556 15.590551181102363 5
49.60629921259842 461.4803149606299 45.63779527559055 15.590551181102363 Chanson
82.77165354330708 461.4803149606299 49.889763779527556 15.590551181102363 déchirée
120.18897637795276 461.4803149606299 24.944881889763778 15.590551181102363 du
132.66141732283464 461.4803149606299 41.38582677165354 15.590551181102363 poète,
161.5748031496063 461.4803149606299 33.16535433070866 15.590551181102363 1965
182.26771653543307 461.4803149606299 62.36220472440945 15.590551181102363 (bas-relief
227.90551181102362 461.4803149606299 37.41732283464567 15.590551181102363 émaillé

21.543307086614174 473.38582677165357 44.78740157480315 12.188976377952756 cuivre,
53.85826771653543 473.38582677165357 28.346456692913385 12.188976377952756 110
70.2992125984252 473.38582677165357 20.409448818897637 12.188976377952756 x
74.26771653543307 473.38582677165357 24.37795275590551 12.188976377952756 45).

12.472440944881889 482.1732283464567 47.338582677165356 11.338582677165354 6
48.188976377952756 482.1732283464567 35.71653543307087 11.338582677165354 Homme
71.71653543307086 482.1732283464567 31.748031496062993 11.338582677165354 avec
91.55905511811024 482.1732283464567 23.811023622047244 11.338582677165354 le
103.46456692913385 482.1732283464567 39.68503937007874 11.338582677165354 soleil
131.24409448818898 482.1732283464567 27.77952755905512 11.338582677165354 sur
146.83464566929135 482.1732283464567 27.77952755905512 11.338582677165354 les
162.70866141732284 482.1732283464567 47.338582677165356 11.338582677165354 épaules,
198.4251968503937 482.1732283464567 31.748031496062993 11.338582677165354 1965
214.29921259842519 482.1732283464567 51.30708661417323 11.338582677165354 (bas

21.543307086614174 492.37795275590554 45.63779527559055 12.472440944881889 émaillé
54.99212598425197 492.37795275590554 41.669291338582674 12.472440944881889 cuivre
84.18897637795276 492.37795275590554 29.19685039370079 12.472440944881889 110
100.62992125984252 492.37795275590554 20.69291338582677 12.472440944881889 x
104.88188976377953 492.37795275590554 24.944881889763778 12.472440944881889 45).

12.188976377952756 500.31496062992125 44.78740157480315 13.32283464566929 7
45.63779527559055 500.31496062992125 48.47244094488189 13.32283464566929 Peut-être
83.05511811023622 500.31496062992125 26.078740157480315 13.32283464566929 que
97.79527559055119 500.31496062992125 22.393700787401574 13.32283464566929 je
109.13385826771653 500.31496062992125 48.47244094488189 13.32283464566929 m’appelle
146.26771653543307 500.31496062992125 37.13385826771653 13.32283464566929 Jonas,
172.3464566929134 500.31496062992125 29.763779527559056 13.32283464566929 1965
191.0551181102362 500.31496062992125 55.84251968503937 13.32283464566929 (bas-relief
232.15748031496062 500.31496062992125 33.44881889763779 13.32283464566929 émaillé

21.25984251968504 510.8031496062992 44.503937007874015 15.307086614173228 cuivre,
53.574803149606296 510.8031496062992 28.346456692913385 15.307086614173228 110
69.73228346456693 510.8031496062992 20.125984251968504 15.307086614173228 x
73.7007874015748 510.8031496062992 24.37795275590551 15.307086614173228 45).

244.3464566929134 638.6456692913385 22.11023622047244 13.606299212598426 47
