307.84251968503935 672.6614173228346
14.173228346456693 34.86614173228347 60.09448818897638 16.440944881889763 ITALIE

52.724409448818896 172.06299212598427 76.25196850393701 18.992125984251967 Commissaire
113.66929133858268 172.06299212598427 60.94488188976378 18.992125984251967 général:
159.30708661417322 172.06299212598427 66.04724409448819 18.992125984251967 Fortunato
205.22834645669292 172.06299212598427 50.74015748031496 18.992125984251967 Bellonzi

53.574803149606296 189.63779527559055 56.69291338582677 13.606299212598426 Secrétaire
98.07874015748031 189.63779527559055 44.503937007874015 13.606299212598426 général
130.39370078740157 189.63779527559055 24.37795275590551 13.606299212598426 de
142.58267716535434 189.63779527559055 24.37795275590551 13.606299212598426 la
154.48818897637796 189.63779527559055 64.62992125984252 13.606299212598426 Quadriennale
207.21259842519686 189.63779527559055 36.28346456692913 13.606299212598426 d’Art
231.59055118110237 189.63779527559055 24.37795275590551 13.606299212598426 de
239.5275590551181 189.63779527559055 28.346456692913385 13.606299212598426 Rome.

37.13385826771653 242.07874015748033 27.212598425196852 13.32283464566929 La
50.74015748031496 242.07874015748033 31.748031496062993 13.32283464566929 fin
68.88188976377953 242.07874015748033 31.748031496062993 13.32283464566929 des
87.02362204724409 242.07874015748033 45.354330708661415 13.32283464566929 mythes
118.48818897637796 242.07874015748033 27.212598425196852 13.32283464566929 et
132.09448818897638 242.07874015748033 31.748031496062993 13.32283464566929 des
150.23622047244095 242.07874015748033 67.74803149606299 13.32283464566929 traditions-
204.66141732283464 242.07874015748033 40.818897637795274 13.32283464566929 trait
227.0551181102362 242.07874015748033 45.354330708661415 13.32283464566929 caracté-

24.37795275590551 253.70078740157481 58.39370078740158 13.039370078740157 ristique
68.31496062992126 253.70078740157481 29.19685039370079 13.039370078740157 de
82.77165354330708 253.70078740157481 43.93700787401575 13.039370078740157 notre
111.96850393700787 253.70078740157481 48.75590551181102 13.039370078740157 époque
146.26771653543307 253.70078740157481 24.37795275590551 13.039370078740157 -
155.90551181102362 253.70078740157481 63.496062992125985 13.039370078740157 préoccupe
204.66141732283464 253.70078740157481 34.01574803149607 13.039370078740157 non
219.4015748031496 253.70078740157481 53.574803149606296 13.039370078740157 seulement

24.37795275590551 264.18897637795277 34.86614173228347 12.472440944881889 les
44.503937007874015 264.18897637795277 74.55118110236221 12.472440944881889 philosophes
104.03149606299213 264.18897637795277 29.763779527559056 12.472440944881889 et
118.77165354330708 264.18897637795277 34.86614173228347 12.472440944881889 les
138.61417322834646 264.18897637795277 74.55118110236221 12.472440944881889 humanistes,
198.14173228346456 264.18897637795277 39.68503937007874 12.472440944881889 mais
223.08661417322836 264.18897637795277 44.78740157480315 12.472440944881889 aussi
247.748031496063 264.18897637795277 24.944881889763778 12.472440944881889 les

23.811023622047244 273.8267716535433 58.39370078740158 13.32283464566929 savants.
67.74803149606299 273.8267716535433 48.75590551181102 13.32283464566929 Depuis
101.76377952755905 273.8267716535433 58.39370078740158 13.32283464566929 quelques
145.70078740157481 273.8267716535433 53.574803149606296 13.32283464566929 années,
184.53543307086613 273.8267716535433 29.19685039370079 13.32283464566929 en
199.2755905511811 273.8267716535433 48.75590551181102 13.32283464566929 effet,
228.4724409448819 273.8267716535433 43.93700787401575 13.32283464566929 ceux

24.661417322834644 285.73228346456693 70.01574803149606 11.905511811023622 recherchent
80.50393700787401 285.73228346456693 28.062992125984252 11.905511811023622 de
94.67716535433071 285.73228346456693 37.41732283464567 11.905511811023622 plus
117.92125984251969 285.73228346456693 28.062992125984252 11.905511811023622 en
132.09448818897638 285.73228346456693 37.41732283464567 11.905511811023622 plus
155.33858267716536 285.73228346456693 28.062992125984252 11.905511811023622 le
169.22834645669292 285.73228346456693 56.125984251968504 11.905511811023622 dialogue
211.46456692913387 285.73228346456693 37.41732283464567 11.905511811023622 avec
234.70866141732284 285.73228346456693 28.062992125984252 11.905511811023622 la
244.06299212598427 285.73228346456693 28.062992125984252 11.905511811023622 phi-

24.37795275590551 295.93700787401576 53.29133858267716 12.188976377952756 losophie
64.34645669291339 295.93700787401576 26.64566929133858 12.188976377952756 et
77.66929133858268 295.93700787401576 26.64566929133858 12.188976377952756 la
90.99212598425197 295.93700787401576 57.54330708661417 12.188976377952756 religion,
135.21259842519686 295.93700787401576 30.89763779527559 12.188976377952756 qui
153.0708661417323 295.93700787401576 57.54330708661417 12.188976377952756 défendent
197.29133858267716 295.93700787401576 30.89763779527559 12.188976377952756 les
215.1496062992126 295.93700787401576 48.75590551181102 12.188976377952756 valeurs
246.04724409448818 295.93700787401576 26.64566929133858 12.188976377952756 dont

23.811023622047244 306.1417322834646 68.88188976377953 14.740157480314961 l’Humanité
77.66929133858268 306.1417322834646 24.661417322834644 14.740157480314961 a
87.59055118110236 306.1417322834646 49.039370078740156 14.740157480314961 besoin
121.88976377952756 306.1417322834646 39.40157480314961 14.740157480314961 pour
141.4488188976378 306.1417322834646 39.40157480314961 14.740157480314961 vivre.

36.8503937007874 317.76377952755905 35.43307086614173 18.141732283464567 Dans
59.24409448818898 317.76377952755905 26.64566929133858 18.141732283464567 la
72.56692913385827 317.76377952755905 70.86614173228347 18.141732283464567 civilisation
130.11023622047244 317.76377952755905 57.826771653543304 18.141732283464567 actuelle,
174.61417322834646 317.76377952755905 31.181102362204726 18.141732283464567 qui
192.18897637795277 317.76377952755905 57.826771653543304 18.141732283464567 considère
232.15748031496062 317.76377952755905 39.968503937007874 18.141732283464567 l’homme

23.52755905511811 332.2204724409449 45.63779527559055 12.472440944881889 comme
54.14173228346457 332.2204724409449 81.35433070866142 12.472440944881889 l’instrument
120.18897637795276 332.2204724409449 30.614173228346456 12.472440944881889 du
135.21259842519686 332.2204724409449 60.94488188976378 12.472440944881889 progrès,
181.13385826771653 332.2204724409449 35.43307086614173 12.472440944881889 non
201.25984251968504 332.2204724409449 45.63779527559055 12.472440944881889 comme
231.8740157480315 332.2204724409449 30.614173228346456 12.472440944881889 sa
242.07874015748033 332.2204724409449 30.614173228346456 12.472440944881889 fin,

23.811023622047244 342.4251968503937 26.64566929133858 12.188976377952756 et
37.13385826771653 342.4251968503937 35.43307086614173 12.188976377952756 dans
59.24409448818898 342.4251968503937 53.00787401574803 12.188976377952756 laquelle
99.21259842519684 342.4251968503937 26.64566929133858 12.188976377952756 il
112.53543307086615 342.4251968503937 30.89763779527559 12.188976377952756 n’y
130.11023622047244 342.4251968503937 22.11023622047244 12.188976377952756 a
138.89763779527559 342.4251968503937 35.43307086614173 12.188976377952756 plus
161.29133858267716 342.4251968503937 26.64566929133858 12.188976377952756 de
174.33070866141733 342.4251968503937 48.75590551181102 12.188976377952756 liberté
209.76377952755905 342.4251968503937 57.54330708661417 12.188976377952756 véritable
249.73228346456693 342.4251968503937 22.11023622047244 12.188976377952756 de-

24.37795275590551 353.76377952755905 35.43307086614173 11.905511811023622 puis
46.488188976377955 353.76377952755905 30.89763779527559 11.905511811023622 que
64.34645669291339 353.76377952755905 30.89763779527559 11.905511811023622 les
81.92125984251969 353.76377952755905 61.79527559055118 11.905511811023622 idéologies
130.39370078740157 353.76377952755905 30.89763779527559 11.905511811023622 ont
148.251968503937 353.76377952755905 35.43307086614173 11.905511811023622 pris
170.36220472440945 353.76377952755905 26.362204724409448 11.905511811023622 la
183.4015748031496 353.76377952755905 39.68503937007874 11.905511811023622 place
210.04724409448818 353.76377952755905 26.362204724409448 11.905511811023622 de
223.37007874015748 353.76377952755905 48.47244094488189 11.905511811023622 l’unité
254.26771653543307 353.76377952755905 17.5748031496063 11.905511811023622 du

23.52755905511811 365.38582677165357 54.70866141732284 10.771653543307087 savoir,
63.496062992125985 365.38582677165357 29.763779527559056 10.771653543307087 ni
78.51968503937007 365.38582677165357 79.65354330708661 10.771653543307087 l’engagement
143.1496062992126 365.38582677165357 69.73228346456693 10.771653543307087 politique,
197.85826771653544 365.38582677165357 29.763779527559056 10.771653543307087 ni
212.5984251968504 365.38582677165357 29.763779527559056 10.771653543307087 le
222.51968503937007 365.38582677165357 49.889763779527556 10.771653543307087 document

23.52755905511811 375.59055118110234 71.71653543307086 11.622047244094489 agnostique,
81.07086614173228 375.59055118110234 28.62992125984252 11.622047244094489 ni
95.24409448818898 375.59055118110234 62.07874015748032 11.622047244094489 l’évasion
143.1496062992126 375.59055118110234 66.89763779527559 11.622047244094489 romanesque
195.8740157480315 375.59055118110234 28.62992125984252 11.622047244094489 ne
210.33070866141733 375.59055118110234 52.724409448818896 11.622047244094489 peuvent
243.7795275590551 375.59055118110234 28.62992125984252 11.622047244094489 plus

24.37795275590551 385.2283464566929 59.24409448818898 10.488188976377952 répondre
68.88188976377953 385.2283464566929 34.58267716535433 10.488188976377952 aux
88.44094488188976 385.2283464566929 64.34645669291339 10.488188976377952 questions
138.04724409448818 385.2283464566929 29.763779527559056 10.488188976377952 du
152.78740157480314 385.2283464566929 54.425196850393704 10.488188976377952 présent
192.4724409448819 385.2283464566929 29.763779527559056 10.488188976377952 et
207.21259842519686 385.2283464566929 34.58267716535433 10.488188976377952 aux
222.23622047244095 385.2283464566929 49.32283464566929 10.488188976377952 pressen-

24.094488188976378 396.0 51.59055118110236 11.905511811023622 timents
61.511811023622045 396.0 56.125984251968504 11.905511811023622 éveillés
103.46456692913385 396.0 32.881889763779526 11.905511811023622 par
122.1732283464567 396.0 28.062992125984252 11.905511811023622 un
136.3464566929134 396.0 60.94488188976378 11.905511811023622 lendemain
183.11811023622047 396.0 46.77165354330709 11.905511811023622 obscur
215.71653543307087 396.0 28.062992125984252 11.905511811023622 et
229.88976377952756 396.0 42.23622047244095 11.905511811023622 lourd
253.13385826771653 396.0 18.708661417322833 11.905511811023622 de

17.858267716535433 406.48818897637796 56.125984251968504 13.606299212598426 menaces.

36.56692913385827 419.244094488189 40.818897637795274 13.88976377952756 C’est
63.77952755905512 419.244094488189 54.425196850393704 13.88976377952756 pourquoi
104.5984251968504 419.244094488189 31.748031496062993 13.88976377952756 les
122.74015748031496 419.244094488189 54.425196850393704 13.88976377952756 artistes
163.2755905511811 419.244094488189 22.677165354330707 13.88976377952756 -
172.3464566929134 419.244094488189 49.889763779527556 13.88976377952756 surtout
208.62992125984252 419.244094488189 31.748031496062993 13.88976377952756 les
222.23622047244095 419.244094488189 49.889763779527556 13.88976377952756 jeunes

24.37795275590551 432.2834645669291 59.24409448818898 11.905511811023622 prennent
68.88188976377953 432.2834645669291 24.661417322834644 11.905511811023622 à
78.51968503937007 432.2834645669291 49.32283464566929 11.905511811023622 douter
113.38582677165354 432.2834645669291 34.58267716535433 11.905511811023622 des
132.9448818897638 432.2834645669291 64.34645669291339 11.905511811023622 positions
182.5511811023622 432.2834645669291 74.26771653543307 11.905511811023622 extrêmement
236.9763779527559 432.2834645669291 34.58267716535433 11.905511811023622 indi-

23.811023622047244 442.20472440944883 72.85039370078741 10.204724409448819 vidualistes
82.20472440944881 442.20472440944883 29.19685039370079 10.204724409448819 et
96.66141732283465 442.20472440944883 63.21259842519685 10.204724409448819 négatives
145.41732283464566 442.20472440944883 29.19685039370079 10.204724409448819 de
159.8740157480315 442.20472440944883 87.59055118110236 10.204724409448819 l’avant-garde,
233.00787401574803 442.20472440944883 29.19685039370079 10.204724409448819 et
242.64566929133858 442.20472440944883 29.19685039370079 10.204724409448819 même

24.37795275590551 452.12598425196853 32.59842519685039 11.905511811023622 des
42.803149606299215 452.12598425196853 60.661417322834644 11.905511811023622 poétiques
89.5748031496063 452.12598425196853 32.59842519685039 11.905511811023622 qui
108.28346456692914 452.12598425196853 65.19685039370079 11.905511811023622 s’occupent
159.59055118110237 452.12598425196853 79.37007874015748 11.905511811023622 exclusivement
220.251968503937 452.12598425196853 51.30708661417323 11.905511811023622 d’idéolo-

24.094488188976378 463.748031496063 31.46456692913386 12.472440944881889 gie
42.23622047244095 463.748031496063 62.92913385826772 12.472440944881889 politique,
91.55905511811024 463.748031496063 26.929133858267715 12.472440944881889 ou
105.16535433070867 463.748031496063 31.46456692913386 12.472440944881889 qui
123.02362204724409 463.748031496063 62.92913385826772 12.472440944881889 constatent
172.62992125984252 463.748031496063 26.929133858267715 12.472440944881889 la
185.95275590551182 463.748031496063 40.53543307086614 12.472440944881889 crise
213.16535433070865 463.748031496063 31.46456692913386 12.472440944881889 des
226.48818897637796 463.748031496063 45.07086614173228 12.472440944881889 valeurs,

23.811023622047244 473.6692913385827 38.83464566929134 15.874015748031496 sans
47.90551181102362 473.6692913385827 58.110236220472444 15.874015748031496 vraiment
91.55905511811024 473.6692913385827 53.29133858267716 15.874015748031496 prendre
125.5748031496063 473.6692913385827 34.01574803149607 15.874015748031496 part.

36.56692913385827 486.4251968503937 28.913385826771652 13.88976377952756 Il
51.023622047244096 486.4251968503937 28.913385826771652 13.88976377952756 ne
65.48031496062993 486.4251968503937 47.90551181102362 13.88976377952756 s’agit
98.92913385826772 486.4251968503937 33.732283464566926 13.88976377952756 pas
118.20472440944881 486.4251968503937 43.08661417322835 13.88976377952756 d’une
147.11811023622047 486.4251968503937 62.36220472440945 13.88976377952756 nostalgie
195.0236220472441 486.4251968503937 28.913385826771652 13.88976377952756 du
209.48031496062993 486.4251968503937 47.90551181102362 13.88976377952756 passé,
238.11023622047244 486.4251968503937 33.732283464566926 13.88976377952756 d’une

23.244094488188978 498.3307086614173 53.00787401574803 10.488188976377952 espèce
60.37795275590551 498.3307086614173 31.748031496062993 10.488188976377952 de
76.25196850393701 498.3307086614173 68.88188976377953 10.488188976377952 recherche
129.25984251968504 498.3307086614173 31.748031496062993 10.488188976377952 du
145.13385826771653 498.3307086614173 47.62204724409449 10.488188976377952 temps
176.88188976377953 498.3307086614173 53.00787401574803 10.488188976377952 perdu,
214.01574803149606 498.3307086614173 42.23622047244095 10.488188976377952 mais
234.99212598425197 498.3307086614173 37.13385826771653 10.488188976377952 d’une

24.661417322834644 509.1023622047244 54.99212598425197 11.05511811023622 exigence
65.76377952755905 509.1023622047244 54.99212598425197 11.05511811023622 profonde
107.14960629921259 509.1023622047244 32.031496062992126 11.05511811023622 qui
125.5748031496063 509.1023622047244 36.56692913385827 11.05511811023622 vise
148.251968503937 509.1023622047244 22.96062992125984 11.05511811023622 à
157.60629921259843 509.1023622047244 59.52755905511811 11.05511811023622 retrouver
203.24409448818898 509.1023622047244 32.031496062992126 11.05511811023622 les
221.66929133858267 509.1023622047244 50.45669291338583 11.05511811023622 racines
253.70078740157481 509.1023622047244 18.4251968503937 11.05511811023622 de

25.228346456692915 519.3070866141733 26.929133858267715 12.188976377952756 la
38.83464566929134 519.3070866141733 31.46456692913386 12.188976377952756 vie
56.69291338582677 519.3070866141733 49.32283464566929 12.188976377952756 humaine
92.69291338582677 519.3070866141733 26.929133858267715 12.188976377952756 et
106.01574803149606 519.3070866141733 22.393700787401574 12.188976377952756 à
115.08661417322834 519.3070866141733 44.78740157480315 12.188976377952756 rendre
146.5511811023622 519.3070866141733 26.929133858267715 12.188976377952756 au
159.8740157480315 519.3070866141733 49.32283464566929 12.188976377952756 travail
195.8740157480315 519.3070866141733 26.929133858267715 12.188976377952756 et
209.1968503937008 519.3070866141733 22.393700787401574 12.188976377952756 à
213.73228346456693 519.3070866141733 58.39370078740158 12.188976377952756 l’existence

24.661417322834644 530.9291338582677 39.968503937007874 11.338582677165354 même
49.889763779527556 530.9291338582677 30.04724409448819 11.338582677165354 de
64.91338582677166 530.9291338582677 54.99212598425197 11.338582677165354 l’homme
104.88188976377953 530.9291338582677 35.1496062992126 11.338582677165354 une
125.00787401574803 530.9291338582677 85.32283464566929 11.338582677165354 signification
190.20472440944883 530.9291338582677 75.11811023622047 11.338582677165354 métaphysique.

36.0 542.2677165354331 44.22047244094488 15.874015748031496 Voici
65.48031496062993 542.2677165354331 39.40157480314961 15.874015748031496 donc
89.85826771653544 542.2677165354331 34.2992125984252 15.874015748031496 que
109.7007874015748 542.2677165354331 29.480314960629922 15.874015748031496 de
124.44094488188976 542.2677165354331 49.039370078740156 15.874015748031496 jeunes
158.74015748031496 542.2677165354331 58.960629921259844 15.874015748031496 artistes
202.96062992125985 542.2677165354331 63.77952755905512 15.874015748031496 italiens-
247.1811023622047 542.2677165354331 24.661417322834644 15.874015748031496 six

24.944881889763778 555.0236220472441 61.79527559055118 13.32283464566929 peintres,
72.56692913385827 555.0236220472441 42.803149606299215 13.32283464566929 trois
100.91338582677166 555.0236220472441 71.14960629921259 13.32283464566929 sculpteurs,
157.88976377952756 555.0236220472441 28.346456692913385 13.32283464566929 un
172.06299212598427 555.0236220472441 66.33070866141732 13.32283464566929 architecte
224.50393700787401 555.0236220472441 23.811023622047244 13.32283464566929 —
233.85826771653544 555.0236220472441 37.98425196850393 13.32283464566929 font
252.8503937007874 555.0236220472441 18.992125984251967 13.32283464566929 la

25.511811023622048 565.7952755905512 48.188976377952756 14.173228346456693 preuve
59.24409448818898 565.7952755905512 28.913385826771652 14.173228346456693 de
73.7007874015748 565.7952755905512 38.55118110236221 14.173228346456693 leur
98.07874015748031 565.7952755905512 48.188976377952756 14.173228346456693 talent
131.81102362204723 565.7952755905512 33.732283464566926 14.173228346456693 sur
151.08661417322836 565.7952755905512 28.913385826771652 14.173228346456693 le
165.54330708661416 565.7952755905512 43.37007874015748 14.173228346456693 thème
194.45669291338584 565.7952755905512 28.913385826771652 14.173228346456693 du
204.09448818897638 565.7952755905512 67.74803149606299 14.173228346456693 comportement

25.228346456692915 576.5669291338583 28.913385826771652 10.771653543307087 de
39.68503937007874 576.5669291338583 43.37007874015748 10.771653543307087 Jésus
68.5984251968504 576.5669291338583 48.188976377952756 10.771653543307087 envers
102.33070866141732 576.5669291338583 33.732283464566926 10.771653543307087 les
121.60629921259843 576.5669291338583 57.826771653543304 10.771653543307087 pécheurs
165.25984251968504 576.5669291338583 24.094488188976378 10.771653543307087 -
174.89763779527559 576.5669291338583 28.913385826771652 10.771653543307087 et
189.35433070866142 576.5669291338583 67.46456692913385 10.771653543307087 souhaitent
237.54330708661416 576.5669291338583 33.732283464566926 10.771653543307087 qu’un

25.511811023622048 587.0551181102362 37.13385826771653 12.472440944881889 jour
48.47244094488189 587.0551181102362 32.59842519685039 12.472440944881889 une
67.18110236220473 587.0551181102362 46.488188976377955 12.472440944881889 petite
99.49606299212599 587.0551181102362 46.488188976377955 12.472440944881889 église
132.09448818897638 587.0551181102362 37.13385826771653 12.472440944881889 soit
155.33858267716536 587.0551181102362 46.488188976377955 12.472440944881889 dédiée
187.6535433070866 587.0551181102362 27.77952755905512 12.472440944881889 au
201.82677165354332 587.0551181102362 32.59842519685039 12.472440944881889 bon
220.251968503937 587.0551181102362 46.488188976377955 12.472440944881889 larron
248.03149606299212 587.0551181102362 23.244094488188978 12.472440944881889 qui

26.362204724409448 596.9763779527559 31.748031496062993 15.307086614173228 n’a
44.503937007874015 596.9763779527559 45.354330708661415 15.307086614173228 encore
76.25196850393701 596.9763779527559 45.354330708661415 15.307086614173228 obtenu
108.0 596.9763779527559 27.212598425196852 15.307086614173228 ni
121.60629921259843 596.9763779527559 31.748031496062993 15.307086614173228 les
139.748031496063 596.9763779527559 49.889763779527556 15.307086614173228 fidèles
176.31496062992127 596.9763779527559 27.212598425196852 15.307086614173228 ni
189.92125984251967 596.9763779527559 31.748031496062993 15.307086614173228 les
208.06299212598427 596.9763779527559 49.889763779527556 15.307086614173228 prières
239.81102362204723 596.9763779527559 31.748031496062993 15.307086614173228 qu’il

26.078740157480315 607.7480314960629 46.20472440944882 16.724409448818896 aurait
58.39370078740158 607.7480314960629 51.023622047244096 16.724409448818896 mérités
95.5275590551181 607.7480314960629 27.77952755905512 16.724409448818896 en
109.41732283464567 607.7480314960629 41.669291338582674 16.724409448818896 grand
137.1968503937008 607.7480314960629 51.023622047244096 16.724409448818896 nombre,
174.04724409448818 607.7480314960629 41.669291338582674 16.724409448818896 alors
201.82677165354332 607.7480314960629 32.31496062992126 16.724409448818896 que
220.251968503937 607.7480314960629 32.31496062992126 16.724409448818896 les
234.14173228346456 607.7480314960629 37.13385826771653 16.724409448818896 Phari-

26.078740157480315 618.5196850393701 42.51968503937008 14.173228346456693 siens
54.425196850393704 618.5196850393701 28.346456692913385 14.173228346456693 de
68.5984251968504 618.5196850393701 37.7007874015748 14.173228346456693 tous
92.1259842519685 618.5196850393701 33.16535433070866 14.173228346456693 les
111.11811023622047 618.5196850393701 42.51968503937008 14.173228346456693 temps
139.46456692913387 618.5196850393701 42.51968503937008 14.173228346456693 n’ont
167.81102362204723 618.5196850393701 47.05511811023622 14.173228346456693 jamais
200.69291338582678 618.5196850393701 28.346456692913385 14.173228346456693 su
214.86614173228347 618.5196850393701 61.22834645669291 14.173228346456693 pardonner
257.38582677165357 618.5196850393701 14.173228346456693 14.173228346456693 à

26.362204724409448 631.2755905511812 38.267716535433074 13.32283464566929 ceux
50.173228346456696 631.2755905511812 33.44881889763779 13.32283464566929 qui
69.44881889763779 631.2755905511812 81.35433070866142 13.32283464566929 transgressent
136.3464566929134 631.2755905511812 33.44881889763779 13.32283464566929 les
155.33858267716536 631.2755905511812 38.267716535433074 13.32283464566929 lois
174.61417322834646 631.2755905511812 52.44094488188976 13.32283464566929 humaines.

21.826771653543307 647.1496062992126 20.409448818897637 11.622047244094489 76
