312.9448818897638 672.6614173228346
79.65354330708661 29.19685039370079 112.81889763779527 17.291338582677167 EXTRAIT
168.09448818897638 29.19685039370079 48.188976377952756 17.291338582677167 DU
184.251968503937 29.19685039370079 120.75590551181102 17.291338582677167 RÉGLEMENT

21.543307086614174 57.54330708661417 47.62204724409449 15.023622047244094 Article
56.125984251968504 57.54330708661417 21.826771653543307 15.023622047244094 5
64.91338582677166 57.54330708661417 21.826771653543307 15.023622047244094 —
73.41732283464567 57.54330708661417 47.62204724409449 15.023622047244094 Bourses
108.28346456692914 57.54330708661417 26.078740157480315 15.023622047244094 et
117.07086614173228 57.54330708661417 60.661417322834644 15.023622047244094 récompenses.

21.826771653543307 80.50393700787401 34.58267716535433 16.724409448818896 Pour
43.37007874015748 80.50393700787401 43.08661417322835 16.724409448818896 chaque
73.41732283464567 80.50393700787401 51.59055118110236 16.724409448818896 section.
112.25196850393701 80.50393700787401 25.79527559055118 16.724409448818896 un
125.29133858267717 80.50393700787401 34.58267716535433 16.724409448818896 jury
146.83464566929135 80.50393700787401 77.66929133858268 16.724409448818896 international,
211.46456692913387 80.50393700787401 47.338582677165356 16.724409448818896 composé
245.76377952755905 80.50393700787401 25.79527559055118 16.724409448818896 de
254.5511811023622 80.50393700787401 25.79527559055118 16.724409448818896 per-

20.69291338582677 92.40944881889764 57.826771653543304 14.740157480314961 sonnalités
66.04724409448819 92.40944881889764 45.354330708661415 14.740157480314961 nommées
99.21259842519684 92.40944881889764 28.913385826771652 14.740157480314961 par
115.65354330708661 92.40944881889764 24.661417322834644 14.740157480314961 le
128.1259842519685 92.40944881889764 45.354330708661415 14.740157480314961 Conseil
161.00787401574803 92.40944881889764 86.74015748031496 14.740157480314961 d’Administration,
235.2755905511811 92.40944881889764 24.661417322834644 14.740157480314961 se
243.49606299212599 92.40944881889764 37.13385826771653 14.740157480314961 réunira

20.69291338582677 101.19685039370079 46.77165354330709 14.173228346456693 pendant
54.70866141732284 101.19685039370079 25.511811023622048 14.173228346456693 la
67.46456692913385 101.19685039370079 51.023622047244096 14.173228346456693 Biennale
105.73228346456693 101.19685039370079 25.511811023622048 14.173228346456693 et
118.48818897637796 101.19685039370079 59.52755905511811 14.173228346456693 attribuera
165.54330708661416 101.19685039370079 29.763779527559056 14.173228346456693 des
182.5511811023622 101.19685039370079 46.77165354330709 14.173228346456693 bourses
216.56692913385828 101.19685039370079 25.511811023622048 14.173228346456693 et
225.0708661417323 101.19685039370079 55.275590551181104 14.173228346456693 récompenses

20.125984251968504 111.96850393700787 50.45669291338583 13.606299212598426 destinées
58.960629921259844 111.96850393700787 27.212598425196852 13.606299212598426 aux
74.55118110236221 111.96850393700787 46.77165354330709 13.606299212598426 artistes
109.7007874015748 111.96850393700787 50.45669291338583 13.606299212598426 étrangers
148.53543307086613 111.96850393700787 23.244094488188978 13.606299212598426 et
160.15748031496062 111.96850393700787 50.45669291338583 13.606299212598426 français.
198.99212598425197 111.96850393700787 23.244094488188978 13.606299212598426 Ce
210.61417322834646 111.96850393700787 31.181102362204726 13.606299212598426 jury
230.17322834645668 111.96850393700787 31.181102362204726 13.606299212598426 sera
245.76377952755905 111.96850393700787 34.86614173228347 13.606299212598426 composé

19.275590551181104 121.60629921259843 37.13385826771653 14.456692913385826 d’au
42.51968503937008 121.60629921259843 41.95275590551181 14.456692913385826 moins
70.2992125984252 121.60629921259843 37.13385826771653 14.456692913385826 deux
93.54330708661418 121.60629921259843 41.95275590551181 14.456692913385826 tiers
121.32283464566929 121.60629921259843 27.77952755905512 14.456692913385826 de
135.49606299212599 121.60629921259843 51.023622047244096 14.456692913385826 membres
172.62992125984252 121.60629921259843 65.19685039370079 14.456692913385826 étrangers.
223.6535433070866 121.60629921259843 32.59842519685039 14.456692913385826 Les
237.54330708661416 121.60629921259843 41.95275590551181 14.456692913385826 commis-

19.559055118110237 130.39370078740157 41.10236220472441 14.456692913385826 saires
48.47244094488189 130.39370078740157 49.60629921259842 14.456692913385826 généraux
85.60629921259843 130.39370078740157 24.661417322834644 14.456692913385826 de
98.07874015748031 130.39370078740157 41.10236220472441 14.456692913385826 chaque
126.99212598425197 130.39370078740157 32.881889763779526 14.456692913385826 pays
147.4015748031496 130.39370078740157 24.661417322834644 14.456692913385826 ne
159.8740157480315 130.39370078740157 49.60629921259842 14.456692913385826 pourront
197.00787401574803 130.39370078740157 28.913385826771652 14.456692913385826 pas
213.4488188976378 130.39370078740157 37.13385826771653 14.456692913385826 faire
238.39370078740157 130.39370078740157 41.10236220472441 14.456692913385826 partie
263.0551181102362 130.39370078740157 16.440944881889763 14.456692913385826 du

18.992125984251967 137.48031496062993 35.71653543307087 18.708661417322833 jury.
42.803149606299215 137.48031496062993 23.811023622047244 18.708661417322833 Le
54.70866141732284 137.48031496062993 43.653543307086615 18.708661417322833 nombre,
86.45669291338582 137.48031496062993 23.811023622047244 18.708661417322833 la
98.07874015748031 137.48031496062993 59.52755905511811 18.708661417322833 répartition
145.70078740157481 137.48031496062993 23.811023622047244 18.708661417322833 et
157.60629921259843 137.48031496062993 23.811023622047244 18.708661417322833 le
169.51181102362204 137.48031496062993 43.653543307086615 18.708661417322833 montant
201.25984251968504 137.48031496062993 27.77952755905512 18.708661417322833 des
216.8503937007874 137.48031496062993 47.62204724409449 18.708661417322833 bourses.
248.5984251968504 137.48031496062993 31.748031496062993 18.708661417322833 seront

18.708661417322833 148.8188976377953 36.0 11.05511811023622 fixés
38.83464566929134 148.8188976377953 68.03149606299213 11.05511811023622 ultérieurement.

18.4251968503937 159.0236220472441 30.89763779527559 17.007874015748033 Les
36.28346456692913 159.0236220472441 48.75590551181102 17.007874015748033 bourses
71.71653543307086 159.0236220472441 57.54330708661417 17.007874015748033 destinées
115.93700787401575 159.0236220472441 30.89763779527559 17.007874015748033 aux
133.51181102362204 159.0236220472441 57.54330708661417 17.007874015748033 étrangers
177.73228346456693 159.0236220472441 44.22047244094488 17.007874015748033 seront
208.62992125984252 159.0236220472441 61.79527559055118 17.007874015748033 attribuées
252.8503937007874 159.0236220472441 26.64566929133858 17.007874015748033 sans

18.141732283464567 170.9291338582677 36.56692913385827 13.606299212598426 tenir
42.51968503937008 170.9291338582677 40.53543307086614 13.606299212598426 compte
70.86614173228347 170.9291338582677 36.56692913385827 13.606299212598426 d’une
95.24409448818898 170.9291338582677 60.94488188976378 13.606299212598426 répartition
144.0 170.9291338582677 28.346456692913385 13.606299212598426 par
160.15748031496062 170.9291338582677 64.91338582677166 13.606299212598426 nationalité;
213.16535433070865 170.9291338582677 24.37795275590551 13.606299212598426 il
225.35433070866142 170.9291338582677 28.346456692913385 13.606299212598426 n’y
241.51181102362204 170.9291338582677 32.59842519685039 13.606299212598426 aura
257.6692913385827 170.9291338582677 20.409448818897637 13.606299212598426 nul

17.858267716535433 178.86614173228347 68.31496062992126 15.590551181102363 inconvénient
73.41732283464567 178.86614173228347 21.25984251968504 15.590551181102363 à
81.92125984251969 178.86614173228347 25.511811023622048 15.590551181102363 ce
94.67716535433071 178.86614173228347 42.803149606299215 15.590551181102363 qu’une
124.7244094488189 178.86614173228347 34.2992125984252 15.590551181102363 même
145.98425196850394 178.86614173228347 72.56692913385827 15.590551181102363 participation
205.79527559055117 178.86614173228347 55.55905511811024 15.590551181102363 étrangère
244.06299212598427 178.86614173228347 34.2992125984252 15.590551181102363 compte

18.141732283464567 187.37007874015748 50.74015748031496 14.456692913385826 plusieurs
53.29133858267716 187.37007874015748 42.803149606299215 14.456692913385826 lauréats.

17.858267716535433 201.25984251968504 28.913385826771652 16.15748031496063 Les
34.58267716535433 201.25984251968504 49.60629921259842 16.15748031496063 artistes
71.71653543307086 201.25984251968504 37.13385826771653 16.15748031496063 ayant
96.37795275590551 201.25984251968504 41.38582677165354 16.15748031496063 obtenu
125.29133858267717 201.25984251968504 33.16535433070866 16.15748031496063 hors
145.98425196850394 201.25984251968504 24.661417322834644 16.15748031496063 de
158.45669291338584 201.25984251968504 24.661417322834644 16.15748031496063 la
170.64566929133858 201.25984251968504 49.60629921259842 16.15748031496063 Biennale
207.7795275590551 201.25984251968504 28.913385826771652 16.15748031496063 des
220.251968503937 201.25984251968504 57.826771653543304 16.15748031496063 distinctions

17.291338582677167 210.33070866141733 60.661417322834644 17.858267716535433 nationales
64.91338582677166 210.33070866141733 26.078740157480315 17.858267716535433 ou
77.95275590551181 210.33070866141733 86.74015748031496 17.858267716535433 internationales,
151.6535433070866 210.33070866141733 26.078740157480315 17.858267716535433 ou
164.69291338582678 210.33070866141733 39.118110236220474 17.858267716535433 ayant
190.48818897637796 210.33070866141733 43.37007874015748 17.858267716535433 acquis
220.8188976377953 210.33070866141733 30.330708661417322 17.858267716535433 une
233.85826771653544 210.33070866141733 43.37007874015748 17.858267716535433 certaine

16.724409448818896 219.68503937007873 58.67716535433071 17.5748031496063 notoriété,
62.92913385826772 219.68503937007873 25.228346456692915 17.5748031496063 ne
75.68503937007874 219.68503937007873 41.95275590551181 17.5748031496063 seront
104.88188976377953 219.68503937007873 29.480314960629922 17.5748031496063 pas
121.88976377952756 219.68503937007873 41.95275590551181 17.5748031496063 exclus
151.08661417322836 219.68503937007873 25.228346456692915 17.5748031496063 de
163.84251968503938 219.68503937007873 25.228346456692915 17.5748031496063 la
176.31496062992127 219.68503937007873 67.18110236220473 17.5748031496063 compétition.
226.77165354330708 219.68503937007873 50.45669291338583 17.5748031496063 Cependant.

17.007874015748033 229.03937007874015 30.330708661417322 18.141732283464567 les
34.2992125984252 229.03937007874015 52.15748031496063 18.141732283464567 artistes
73.41732283464567 229.03937007874015 39.118110236220474 18.141732283464567 ayant
99.21259842519684 229.03937007874015 56.40944881889764 18.141732283464567 bénéficié
142.86614173228347 229.03937007874015 26.078740157480315 18.141732283464567 de
155.6220472440945 229.03937007874015 47.62204724409449 18.141732283464567 bourses
190.48818897637796 229.03937007874015 26.078740157480315 18.141732283464567 ou
203.5275590551181 229.03937007874015 26.078740157480315 18.141732283464567 de
216.56692913385828 229.03937007874015 65.19685039370079 18.141732283464567 récompenses
264.18897637795277 229.03937007874015 13.039370078740157 18.141732283464567 à

16.440944881889763 238.11023622047244 38.55118110236221 18.992125984251967 l’une
41.95275590551181 238.11023622047244 30.04724409448819 18.992125984251967 des
59.24409448818898 238.11023622047244 64.06299212598425 18.992125984251967 précédentes
110.55118110236221 238.11023622047244 55.55905511811024 18.992125984251967 Biennales
153.35433070866142 238.11023622047244 25.79527559055118 18.992125984251967 de
166.11023622047244 238.11023622047244 38.55118110236221 18.992125984251967 Paris
191.6220472440945 238.11023622047244 25.79527559055118 18.992125984251967 ne
204.66141732283464 238.11023622047244 51.30708661417323 18.992125984251967 pourront
238.6771653543307 238.11023622047244 38.55118110236221 18.992125984251967 obtenir

15.590551181102363 249.16535433070865 31.748031496062993 15.590551181102363 une
33.732283464566926 249.16535433070865 45.354330708661415 15.590551181102363 bourse
65.48031496062993 249.16535433070865 27.212598425196852 15.590551181102363 ou
79.08661417322834 249.16535433070865 63.496062992125985 15.590551181102363 récompense
128.9763779527559 249.16535433070865 36.28346456692913 15.590551181102363 dans
151.37007874015748 249.16535433070865 27.212598425196852 15.590551181102363 la
164.9763779527559 249.16535433070865 36.28346456692913 15.590551181102363 même
183.11811023622047 249.16535433070865 54.425196850393704 15.590551181102363 technique.

16.15748031496063 259.0866141732283 30.330708661417322 19.84251968503937 Les
33.44881889763779 259.0866141732283 47.62204724409449 19.84251968503937 bourses
68.03149606299213 259.0866141732283 34.58267716535433 19.84251968503937 sont
89.85826771653544 259.0866141732283 56.40944881889764 19.84251968503937 accordées
133.22834645669292 259.0866141732283 30.330708661417322 19.84251968503937 aux
150.51968503937007 259.0866141732283 52.15748031496063 19.84251968503937 lauréats
189.63779527559055 259.0866141732283 56.40944881889764 19.84251968503937 étrangers
233.00787401574803 259.0866141732283 34.58267716535433 19.84251968503937 pour
250.29921259842519 259.0866141732283 26.078740157480315 19.84251968503937 leur

16.15748031496063 271.84251968503935 53.00787401574803 15.023622047244094 permettre
56.976377952755904 271.84251968503935 24.661417322834644 15.023622047244094 de
69.16535433070867 271.84251968503935 36.8503937007874 15.023622047244094 faire
93.8267716535433 271.84251968503935 24.661417322834644 15.023622047244094 en
106.01574803149606 271.84251968503935 40.818897637795274 15.023622047244094 France
134.64566929133858 271.84251968503935 24.661417322834644 15.023622047244094 un
146.83464566929135 271.84251968503935 40.818897637795274 15.023622047244094 séjour
175.46456692913387 271.84251968503935 24.661417322834644 15.023622047244094 de
187.6535433070866 271.84251968503935 53.00787401574803 15.023622047244094 plusieurs
224.50393700787401 271.84251968503935 28.62992125984252 15.023622047244094 mois.

15.023622047244094 281.4803149606299 25.79527559055118 20.976377952755904 Ce
27.77952755905512 281.4803149606299 42.803149606299215 20.976377952755904 séjour
57.826771653543304 281.4803149606299 42.803149606299215 20.976377952755904 pourra
87.59055118110236 281.4803149606299 34.2992125984252 20.976377952755904 être
109.13385826771653 281.4803149606299 51.30708661417323 20.976377952755904 effectué
147.68503937007873 281.4803149606299 25.79527559055118 20.976377952755904 en
160.44094488188978 281.4803149606299 30.04724409448819 20.976377952755904 une
177.4488188976378 281.4803149606299 25.79527559055118 20.976377952755904 ou
190.20472440944883 281.4803149606299 55.55905511811024 20.976377952755904 plusieurs
233.00787401574803 281.4803149606299 38.55118110236221 20.976377952755904 fois.
254.5511811023622 281.4803149606299 21.25984251968504 20.976377952755904 Les

14.740157480314961 292.53543307086613 45.92125984251968 18.141732283464567 bourses
48.188976377952756 292.53543307086613 54.425196850393704 18.141732283464567 resteront
90.14173228346456 292.53543307086613 50.173228346456696 18.141732283464567 valables
127.84251968503936 292.53543307086613 45.92125984251968 18.141732283464567 jusqu’à
161.29133858267716 292.53543307086613 75.4015748031496 18.141732283464567 l’inauguration
224.2204724409449 292.53543307086613 25.228346456692915 18.141732283464567 de
236.69291338582678 292.53543307086613 25.228346456692915 18.141732283464567 la
245.1968503937008 292.53543307086613 29.19685039370079 18.141732283464567 Bien-

14.456692913385826 303.0236220472441 32.881889763779526 16.724409448818896 nale
35.1496062992126 303.0236220472441 53.574803149606296 16.724409448818896 suivante.
76.53543307086615 303.0236220472441 37.13385826771653 16.724409448818896 Etant
101.19685039370079 303.0236220472441 45.354330708661415 16.724409448818896 versées
134.07874015748033 303.0236220472441 74.26771653543307 16.724409448818896 mensuellement.
196.15748031496062 303.0236220472441 37.13385826771653 16.724409448818896 elles
220.8188976377953 303.0236220472441 49.60629921259842 16.724409448818896 seraient
253.70078740157481 303.0236220472441 20.69291338582677 16.724409448818896 ré-

14.173228346456693 310.96062992125985 40.53543307086614 18.992125984251967 duites
42.51968503937008 310.96062992125985 93.54330708661418 18.992125984251967 proportionnellement
123.8740157480315 310.96062992125985 20.409448818897637 18.992125984251967 à
131.81102362204723 310.96062992125985 24.37795275590551 18.992125984251967 la
144.0 310.96062992125985 36.56692913385827 18.992125984251967 durée
168.3779527559055 310.96062992125985 24.37795275590551 18.992125984251967 du
180.56692913385828 310.96062992125985 40.53543307086614 18.992125984251967 séjour
209.1968503937008 310.96062992125985 24.37795275590551 18.992125984251967 si
221.38582677165354 310.96062992125985 52.724409448818896 18.992125984251967 l'artiste
257.9527559055118 310.96062992125985 16.15748031496063 18.992125984251967 ne

14.173228346456693 322.5826771653543 43.93700787401575 17.5748031496063 pouvait
46.20472440944882 322.5826771653543 24.094488188976378 17.5748031496063 ou
58.110236220472444 322.5826771653543 24.094488188976378 17.5748031496063 ne
70.01574803149606 322.5826771653543 43.93700787401575 17.5748031496063 voulait
102.04724409448819 322.5826771653543 47.90551181102362 17.5748031496063 profiter
138.04724409448818 322.5826771653543 68.03149606299213 17.5748031496063 intégralement
194.17322834645668 322.5826771653543 24.094488188976378 17.5748031496063 de
206.07874015748033 322.5826771653543 24.094488188976378 17.5748031496063 la
217.98425196850394 322.5826771653543 36.0 17.5748031496063 durée
238.11023622047244 322.5826771653543 36.0 17.5748031496063 prêvue.

12.755905511811024 331.93700787401576 38.55118110236221 20.69291338582677 Après
38.267716535433074 331.93700787401576 38.55118110236221 20.69291338582677 avoir
64.06299212598425 331.93700787401576 30.04724409448819 20.69291338582677 été
81.35433070866142 331.93700787401576 55.55905511811024 20.69291338582677 acceptées
124.15748031496064 331.93700787401576 30.04724409448819 20.69291338582677 par
141.16535433070865 331.93700787401576 25.79527559055118 20.69291338582677 la
153.92125984251967 331.93700787401576 55.55905511811024 20.69291338582677 Biennale,
196.7244094488189 331.93700787401576 25.79527559055118 20.69291338582677 un
209.76377952755905 331.93700787401576 47.05511811023622 20.69291338582677 certain
239.5275590551181 331.93700787401576 34.2992125984252 20.69291338582677 nombre

13.039370078740157 344.12598425196853 27.496062992125985 18.141732283464567 de
26.64566929133858 344.12598425196853 50.45669291338583 18.141732283464567 bourses
63.496062992125985 344.12598425196853 27.496062992125985 18.141732283464567 ou
77.10236220472441 344.12598425196853 27.496062992125985 18.141732283464567 de
90.99212598425197 344.12598425196853 68.5984251968504 18.141732283464567 récompenses
145.98425196850394 344.12598425196853 54.99212598425197 18.141732283464567 offertes
187.08661417322836 344.12598425196853 32.031496062992126 18.141732283464567 par
205.51181102362204 344.12598425196853 32.031496062992126 18.141732283464567 des
219.11811023622047 344.12598425196853 54.99212598425197 18.141732283464567 organismes

12.472440944881889 351.496062992126 53.85826771653543 19.84251968503937 officiels
53.85826771653543 351.496062992126 24.944881889763778 19.84251968503937 ou
66.33070866141732 351.496062992126 41.38582677165354 19.84251968503937 privés
95.24409448818898 351.496062992126 49.60629921259842 19.84251968503937 pourront
132.66141732283464 351.496062992126 33.16535433070866 19.84251968503937 être
153.35433070866142 351.496062992126 53.85826771653543 19.84251968503937 également
190.48818897637796 351.496062992126 45.63779527559055 19.84251968503937 décernés.

12.755905511811024 365.38582677165357 28.346456692913385 18.4251968503937 Les
28.913385826771652 365.38582677165357 52.724409448818896 18.4251968503937 décisions
69.44881889763779 365.38582677165357 28.346456692913385 18.4251968503937 des
85.60629921259843 365.38582677165357 36.56692913385827 18.4251968503937 jurys
109.98425196850394 365.38582677165357 73.13385826771653 18.4251968503937 internationaux
170.9291338582677 365.38582677165357 32.59842519685039 18.4251968503937 sont
191.33858267716536 365.38582677165357 32.59842519685039 18.4251968503937 sans
207.49606299212599 365.38582677165357 40.53543307086614 18.4251968503937 recours.

12.755905511811024 377.8582677165354 28.346456692913385 19.559055118110237 Les
28.913385826771652 377.8582677165354 36.56692913385827 19.559055118110237 jurys
53.29133858267716 377.8582677165354 28.346456692913385 19.559055118110237 ont
69.44881889763779 377.8582677165354 24.37795275590551 19.559055118110237 la
81.63779527559055 377.8582677165354 44.503937007874015 19.559055118110237 faculté
114.23622047244095 377.8582677165354 24.37795275590551 19.559055118110237 de
126.4251968503937 377.8582677165354 56.69291338582677 19.559055118110237 s’abstenir
170.9291338582677 377.8582677165354 24.37795275590551 19.559055118110237 de
183.11811023622047 377.8582677165354 56.69291338582677 19.559055118110237 distribuer
227.90551181102362 377.8582677165354 28.346456692913385 19.559055118110237 les
239.81102362204723 377.8582677165354 32.59842519685039 19.559055118110237 récom-

11.05511811023622 387.7795275590551 45.92125984251968 19.275590551181104 penses
43.08661417322835 387.7795275590551 54.99212598425197 19.275590551181104 prêvues,
84.18897637795276 387.7795275590551 27.496062992125985 19.275590551181104 et
98.07874015748031 387.7795275590551 36.56692913385827 19.275590551181104 dans
121.03937007874016 387.7795275590551 27.496062992125985 19.275590551181104 ce
134.64566929133858 387.7795275590551 36.56692913385827 19.275590551181104 cas,
157.60629921259843 387.7795275590551 50.45669291338583 19.275590551181104 peuvent
194.17322834645668 387.7795275590551 54.99212598425197 19.275590551181104 proposer
235.55905511811022 387.7795275590551 32.031496062992126 19.275590551181104 que
249.16535433070865 387.7795275590551 22.96062992125984 19.275590551181104 les

10.488188976377952 397.4173228346457 44.22047244094488 19.84251968503937 sommes
41.669291338582674 397.4173228346457 48.75590551181102 19.84251968503937 rendues
77.10236220472441 397.4173228346457 39.968503937007874 19.84251968503937 ainsi
103.46456692913385 397.4173228346457 66.33070866141732 19.84251968503937 disponibles
156.75590551181102 397.4173228346457 44.22047244094488 19.84251968503937 soient
187.6535433070866 397.4173228346457 57.54330708661417 19.84251968503937 utilisées
231.8740157480315 397.4173228346457 35.43307086614173 19.84251968503937 sous
249.73228346456693 397.4173228346457 22.11023622047244 19.84251968503937 une

10.204724409448819 407.90551181102364 37.41732283464567 18.992125984251967 autre
35.1496062992126 407.90551181102364 37.41732283464567 18.992125984251967 forme
60.09448818897638 407.90551181102364 24.944881889763778 18.992125984251967 au
72.56692913385827 407.90551181102364 41.669291338582674 18.992125984251967 profit
101.76377952755905 407.90551181102364 33.16535433070866 18.992125984251967 d’un
122.45669291338582 407.90551181102364 24.944881889763778 18.992125984251967 ou
134.9291338582677 407.90551181102364 54.14173228346457 18.992125984251967 plusieurs
172.3464566929134 407.90551181102364 49.889763779527556 18.992125984251967 exposants.

242.07874015748033 645.4488188976378 20.409448818897637 13.606299212598426 15
