307.84251968503935 672.6614173228346
43.08661417322835 22.11023622047244 98.36220472440945 16.15748031496063 PHILIPPINES

59.52755905511811 109.98425196850394 76.81889763779527 21.543307086614174 Commissaire
121.03937007874016 109.98425196850394 56.40944881889764 21.543307086614174 général
161.85826771653544 109.98425196850394 25.511811023622048 21.543307086614174 :
172.3464566929134 109.98425196850394 41.10236220472441 21.543307086614174 Léon
197.85826771653544 109.98425196850394 30.614173228346456 21.543307086614174 P.
208.06299212598427 109.98425196850394 56.40944881889764 21.543307086614174 Pacunayen

56.69291338582677 122.74015748031496 41.38582677165354 16.15748031496063 Peintre.

43.08661417322835 165.54330708661416 32.881889763779526 18.141732283464567 Les
62.07874015748032 165.54330708661416 37.41732283464567 18.141732283464567 cinq
85.32283464566929 165.54330708661416 56.125984251968504 18.141732283464567 artistes
127.55905511811024 165.54330708661416 65.48031496062993 18.141732283464567 philippins
178.86614173228347 165.54330708661416 32.881889763779526 18.141732283464567 qui
197.5748031496063 165.54330708661416 70.2992125984252 18.141732283464567 participent
253.70078740157481 165.54330708661416 23.52755905511811 18.141732283464567 à
258.5196850393701 165.54330708661416 18.708661417322833 18.141732283464567 la

29.763779527559056 175.748031496063 65.76377952755905 18.708661417322833 Quatrième
80.50393700787401 175.748031496063 60.661417322834644 18.708661417322833 Biennale
125.85826771653544 175.748031496063 30.330708661417322 18.708661417322833 de
141.16535433070865 175.748031496063 45.63779527559055 18.708661417322833 Paris
171.49606299212599 175.748031496063 40.53543307086614 18.708661417322833 1965
196.7244094488189 175.748031496063 35.43307086614173 18.708661417322833 ont
216.8503937007874 175.748031496063 35.43307086614173 18.708661417322833 été
232.15748031496062 175.748031496063 45.63779527559055 18.708661417322833 choisis

30.330708661417322 187.37007874015748 41.669291338582674 18.708661417322833 parmi
58.110236220472444 187.37007874015748 32.59842519685039 18.708661417322833 nos
76.53543307086615 187.37007874015748 55.55905511811024 18.708661417322833 artistes
118.48818897637796 187.37007874015748 55.55905511811024 18.708661417322833 résidant
160.15748031496062 187.37007874015748 83.62204724409449 18.708661417322833 temporairement
229.60629921259843 187.37007874015748 27.77952755905512 18.708661417322833 en
238.96062992125985 187.37007874015748 37.13385826771653 18.708661417322833 Europe

30.330708661417322 198.14173228346456 32.031496062992126 17.5748031496063 Ils
48.47244094488189 198.14173228346456 27.496062992125985 17.5748031496063 se
62.36220472440945 198.14173228346456 36.56692913385827 17.5748031496063 sont
85.03937007874016 198.14173228346456 36.56692913385827 17.5748031496063 déjà
108.0 198.14173228346456 64.06299212598425 17.5748031496063 distingués
158.45669291338584 198.14173228346456 50.173228346456696 17.5748031496063 au-delà
195.0236220472441 198.14173228346456 32.031496062992126 17.5748031496063 des
213.16535433070865 198.14173228346456 64.06299212598425 17.5748031496063 frontières
258.8031496062992 198.14173228346456 18.4251968503937 17.5748031496063 de

29.480314960629922 208.3464566929134 46.20472440944882 17.5748031496063 notre
60.37795275590551 208.3464566929134 41.10236220472441 17.5748031496063 pays
85.88976377952756 208.3464566929134 30.89763779527559 17.5748031496063 et
101.19685039370079 208.3464566929134 36.0 17.5748031496063 ils
121.88976377952756 208.3464566929134 41.10236220472441 17.5748031496063 sont
147.4015748031496 208.3464566929134 72.0 17.5748031496063 considérés
204.09448818897638 208.3464566929134 46.20472440944882 17.5748031496063 comme
234.70866141732284 208.3464566929134 36.0 17.5748031496063 les
255.4015748031496 208.3464566929134 41.10236220472441 17.5748031496063 plus
280.9133858267717 208.3464566929134 36.0 17.5748031496063 va.

29.480314960629922 219.11811023622047 49.60629921259842 17.858267716535433 lables
64.06299212598425 219.11811023622047 84.18897637795276 17.858267716535433 représentants
133.22834645669292 219.11811023622047 29.763779527559056 17.858267716535433 de
148.251968503937 219.11811023622047 59.52755905511811 17.858267716535433 l’actuel
192.75590551181102 219.11811023622047 64.34645669291339 17.858267716535433 mouvement
237.25984251968504 219.11811023622047 39.68503937007874 17.858267716535433 artis-

28.346456692913385 230.45669291338584 44.503937007874015 13.88976377952756 tique
57.826771653543304 230.45669291338584 34.58267716535433 13.88976377952756 aux
72.56692913385827 230.45669291338584 69.16535433070867 13.88976377952756 Philippines.

41.669291338582674 244.3464566929134 39.968503937007874 17.5748031496063 Luis
66.89763779527559 244.3464566929134 54.99212598425197 17.5748031496063 Eduardo
106.86614173228347 244.3464566929134 39.968503937007874 17.5748031496063 Aute
131.81102362204723 244.3464566929134 35.1496062992126 17.5748031496063 n’a
151.93700787401573 244.3464566929134 50.173228346456696 17.5748031496063 jamais
187.08661417322836 244.3464566929134 65.19685039370079 17.5748031496063 fréquenté
232.15748031496062 244.3464566929134 45.07086614173228 17.5748031496063 d’école

28.062992125984252 255.11811023622047 47.05511811023622 15.023622047244094 d’art.
60.94488188976378 255.11811023622047 28.062992125984252 15.023622047244094 Il
75.11811023622047 255.11811023622047 47.05511811023622 15.023622047244094 désire
108.0 255.11811023622047 42.23622047244095 15.023622047244094 créer
136.06299212598427 255.11811023622047 37.41732283464567 15.023622047244094 dans
159.59055118110237 255.11811023622047 32.881889763779526 15.023622047244094 ses
178.29921259842519 255.11811023622047 47.05511811023622 15.023622047244094 œuvres
211.1811023622047 255.11811023622047 28.062992125984252 15.023622047244094 un
225.35433070866142 255.11811023622047 51.59055118110236 15.023622047244094 climat,
258.23622047244095 255.11811023622047 18.708661417322833 15.023622047244094 un

28.913385826771652 267.87401574803147 49.60629921259842 15.874015748031496 milieu,
64.91338582677166 267.87401574803147 31.46456692913386 15.874015748031496 une
83.05511811023622 267.87401574803147 58.67716535433071 15.874015748031496 sensation
128.1259842519685 267.87401574803147 54.14173228346457 15.874015748031496 visible:
168.66141732283464 267.87401574803147 40.53543307086614 15.874015748031496 c’est
195.8740157480315 267.87401574803147 45.07086614173228 15.874015748031496 l’être
227.33858267716536 267.87401574803147 45.07086614173228 15.874015748031496 humain
254.26771653543307 267.87401574803147 22.677165354330707 15.874015748031496 qui

28.346456692913385 276.09448818897636 73.7007874015748 17.5748031496063 l’intéresse,
88.15748031496064 276.09448818897636 32.31496062992126 17.5748031496063 son
106.58267716535433 276.09448818897636 46.20472440944882 17.5748031496063 corps,
138.89763779527559 276.09448818897636 32.31496062992126 17.5748031496063 son
152.78740157480314 276.09448818897636 41.38582677165354 17.5748031496063 esprit.

39.968503937007874 287.43307086614175 45.354330708661415 17.858267716535433 Tomas
70.2992125984252 287.43307086614175 70.58267716535433 17.858267716535433 Concepcion
125.5748031496063 287.43307086614175 25.228346456692915 17.858267716535433 a
135.7795275590551 287.43307086614175 40.25196850393701 17.858267716535433 déjà
161.00787401574803 287.43307086614175 65.48031496062993 17.858267716535433 participé
211.1811023622047 287.43307086614175 45.354330708661415 17.858267716535433 comme
236.40944881889763 287.43307086614175 40.25196850393701 17.858267716535433 peinte

27.77952755905512 301.6062992125984 22.96062992125984 17.007874015748033 à
36.8503937007874 301.6062992125984 27.77952755905512 17.007874015748033 la
50.74015748031496 301.6062992125984 64.62992125984252 17.007874015748033 précédente
101.48031496062993 301.6062992125984 60.09448818897638 17.007874015748033 Biennale.
147.68503937007873 301.6062992125984 46.20472440944882 17.007874015748033 Depuis
180.0 301.6062992125984 36.8503937007874 17.007874015748033 deux
202.96062992125985 301.6062992125984 36.8503937007874 17.007874015748033 ans,
226.20472440944883 301.6062992125984 22.96062992125984 17.007874015748033 à
235.2755905511811 301.6062992125984 27.77952755905512 17.007874015748033 la
244.62992125984252 301.6062992125984 32.31496062992126 17.007874015748033 suite

27.212598425196852 314.3622047244094 41.669291338582674 16.724409448818896 d’un
53.00787401574803 314.3622047244094 52.15748031496063 16.724409448818896 voyage
89.5748031496063 314.3622047244094 31.181102362204726 16.724409448818896 en
105.16535433070867 314.3622047244094 52.15748031496063 16.724409448818896 Grèce,
141.73228346456693 314.3622047244094 31.181102362204726 16.724409448818896 il
157.3228346456693 314.3622047244094 31.181102362204726 16.724409448818896 se
172.91338582677164 314.3622047244094 62.36220472440945 16.724409448818896 consacre
219.68503937007873 314.3622047244094 26.078740157480315 16.724409448818896 à
230.17322834645668 314.3622047244094 31.181102362204726 16.724409448818896 la
245.76377952755905 314.3622047244094 72.85039370078741 16.724409448818896 sculpture.

26.929133858267715 325.13385826771656 80.22047244094489 14.740157480314961 s’appliquant
92.40944881889764 325.13385826771656 25.228346456692915 14.740157480314961 à
102.33070866141732 325.13385826771656 65.19685039370079 14.740157480314961 humaniser
152.50393700787401 325.13385826771656 30.04724409448819 14.740157480314961 la
167.5275590551181 325.13385826771656 50.173228346456696 14.740157480314961 figure
202.6771653543307 325.13385826771656 35.1496062992126 14.740157480314961 par
222.8031496062992 325.13385826771656 35.1496062992126 14.740157480314961 une
242.9291338582677 325.13385826771656 75.4015748031496 14.740157480314961 intégration

25.79527559055118 335.0551181102362 81.63779527559055 17.007874015748033 rythmique
88.44094488188976 335.0551181102362 37.7007874015748 17.007874015748033 de
107.43307086614173 335.0551181102362 50.173228346456696 17.007874015748033 joie
138.61417322834646 335.0551181102362 37.7007874015748 17.007874015748033 de
157.60629921259843 335.0551181102362 56.40944881889764 17.007874015748033 vivre
195.30708661417322 335.0551181102362 37.7007874015748 17.007874015748033 et
214.01574803149606 335.0551181102362 37.7007874015748 17.007874015748033 de
232.7244094488189 335.0551181102362 87.8740157480315 17.007874015748033 mouvement.

39.40157480314961 348.37795275590554 55.84251968503937 15.590551181102363 Angelito
81.07086614173228 348.37795275590554 41.95275590551181 15.590551181102363 David
109.13385826771653 348.37795275590554 55.84251968503937 15.590551181102363 s’adonne
151.08661417322836 348.37795275590554 23.244094488188978 15.590551181102363 à
160.44094488188978 348.37795275590554 69.73228346456693 15.590551181102363 l’abstrait,
216.28346456692913 348.37795275590554 37.13385826771653 15.590551181102363 sans
234.70866141732284 348.37795275590554 41.95275590551181 15.590551181102363 parveni

26.929133858267715 359.1496062992126 49.889763779527556 13.039370078740157 encore
62.07874015748032 359.1496062992126 24.944881889763778 13.039370078740157 à
72.0 359.1496062992126 30.04724409448819 13.039370078740157 se
87.02362204724409 359.1496062992126 54.99212598425197 13.039370078740157 libérer
126.70866141732283 359.1496062992126 30.04724409448819 13.039370078740157 de
141.73228346456693 359.1496062992126 30.04724409448819 13.039370078740157 la
156.75590551181102 359.1496062992126 49.889763779527556 13.039370078740157 figure
191.6220472440945 359.1496062992126 44.78740157480315 13.039370078740157 comme
221.38582677165354 359.1496062992126 49.889763779527556 13.039370078740157 thème.
251.43307086614172 359.1496062992126 24.944881889763778 13.039370078740157 Les

27.212598425196852 372.18897637795277 55.275590551181104 11.622047244094489 couleurs
68.5984251968504 372.18897637795277 46.20472440944882 11.622047244094489 pures,
100.91338582677166 372.18897637795277 64.62992125984252 11.622047244094489 violentes,
151.6535433070866 372.18897637795277 64.62992125984252 11.622047244094489 explosives
202.39370078740157 372.18897637795277 41.38582677165354 11.622047244094489 qu’il
229.88976377952756 372.18897637795277 50.74015748031496 11.622047244094489 préfère
262.20472440944883 372.18897637795277 13.88976377952756 11.622047244094489 à

26.078740157480315 382.1102362204724 47.05511811023622 11.905511811023622 toutes
59.24409448818898 382.1102362204724 32.881889763779526 11.905511811023622 les
77.95275590551181 382.1102362204724 47.05511811023622 11.905511811023622 autres
110.83464566929133 382.1102362204724 37.7007874015748 11.905511811023622 sont
134.36220472440945 382.1102362204724 28.346456692913385 11.905511811023622 en
148.53543307086613 382.1102362204724 56.40944881889764 11.905511811023622 parfaite
190.77165354330708 382.1102362204724 56.40944881889764 11.905511811023622 harmonie
233.29133858267716 382.1102362204724 28.346456692913385 11.905511811023622 et
242.64566929133858 382.1102362204724 32.881889763779526 11.905511811023622 expi-

26.929133858267715 393.1653543307087 39.40157480314961 11.905511811023622 ment
51.30708661417323 393.1653543307087 68.88188976377953 11.905511811023622 totalement
105.44881889763779 393.1653543307087 29.480314960629922 11.905511811023622 le
120.18897637795276 393.1653543307087 64.06299212598425 11.905511811023622 caractère
169.51181102362204 393.1653543307087 29.480314960629922 11.905511811023622 du
184.251968503937 393.1653543307087 44.22047244094488 11.905511811023622 thème
208.91338582677164 393.1653543307087 44.22047244094488 11.905511811023622 traité.

39.118110236220474 404.78740157480314 61.79527559055118 15.590551181102363 Léonardo
85.60629921259843 404.78740157480314 61.79527559055118 15.590551181102363 Hidalgo,
131.81102362204723 404.78740157480314 46.488188976377955 15.590551181102363 après
162.99212598425197 404.78740157480314 46.488188976377955 15.590551181102363 avoir
193.88976377952756 404.78740157480314 61.79527559055118 15.590551181102363 séjourné
240.3779527559055 404.78740157480314 25.79527559055118 15.590551181102363 à
245.48031496062993 404.78740157480314 30.89763779527559 15.590551181102363 Rome

26.64566929133858 416.9763779527559 37.7007874015748 12.472440944881889 près
50.173228346456696 416.9763779527559 28.346456692913385 12.472440944881889 de
64.34645669291339 416.9763779527559 37.7007874015748 12.472440944881889 cinq
87.8740157480315 416.9763779527559 37.7007874015748 12.472440944881889 ans,
111.4015748031496 416.9763779527559 47.05511811023622 12.472440944881889 expose
144.28346456692913 416.9763779527559 28.346456692913385 12.472440944881889 le
158.45669291338584 416.9763779527559 42.23622047244095 12.472440944881889 fruit
186.8031496062992 416.9763779527559 32.881889763779526 12.472440944881889 des
205.51181102362204 416.9763779527559 70.58267716535433 12.472440944881889 impressions
257.38582677165357 416.9763779527559 18.708661417322833 12.472440944881889 et

25.511811023622048 429.4488188976378 34.86614173228347 10.204724409448819 des
45.63779527559055 429.4488188976378 70.01574803149606 10.204724409448819 sentiments
100.62992125984252 429.4488188976378 49.889763779527556 10.204724409448819 qu’ont
135.49606299212599 429.4488188976378 60.09448818897638 10.204724409448819 suscités
180.56692913385828 429.4488188976378 30.04724409448819 10.204724409448819 en
195.59055118110237 429.4488188976378 39.968503937007874 10.204724409448819 lui,
220.53543307086613 429.4488188976378 49.889763779527556 10.204724409448819 durant
250.58267716535434 429.4488188976378 24.944881889763778 10.204724409448819 son

26.078740157480315 437.9527559055118 44.503937007874015 13.606299212598426 séjour
57.25984251968504 437.9527559055118 22.393700787401574 13.606299212598426 à
66.33070866141732 437.9527559055118 40.25196850393701 13.606299212598426 Rome,
92.97637795275591 437.9527559055118 31.181102362204726 13.606299212598426 les
110.83464566929133 437.9527559055118 44.503937007874015 13.606299212598426 ruines
142.29921259842519 437.9527559055118 26.64566929133858 13.606299212598426 de
155.6220472440945 437.9527559055118 40.25196850393701 13.606299212598426 cette
182.26771653543307 437.9527559055118 49.039370078740156 13.606299212598426 antique
217.98425196850394 437.9527559055118 40.25196850393701 13.606299212598426 cité.
244.91338582677164 437.9527559055118 26.64566929133858 13.606299212598426 Il
253.70078740157481 437.9527559055118 22.393700787401574 13.606299212598426 est

26.362204724409448 449.8582677165354 53.85826771653543 11.622047244094489 parvenu
65.48031496062993 449.8582677165354 24.37795275590551 11.622047244094489 à
75.11811023622047 449.8582677165354 29.480314960629922 11.622047244094489 en
89.85826771653544 449.8582677165354 49.039370078740156 11.622047244094489 capter
124.15748031496064 449.8582677165354 29.480314960629922 11.622047244094489 le
138.89763779527559 449.8582677165354 39.118110236220474 11.622047244094489 vrai
163.2755905511811 449.8582677165354 68.5984251968504 11.622047244094489 caractère,
217.13385826771653 449.8582677165354 29.480314960629922 11.622047244094489 au
231.8740157480315 449.8582677165354 43.93700787401575 11.622047244094489 moyen
256.251968503937 449.8582677165354 19.559055118110237 11.622047244094489 de

26.078740157480315 460.62992125984255 56.40944881889764 11.338582677165354 couleurs
68.5984251968504 460.62992125984255 47.05511811023622 11.338582677165354 fines,
101.48031496062993 460.62992125984255 56.40944881889764 11.338582677165354 légères,
143.71653543307087 460.62992125984255 47.05511811023622 11.338582677165354 douces
176.5984251968504 460.62992125984255 28.346456692913385 11.338582677165354 et
186.23622047244095 460.62992125984255 65.76377952755905 11.338582677165354 tranquilles.

183.4015748031496 622.488188976378 38.83464566929134 16.440944881889763 Léon
207.49606299212599 622.488188976378 29.19685039370079 16.440944881889763 P.
217.41732283464566 622.488188976378 58.110236220472444 16.440944881889763 Pacunayen.
