334.7716535433071 659.0551181102362
31.181102362204726 37.7007874015748 28.346456692913385 18.4251968503937 la
45.354330708661415 37.7007874015748 37.7007874015748 18.4251968503937 IIle
69.16535433070867 37.7007874015748 56.69291338582677 18.4251968503937 Biennale
111.68503937007874 37.7007874015748 37.7007874015748 18.4251968503937 dans
135.21259842519686 37.7007874015748 33.16535433070866 18.4251968503937 les
154.20472440944883 37.7007874015748 66.33070866141732 18.4251968503937 différents
206.36220472440945 37.7007874015748 56.69291338582677 18.4251968503937 domaines
248.88188976377953 37.7007874015748 33.16535433070866 18.4251968503937 des
263.0551181102362 37.7007874015748 28.346456692913385 18.4251968503937 arts

31.748031496062993 50.74015748031496 76.25196850393701 15.590551181102363 Plastiques,
92.97637795275591 50.74015748031496 76.25196850393701 15.590551181102363 composition
153.92125984251967 50.74015748031496 66.04724409448819 15.590551181102363 musicale,
204.9448818897638 50.74015748031496 45.92125984251968 15.590551181102363 films
235.2755905511811 50.74015748031496 35.71653543307087 15.590551181102363 sur
250.58267716535434 50.74015748031496 40.818897637795274 15.590551181102363 l’art.

30.89763779527559 62.92913385826772 71.71653543307086 13.606299212598426 spectacles
87.02362204724409 62.92913385826772 76.81889763779527 13.606299212598426 dramatiques
148.53543307086613 62.92913385826772 30.614173228346456 13.606299212598426 et
163.84251968503938 62.92913385826772 102.33070866141732 13.606299212598426 chorégraphiques,
250.86614173228347 62.92913385826772 30.614173228346456 13.606299212598426 le
261.07086614173227 62.92913385826772 30.614173228346456 13.606299212598426 tout

30.89763779527559 72.85039370078741 75.11811023622047 14.456692913385826 constituant
90.99212598425197 72.85039370078741 35.1496062992126 14.456692913385826 une
111.11811023622047 72.85039370078741 85.03937007874016 14.456692913385826 manifestation
181.13385826771653 72.85039370078741 39.968503937007874 14.456692913385826 dite
211.1811023622047 72.85039370078741 64.91338582677166 14.456692913385826 Quinzaine
261.07086614173227 72.85039370078741 30.04724409448819 14.456692913385826 de
270.99212598425197 72.85039370078741 20.125984251968504 14.456692913385826 la

32.031496062992126 82.77165354330708 58.67716535433071 15.874015748031496 Biennale
81.07086614173228 82.77165354330708 34.2992125984252 15.874015748031496 qui
100.62992125984252 82.77165354330708 34.2992125984252 15.874015748031496 fut
120.18897637795276 82.77165354330708 63.77952755905512 15.874015748031496 présentée
169.22834645669292 82.77165354330708 29.480314960629922 15.874015748031496 au
183.96850393700788 82.77165354330708 44.22047244094488 15.874015748031496 cours
213.16535433070865 82.77165354330708 29.480314960629922 15.874015748031496 de
227.90551181102362 82.77165354330708 53.85826771653543 15.874015748031496 l’année
262.20472440944883 82.77165354330708 29.480314960629922 15.874015748031496 1964

30.614173228346456 93.25984251968504 30.614173228346456 17.007874015748033 au
45.92125984251968 93.25984251968504 51.023622047244096 17.007874015748033 Palais
81.63779527559055 93.25984251968504 30.614173228346456 17.007874015748033 de
96.94488188976378 93.25984251968504 30.614173228346456 17.007874015748033 la
112.53543307086615 93.25984251968504 87.02362204724409 17.007874015748033 Méditerrannée
183.96850393700788 93.25984251968504 25.511811023622048 17.007874015748033 à
194.17322834645668 93.25984251968504 45.92125984251968 17.007874015748033 Nice,
224.78740157480314 93.25984251968504 30.614173228346456 17.007874015748033 au
240.3779527559055 93.25984251968504 51.023622047244096 17.007874015748033 Casino
270.99212598425197 93.25984251968504 20.409448818897637 17.007874015748033 de

31.46456692913386 106.01574803149606 129.82677165354332 13.88976377952756 Charbonnières-les-Bains
147.11811023622047 106.01574803149606 38.55118110236221 13.88976377952756 qui,
170.9291338582677 106.01574803149606 38.55118110236221 13.88976377952756 tout
195.0236220472441 106.01574803149606 28.913385826771652 13.88976377952756 de
209.48031496062993 106.01574803149606 43.37007874015748 13.88976377952756 suite
238.39370078740157 106.01574803149606 43.37007874015748 13.88976377952756 après
262.48818897637796 106.01574803149606 28.913385826771652 13.88976377952756 Nice

31.181102362204726 113.95275590551181 24.661417322834644 15.874015748031496 a
40.818897637795274 113.95275590551181 53.85826771653543 15.874015748031496 soutenu
80.22047244094489 113.95275590551181 44.22047244094488 15.874015748031496 notre
109.7007874015748 113.95275590551181 53.85826771653543 15.874015748031496 effort,
148.8188976377953 113.95275590551181 44.22047244094488 15.874015748031496 ainsi
178.29921259842519 113.95275590551181 39.118110236220474 15.874015748031496 qu’à
202.6771653543307 113.95275590551181 53.85826771653543 15.874015748031496 Annecy.
242.07874015748033 113.95275590551181 29.480314960629922 15.874015748031496 Le
252.0 113.95275590551181 39.118110236220474 15.874015748031496 Havre.

31.46456692913386 127.84251968503936 54.14173228346457 15.874015748031496 Dieppe
69.16535433070867 127.84251968503936 32.31496062992126 15.874015748031496 et
80.22047244094489 127.84251968503936 43.37007874015748 15.874015748031496 Mâcon.

43.08661417322835 138.61417322834646 32.31496062992126 17.007874015748033 Le
59.24409448818898 138.61417322834646 53.85826771653543 17.007874015748033 succès
96.94488188976378 138.61417322834646 32.31496062992126 17.007874015748033 de
113.10236220472441 138.61417322834646 48.47244094488189 17.007874015748033 cette
145.41732283464566 138.61417322834646 64.62992125984252 17.007874015748033 première
194.17322834645668 138.61417322834646 75.4015748031496 17.007874015748033 expérience
253.41732283464566 138.61417322834646 43.08661417322835 17.007874015748033 nous
274.96062992125985 138.61417322834646 16.15748031496063 17.007874015748033 a

30.89763779527559 151.37007874015748 70.01574803149606 13.606299212598426 encouragés
86.1732283464567 151.37007874015748 24.944881889763778 13.606299212598426 à
96.09448818897638 151.37007874015748 70.01574803149606 13.606299212598426 développer
151.08661417322836 151.37007874015748 45.07086614173228 13.606299212598426 cette
181.13385826771653 151.37007874015748 85.03937007874016 13.606299212598426 collaboration
251.43307086614172 151.37007874015748 35.1496062992126 13.606299212598426 et,
266.45669291338584 151.37007874015748 24.944881889763778 13.606299212598426 en-

30.89763779527559 161.85826771653544 41.669291338582674 13.88976377952756 core
56.976377952755904 161.85826771653544 36.56692913385827 13.88976377952756 une
77.66929133858268 161.85826771653544 47.05511811023622 13.88976377952756 fois,
109.13385826771653 161.85826771653544 31.181102362204726 13.88976377952756 la
124.7244094488189 161.85826771653544 47.05511811023622 13.88976377952756 bonne
155.90551181102362 161.85826771653544 57.25984251968504 13.88976377952756 volonté
197.85826771653544 161.85826771653544 36.56692913385827 13.88976377952756 des
218.5511811023622 161.85826771653544 73.13385826771653 13.88976377952756 Directeurs
270.70866141732284 161.85826771653544 20.976377952755904 13.88976377952756 de

30.89763779527559 174.04724409448818 58.39370078740158 12.472440944881889 Casinos
73.41732283464567 174.04724409448818 42.51968503937008 12.472440944881889 nous
100.06299212598425 174.04724409448818 26.64566929133858 12.472440944881889 a
110.83464566929133 174.04724409448818 58.39370078740158 12.472440944881889 permis,
153.35433070866142 174.04724409448818 42.51968503937008 12.472440944881889 dans
180.0 174.04724409448818 37.13385826771653 12.472440944881889 les
201.25984251968504 174.04724409448818 63.77952755905512 12.472440944881889 premiers
249.16535433070865 174.04724409448818 42.51968503937008 12.472440944881889 mois
270.4251968503937 174.04724409448818 21.25984251968504 12.472440944881889 de

30.89763779527559 184.251968503937 45.07086614173228 12.472440944881889 cette
60.94488188976378 184.251968503937 50.173228346456696 12.472440944881889 année,
96.09448818897638 184.251968503937 30.04724409448819 12.472440944881889 de
111.11811023622047 184.251968503937 45.07086614173228 12.472440944881889 faire
141.16535433070865 184.251968503937 30.04724409448819 12.472440944881889 un
156.18897637795277 184.251968503937 45.07086614173228 12.472440944881889 choix
186.51968503937007 184.251968503937 39.968503937007874 12.472440944881889 dans
211.46456692913387 184.251968503937 35.1496062992126 12.472440944881889 des
226.48818897637796 184.251968503937 65.19685039370079 12.472440944881889 expositions

30.89763779527559 194.17322834645668 74.26771653543307 15.023622047244094 organisées
89.29133858267717 194.17322834645668 31.748031496062993 15.023622047244094 et
105.16535433070867 194.17322834645668 37.13385826771653 15.023622047244094 des
126.4251968503937 194.17322834645668 74.26771653543307 15.023622047244094 spectacles
184.8188976377953 194.17322834645668 68.88188976377953 15.023622047244094 présentés
238.11023622047244 194.17322834645668 37.13385826771653 15.023622047244094 par
259.37007874015745 194.17322834645668 37.13385826771653 15.023622047244094 eux
275.244094488189 194.17322834645668 15.874015748031496 15.023622047244094 à

31.748031496062993 205.22834645669292 45.07086614173228 13.32283464566929 notre
61.79527559055118 205.22834645669292 70.01574803149606 13.32283464566929 intention,
116.78740157480316 205.22834645669292 39.968503937007874 13.32283464566929 pour
142.01574803149606 205.22834645669292 49.889763779527556 13.32283464566929 tenter
176.88188976377953 205.22834645669292 35.1496062992126 13.32283464566929 d’y
197.00787401574803 205.22834645669292 64.91338582677166 13.32283464566929 découvrir
242.07874015748033 205.22834645669292 49.889763779527556 13.32283464566929 quelques

31.181102362204726 216.8503937007874 58.960629921259844 12.188976377952756 artistes
75.4015748031496 216.8503937007874 58.960629921259844 12.188976377952756 nouveaux
119.62204724409449 216.8503937007874 29.480314960629922 12.188976377952756 et
134.36220472440945 216.8503937007874 34.2992125984252 12.188976377952756 les
153.92125984251967 216.8503937007874 54.14173228346457 12.188976377952756 inviter
193.3228346456693 216.8503937007874 39.40157480314961 12.188976377952756 dans
217.98425196850394 216.8503937007874 44.22047244094488 12.188976377952756 notre
242.64566929133858 216.8503937007874 49.039370078740156 12.188976377952756 actuelle

30.89763779527559 228.4724409448819 99.49606299212599 11.622047244094489 manifestation.
113.95275590551181 228.4724409448819 33.16535433070866 11.622047244094489 Ce
130.6771653543307 228.4724409448819 38.83464566929134 11.622047244094489 fut
152.78740157480314 228.4724409448819 33.16535433070866 11.622047244094489 le
169.51181102362204 228.4724409448819 38.83464566929134 11.622047244094489 cas
191.6220472440945 228.4724409448819 33.16535433070866 11.622047244094489 de
202.6771653543307 228.4724409448819 88.44094488188976 11.622047244094489 Charbonnières,

31.748031496062993 238.39370078740157 68.5984251968504 12.472440944881889 Deauville,
85.60629921259843 238.39370078740157 29.480314960629922 12.472440944881889 La
100.06299212598425 238.39370078740157 49.039370078740156 12.472440944881889 Baule,
134.36220472440945 238.39370078740157 39.118110236220474 12.472440944881889 Nice
159.0236220472441 238.39370078740157 29.480314960629922 12.472440944881889 et
168.66141732283464 238.39370078740157 68.5984251968504 12.472440944881889 Niederbronn.

43.93700787401575 252.56692913385828 49.32283464566929 11.905511811023622 Enfin,
78.51968503937007 252.56692913385828 54.425196850393704 11.905511811023622 Jacques
117.92125984251969 252.56692913385828 69.16535433070867 11.905511811023622 Lassaigne,
172.3464566929134 252.56692913385828 29.763779527559056 11.905511811023622 en
187.08661417322836 252.56692913385828 54.425196850393704 11.905511811023622 prenant
226.48818897637796 252.56692913385828 29.763779527559056 11.905511811023622 la
236.40944881889763 252.56692913385828 54.425196850393704 11.905511811023622 responsa-

32.031496062992126 262.48818897637796 48.188976377952756 12.188976377952756 bilité
65.76377952755905 262.48818897637796 28.913385826771652 12.188976377952756 de
80.22047244094489 262.48818897637796 28.913385826771652 12.188976377952756 la
94.67716535433071 262.48818897637796 53.00787401574803 12.188976377952756 section
133.22834645669292 262.48818897637796 67.46456692913385 12.188976377952756 française,
185.95275590551182 262.48818897637796 24.094488188976378 12.188976377952756 a
195.59055118110237 262.48818897637796 43.37007874015748 12.188976377952756 porté
224.50393700787401 262.48818897637796 67.46456692913385 12.188976377952756 témoignage
272.6929133858268 262.48818897637796 19.275590551181104 12.188976377952756 de

32.031496062992126 272.9763779527559 42.51968503937008 12.472440944881889 notre
60.37795275590551 272.9763779527559 51.874015748031496 12.472440944881889 volonté
98.07874015748031 272.9763779527559 80.22047244094489 12.472440944881889 d’éclectisme,
164.40944881889763 272.9763779527559 28.346456692913385 12.472440944881889 ce
178.29921259842519 272.9763779527559 33.16535433070866 12.472440944881889 qui
197.29133858267716 272.9763779527559 56.69291338582677 12.472440944881889 n'exclut
239.81102362204723 272.9763779527559 33.16535433070866 12.472440944881889 pas
253.98425196850394 272.9763779527559 37.7007874015748 12.472440944881889 l’idée

31.46456692913386 286.01574803149606 26.929133858267715 9.921259842519685 du
45.07086614173228 286.01574803149606 44.78740157480315 9.921259842519685 choix.
76.25196850393701 286.01574803149606 26.929133858267715 9.921259842519685 En
89.85826771653544 286.01574803149606 44.78740157480315 9.921259842519685 outre,
121.03937007874016 286.01574803149606 26.929133858267715 9.921259842519685 il
134.64566929133858 286.01574803149606 22.393700787401574 9.921259842519685 a
143.43307086614172 286.01574803149606 44.78740157480315 9.921259842519685 établi
174.89763779527559 286.01574803149606 35.71653543307087 9.921259842519685 pour
197.29133858267716 286.01574803149606 76.25196850393701 9.921259842519685 l’Association
255.68503937007873 286.01574803149606 35.71653543307087 9.921259842519685 Inter-

31.748031496062993 295.65354330708664 59.24409448818898 11.338582677165354 nationale
77.38582677165354 295.65354330708664 32.031496062992126 11.338582677165354 des
95.5275590551181 295.65354330708664 59.24409448818898 11.338582677165354 Critiques
141.16535433070865 295.65354330708664 45.63779527559055 11.338582677165354 d’Art,
172.91338582677164 295.65354330708664 32.031496062992126 11.338582677165354 qui
191.0551181102362 295.65354330708664 41.10236220472441 11.338582677165354 tient
218.5511811023622 295.65354330708664 22.677165354330707 11.338582677165354 à
227.6220472440945 295.65354330708664 41.10236220472441 11.338582677165354 Paris
254.83464566929135 295.65354330708664 22.677165354330707 11.338582677165354 à
259.65354330708664 295.65354330708664 32.031496062992126 11.338582677165354 cette

30.330708661417322 305.8582677165354 55.55905511811024 12.755905511811024 époque
69.44881889763779 305.8582677165354 38.83464566929134 12.755905511811024 son
91.55905511811024 305.8582677165354 72.28346456692914 12.755905511811024 Assemblée
147.11811023622047 305.8582677165354 72.28346456692914 12.755905511811024 Générale,
202.6771653543307 305.8582677165354 33.44881889763779 12.755905511811024 un
219.11811023622047 305.8582677165354 72.28346456692914 12.755905511811024 programme
269.29133858267716 305.8582677165354 22.11023622047244 12.755905511811024 de

30.89763779527559 317.1968503937008 90.4251968503937 13.606299212598426 manifestations
106.2992125984252 317.1968503937008 30.04724409448819 13.606299212598426 et
121.32283464566929 317.1968503937008 30.04724409448819 13.606299212598426 de
136.3464566929134 317.1968503937008 75.4015748031496 13.606299212598426 discussions
196.7244094488189 317.1968503937008 40.25196850393701 13.606299212598426 dont
216.56692913385828 317.1968503937008 75.4015748031496 13.606299212598426 bénéficieront

31.181102362204726 327.11811023622045 36.28346456692913 14.740157480314961 nos
46.488188976377955 327.11811023622045 62.07874015748032 14.740157480314961 exposants.

43.93700787401575 341.29133858267716 32.881889763779526 11.622047244094489 Par
62.645669291338585 341.29133858267716 32.881889763779526 11.622047244094489 cet
81.35433070866142 341.29133858267716 56.125984251968504 11.622047244094489 ensemble
123.30708661417323 341.29133858267716 28.062992125984252 11.622047244094489 de
137.48031496062993 341.29133858267716 60.94488188976378 11.622047244094489 résultats
184.251968503937 341.29133858267716 60.94488188976378 11.622047244094489 positifs,
231.0236220472441 341.29133858267716 37.41732283464567 11.622047244094489 nous
249.73228346456693 341.29133858267716 42.23622047244095 11.622047244094489 croyons

30.614173228346456 352.06299212598424 45.07086614173228 13.039370078740157 avoir
60.661417322834644 352.06299212598424 55.275590551181104 13.039370078740157 atteint
100.91338582677166 352.06299212598424 30.04724409448819 13.039370078740157 un
115.93700787401575 352.06299212598424 85.32283464566929 13.039370078740157 développement
186.23622047244095 352.06299212598424 24.944881889763778 13.039370078740157 à
196.15748031496062 352.06299212598424 50.173228346456696 13.039370078740157 partir
231.30708661417322 352.06299212598424 50.173228346456696 13.039370078740157 duquel
261.3543307086614 352.06299212598424 30.04724409448819 13.039370078740157 nous

30.89763779527559 362.8346456692913 58.39370078740158 13.32283464566929 pensons
73.41732283464567 362.8346456692913 37.13385826771653 13.32283464566929 que
94.67716535433071 362.8346456692913 47.62204724409449 13.32283464566929 notre
126.4251968503937 362.8346456692913 53.00787401574803 13.32283464566929 action
163.55905511811022 362.8346456692913 47.62204724409449 13.32283464566929 n’est
195.30708661417322 362.8346456692913 42.51968503937008 13.32283464566929 plus
221.66929133858267 362.8346456692913 58.39370078740158 13.32283464566929 limitée
264.18897637795277 362.8346456692913 26.362204724409448 13.32283464566929 à
269.29133858267716 362.8346456692913 21.25984251968504 13.32283464566929 un

30.330708661417322 372.18897637795277 42.51968503937008 13.606299212598426 mois
56.976377952755904 372.18897637795277 32.031496062992126 13.606299212598426 de
72.85039370078741 372.18897637795277 85.03937007874016 13.606299212598426 présentation
142.01574803149606 372.18897637795277 32.031496062992126 13.606299212598426 et
158.17322834645668 372.18897637795277 32.031496062992126 13.606299212598426 de
174.04724409448818 372.18897637795277 58.39370078740158 13.606299212598426 débats,
216.56692913385828 372.18897637795277 32.031496062992126 13.606299212598426 si
227.33858267716536 372.18897637795277 63.77952755905512 13.606299212598426 passionnés

30.614173228346456 383.81102362204723 73.7007874015748 12.188976377952756 soient-ils,
89.5748031496063 383.81102362204723 39.40157480314961 12.188976377952756 mais
114.23622047244095 383.81102362204723 39.40157480314961 12.188976377952756 tend
138.89763779527559 383.81102362204723 24.661417322834644 12.188976377952756 à
148.53543307086613 383.81102362204723 54.14173228346457 12.188976377952756 devenir
187.93700787401573 383.81102362204723 73.7007874015748 12.188976377952756 permanente,
247.1811023622047 383.81102362204723 39.40157480314961 12.188976377952756 sous
266.74015748031496 383.81102362204723 24.661417322834644 12.188976377952756 des

30.614173228346456 396.0 53.00787401574803 12.472440944881889 aspects
69.16535433070867 396.0 53.00787401574803 12.472440944881889 variés,
107.71653543307086 396.0 38.55118110236221 12.472440944881889 pour
131.81102362204723 396.0 67.46456692913385 12.472440944881889 entretenir
184.53543307086613 396.0 28.913385826771652 12.472440944881889 un
198.99212598425197 396.0 48.188976377952756 12.472440944881889 climat
232.7244094488189 396.0 28.913385826771652 12.472440944881889 de
242.36220472440945 396.0 48.188976377952756 12.472440944881889 création

30.89763779527559 406.48818897637796 28.346456692913385 11.622047244094489 et
45.07086614173228 406.48818897637796 28.346456692913385 11.622047244094489 de
59.24409448818898 406.48818897637796 61.511811023622045 11.622047244094489 curiosité
106.58267716535433 406.48818897637796 61.511811023622045 11.622047244094489 fécondes,
153.92125984251967 406.48818897637796 37.7007874015748 11.622047244094489 tout
177.4488188976378 406.48818897637796 28.346456692913385 11.622047244094489 en
191.6220472440945 406.48818897637796 56.69291338582677 11.622047244094489 laissant
234.14173228346456 406.48818897637796 23.52755905511811 11.622047244094489 à
243.49606299212599 406.48818897637796 47.338582677165356 11.622047244094489 chacun
271.84251968503935 406.48818897637796 18.992125984251967 11.622047244094489 la

31.181102362204726 417.8267716535433 37.13385826771653 12.472440944881889 plus
54.425196850393704 417.8267716535433 46.488188976377955 12.472440944881889 grande
86.74015748031496 417.8267716535433 51.023622047244096 12.472440944881889 liberté
124.15748031496064 417.8267716535433 37.13385826771653 12.472440944881889 dans
147.4015748031496 417.8267716535433 55.84251968503937 12.472440944881889 l’action
189.0708661417323 417.8267716535433 27.77952755905512 12.472440944881889 et
203.24409448818898 417.8267716535433 27.77952755905512 12.472440944881889 le
212.5984251968504 417.8267716535433 51.023622047244096 12.472440944881889 jugement.

191.6220472440945 439.93700787401576 63.77952755905512 17.5748031496063 Raymond
232.15748031496062 439.93700787401576 57.826771653543304 17.5748031496063 Cogniat.
