307.84251968503935 672.6614173228346
20.409448818897637 20.125984251968504 74.83464566929133 16.440944881889763 LES
72.85039370078741 20.125984251968504 74.83464566929133 16.440944881889763 JEUNES
117.63779527559055 20.125984251968504 104.88188976377953 16.440944881889763 ARTISTES

20.69291338582677 33.732283464566926 63.496062992125985 18.4251968503937 ONT
58.67716535433071 33.732283464566926 75.96850393700787 18.4251968503937 RETENU

62.645669291338585 125.29133858267717 24.944881889763778 18.4251968503937 Un
75.11811023622047 125.29133858267717 33.16535433070866 18.4251968503937 jury
96.09448818897638 125.29133858267717 45.63779527559055 18.4251968503937 composé
129.25984251968504 125.29133858267717 24.944881889763778 18.4251968503937 de
141.73228346456693 125.29133858267717 37.41732283464567 18.4251968503937 douze
166.6771653543307 125.29133858267717 49.889763779527556 18.4251968503937 artistes
204.09448818897638 125.29133858267717 24.944881889763778 18.4251968503937 de
216.56692913385828 125.29133858267717 37.41732283464567 18.4251968503937 moins
241.79527559055117 125.29133858267717 24.944881889763778 18.4251968503937 de
254.26771653543307 125.29133858267717 24.944881889763778 18.4251968503937 35
262.48818897637796 125.29133858267717 24.944881889763778 18.4251968503937 ans:

62.07874015748032 136.91338582677164 39.118110236220474 14.456692913385826 bMM.
86.45669291338582 136.91338582677164 53.85826771653543 14.456692913385826 Bernard
125.5748031496063 136.91338582677164 63.496062992125985 14.456692913385826 Alleaume.
174.61417322834646 136.91338582677164 53.85826771653543 14.456692913385826 Eduardo
213.73228346456693 136.91338582677164 53.85826771653543 14.456692913385826 Arroyo.
248.03149606299212 136.91338582677164 39.118110236220474 14.456692913385826 Claude

61.511811023622045 146.83464566929135 62.36220472440945 15.307086614173228 Beaujour.
109.7007874015748 146.83464566929135 48.188976377952756 15.307086614173228 Pierre
143.1496062992126 146.83464566929135 67.18110236220473 15.307086614173228 Blanchard.
196.15748031496062 146.83464566929135 38.55118110236221 15.307086614173228 Jean
220.251968503937 146.83464566929135 53.00787401574803 15.307086614173228 Criton,
253.70078740157481 146.83464566929135 33.732283464566926 15.307086614173228 Alain

61.79527559055118 155.6220472440945 51.59055118110236 14.173228346456693 Dufour.
99.49606299212599 155.6220472440945 32.881889763779526 14.173228346456693 Guy
118.20472440944881 155.6220472440945 56.40944881889764 14.173228346456693 Fossier.
160.44094488188978 155.6220472440945 37.41732283464567 14.173228346456693 Mlle
183.96850393700788 155.6220472440945 56.40944881889764 14.173228346456693 Caroline
226.20472440944883 155.6220472440945 37.41732283464567 14.173228346456693 Lee.
249.73228346456693 155.6220472440945 32.881889763779526 14.173228346456693 Mme
263.62204724409446 155.6220472440945 23.52755905511811 14.173228346456693 De-

61.22834645669291 164.69291338582678 86.74015748031496 17.007874015748033 lisle-Mollien,
133.51181102362204 164.69291338582678 33.732283464566926 17.007874015748033 MM.
152.78740157480314 164.69291338582678 67.46456692913385 17.007874015748033 Pierre-Guy
205.79527559055117 164.69291338582678 57.826771653543304 17.007874015748033 Moreels,
244.3464566929134 164.69291338582678 43.37007874015748 17.007874015748033 Richard

61.511811023622045 175.1811023622047 66.04724409448819 13.88976377952756 Prudhomme.
113.38582677165354 175.1811023622047 47.05511811023622 13.88976377952756 Michel
146.26771653543307 175.1811023622047 56.40944881889764 13.88976377952756 Vionnet,
188.78740157480314 175.1811023622047 75.4015748031496 13.88976377952756 représentant
245.1968503937008 175.1811023622047 42.51968503937008 13.88976377952756 l’Ecole

61.511811023622045 185.10236220472441 53.574803149606296 14.740157480314961 Nationale
102.89763779527559 185.10236220472441 57.54330708661417 14.740157480314961 Supérieure
147.96850393700788 185.10236220472441 28.913385826771652 14.740157480314961 des
164.40944881889763 185.10236220472441 61.79527559055118 14.740157480314961 Beaux-Arts,
214.01574803149606 185.10236220472441 45.354330708661415 14.740157480314961 l’Ecole
242.64566929133858 185.10236220472441 45.354330708661415 14.740157480314961 Nationale

61.22834645669291 195.30708661417322 27.77952755905512 13.039370078740157 des
77.10236220472441 195.30708661417322 31.748031496062993 13.039370078740157 Arts
96.94488188976378 195.30708661417322 59.811023622047244 13.039370078740157 Décoratifs,
144.8503937007874 195.30708661417322 27.77952755905512 13.039370078740157 les
160.7244094488189 195.30708661417322 39.68503937007874 13.039370078740157 salons
188.50393700787401 195.30708661417322 23.811023622047244 13.039370078740157 de
200.40944881889763 195.30708661417322 23.811023622047244 13.039370078740157 la
212.31496062992127 195.30708661417322 35.71653543307087 13.039370078740157 Jeune
236.40944881889763 195.30708661417322 51.59055118110236 13.039370078740157 Peinture,
272.12598425196853 195.30708661417322 15.874015748031496 13.039370078740157 de

61.511811023622045 203.81102362204723 25.228346456692915 14.740157480314961 la
74.26771653543307 203.81102362204723 37.7007874015748 14.740157480314961 Jeune
99.21259842519684 203.81102362204723 58.67716535433071 14.740157480314961 Sculpture,
145.41732283464566 203.81102362204723 25.228346456692915 14.740157480314961 de
158.17322834645668 203.81102362204723 25.228346456692915 14.740157480314961 la
170.64566929133858 203.81102362204723 37.7007874015748 14.740157480314961 Jeune
195.8740157480315 203.81102362204723 50.45669291338583 14.740157480314961 Gravure,
233.5748031496063 203.81102362204723 29.480314960629922 14.740157480314961 des
246.33070866141733 203.81102362204723 41.95275590551181 14.740157480314961 Réalités

61.79527559055118 213.73228346456693 51.59055118110236 12.472440944881889 Nouvelles
101.48031496062993 213.73228346456693 23.811023622047244 12.472440944881889 et
113.38582677165354 213.73228346456693 27.77952755905512 12.472440944881889 les
129.25984251968504 213.73228346456693 51.59055118110236 12.472440944881889 exposants
168.9448818897638 213.73228346456693 23.811023622047244 12.472440944881889 de
180.8503937007874 213.73228346456693 23.811023622047244 12.472440944881889 la
192.75590551181102 213.73228346456693 43.653543307086615 12.472440944881889 section
224.50393700787401 213.73228346456693 51.59055118110236 12.472440944881889 française
264.18897637795277 213.73228346456693 23.811023622047244 12.472440944881889 de
272.12598425196853 213.73228346456693 15.874015748031496 12.472440944881889 la

60.94488188976378 225.0708661417323 58.960629921259844 12.472440944881889 précédente
107.43307086614173 225.0708661417323 54.70866141732284 12.472440944881889 Biennale,
149.38582677165354 225.0708661417323 20.976377952755904 12.472440944881889 a
157.88976377952756 225.0708661417323 42.23622047244095 12.472440944881889 retenu
187.37007874015748 225.0708661417323 29.480314960629922 12.472440944881889 les
204.3779527559055 225.0708661417323 42.23622047244095 12.472440944881889 œuvres
233.85826771653544 225.0708661417323 29.480314960629922 12.472440944881889 des
246.33070866141733 225.0708661417323 42.23622047244095 12.472440944881889 artistes

60.661417322834644 233.00787401574803 51.30708661417323 11.05511811023622 suivants
94.96062992125984 233.00787401574803 12.755905511811024 11.05511811023622 :

61.22834645669291 256.53543307086613 34.2992125984252 13.32283464566929 Nous
82.77165354330708 256.53543307086613 43.08661417322835 13.32283464566929 avions
112.81889763779527 256.53543307086613 47.338582677165356 13.32283464566929 demandé
147.11811023622047 256.53543307086613 21.543307086614174 13.32283464566929 à
155.6220472440945 256.53543307086613 25.79527559055118 13.32283464566929 J.
168.66141732283464 256.53543307086613 25.79527559055118 13.32283464566929 C.
181.41732283464566 256.53543307086613 47.338582677165356 13.32283464566929 Aujame.
215.71653543307087 256.53543307086613 25.79527559055118 13.32283464566929 si
224.50393700787401 256.53543307086613 64.34645669291339 13.32283464566929 prématurément

60.661417322834644 266.45669291338584 49.039370078740156 12.755905511811024 disparu,
97.22834645669292 266.45669291338584 24.37795275590551 12.755905511811024 de
109.41732283464567 266.45669291338584 49.039370078740156 12.755905511811024 présider
146.26771653543307 266.45669291338584 24.37795275590551 12.755905511811024 ce
158.45669291338584 266.45669291338584 32.59842519685039 12.755905511811024 jury
178.86614173228347 266.45669291338584 32.59842519685039 12.755905511811024 sans
199.2755905511811 266.45669291338584 44.78740157480315 12.755905511811024 prendre
231.8740157480315 266.45669291338584 32.59842519685039 12.755905511811024 part
252.28346456692913 266.45669291338584 24.37795275590551 12.755905511811024 au
260.2204724409449 266.45669291338584 28.62992125984252 12.755905511811024 vote;

60.661417322834644 277.79527559055117 23.52755905511811 12.188976377952756 et
72.56692913385827 277.79527559055117 35.43307086614173 12.188976377952756 c’est
96.09448818897638 277.79527559055117 31.46456692913386 12.188976377952756 avec
115.65354330708661 277.79527559055117 19.559055118110237 12.188976377952756 à
123.59055118110236 277.79527559055117 23.52755905511811 12.188976377952756 la
135.21259842519686 277.79527559055117 31.46456692913386 12.188976377952756 fois
155.0551181102362 277.79527559055117 27.496062992125985 12.188976377952756 une
170.64566929133858 277.79527559055117 70.58267716535433 12.188976377952756 compréhension,
229.60629921259843 277.79527559055117 27.496062992125985 12.188976377952756 une
241.51181102362204 277.79527559055117 47.05511811023622 12.188976377952756 libéralité

60.37795275590551 286.86614173228344 25.79527559055118 11.905511811023622 et
73.13385826771653 286.86614173228344 30.04724409448819 11.905511811023622 une
90.4251968503937 286.86614173228344 47.338582677165356 11.905511811023622 rigueur
125.00787401574803 286.86614173228344 47.338582677165356 11.905511811023622 extrême
159.59055118110237 286.86614173228344 30.04724409448819 11.905511811023622 que
176.88188976377953 286.86614173228344 38.83464566929134 11.905511811023622 notre
202.6771653543307 286.86614173228344 34.58267716535433 11.905511811023622 ami,
224.2204724409449 286.86614173228344 25.79527559055118 11.905511811023622 si
232.7244094488189 286.86614173228344 56.125984251968504 11.905511811023622 cruellement

60.37795275590551 294.5196850393701 39.968503937007874 12.188976377952756 frappé
88.44094488188976 294.5196850393701 47.90551181102362 12.188976377952756 quelques
124.44094488188976 294.5196850393701 47.90551181102362 12.188976377952756 semaines
160.44094488188978 294.5196850393701 32.031496062992126 12.188976377952756 plus
180.28346456692913 294.5196850393701 36.0 12.188976377952756 tard,
204.3779527559055 294.5196850393701 36.0 12.188976377952756 s’est
228.18897637795277 294.5196850393701 39.968503937007874 12.188976377952756 imposé
256.251968503937 294.5196850393701 24.094488188976378 12.188976377952756 au
264.18897637795277 294.5196850393701 24.094488188976378 12.188976377952756 sein

60.37795275590551 304.7244094488189 25.511811023622048 11.905511811023622 de
73.13385826771653 304.7244094488189 25.511811023622048 11.905511811023622 ce
85.88976377952756 304.7244094488189 37.98425196850393 11.905511811023622 jury,
111.11811023622047 304.7244094488189 50.74015748031496 11.905511811023622 beaucoup
149.10236220472441 304.7244094488189 33.732283464566926 11.905511811023622 plus
170.36220472440945 304.7244094488189 59.24409448818898 11.905511811023622 d’ailleurs
216.8503937007874 304.7244094488189 37.98425196850393 11.905511811023622 comme
242.36220472440945 304.7244094488189 25.511811023622048 11.905511811023622 un
255.11811023622047 304.7244094488189 29.480314960629922 11.905511811023622 ami
267.59055118110234 304.7244094488189 21.25984251968504 11.905511811023622 que

59.811023622047244 314.92913385826773 39.68503937007874 10.771653543307087 comme
86.45669291338582 314.92913385826773 26.362204724409448 10.771653543307087 un
99.49606299212599 314.92913385826773 52.724409448818896 10.771653543307087 arbitre.
139.1811023622047 314.92913385826773 43.93700787401575 10.771653543307087 Aujame
170.07874015748033 314.92913385826773 43.93700787401575 10.771653543307087 aimait
200.69291338582678 314.92913385826773 26.362204724409448 10.771653543307087 la
214.01574803149606 314.92913385826773 52.724409448818896 10.771653543307087 jeunesse
253.70078740157481 314.92913385826773 26.362204724409448 10.771653543307087 et
262.48818897637796 314.92913385826773 26.362204724409448 10.771653543307087 nous

60.37795275590551 324.2834645669291 40.818897637795274 12.188976377952756 sommes
88.7244094488189 324.2834645669291 44.78740157480315 12.188976377952756 heureux
121.60629921259843 324.2834645669291 28.62992125984252 12.188976377952756 que
137.76377952755905 324.2834645669291 36.8503937007874 12.188976377952756 l’une
162.4251968503937 324.2834645669291 24.37795275590551 12.188976377952756 de
174.61417322834646 324.2834645669291 28.62992125984252 12.188976377952756 ses
190.77165354330708 324.2834645669291 53.00787401574803 12.188976377952756 dernières
231.59055118110237 324.2834645669291 53.00787401574803 12.188976377952756 activités
268.4409448818898 324.2834645669291 20.409448818897637 12.188976377952756 ait

60.09448818897638 333.3543307086614 24.944881889763778 11.05511811023622 pu
72.56692913385827 333.3543307086614 53.85826771653543 11.05511811023622 s’exercer
114.23622047244095 333.3543307086614 20.69291338582677 11.05511811023622 à
122.45669291338582 333.3543307086614 41.38582677165354 11.05511811023622 propos
151.6535433070866 333.3543307086614 24.944881889763778 11.05511811023622 de
164.1259842519685 333.3543307086614 24.944881889763778 11.05511811023622 la
172.3464566929134 333.3543307086614 45.63779527559055 11.05511811023622 Biennale.

129.54330708661416 369.3543307086614 64.06299212598425 17.007874015748033 PEINTURE
177.73228346456693 369.3543307086614 32.031496062992126 17.007874015748033 ET
188.2204724409449 369.3543307086614 42.803149606299215 17.007874015748033 DESSIN

43.37007874015748 388.06299212598424 37.41732283464567 11.622047244094489 14
68.31496062992126 388.06299212598424 54.14173228346457 11.622047244094489 Dominique
109.98425196850394 388.06299212598424 66.61417322834646 11.622047244094489 d’ACHER
164.1259842519685 388.06299212598424 29.19685039370079 11.622047244094489 née
180.8503937007874 388.06299212598424 24.944881889763778 11.622047244094489 en
193.3228346456693 388.06299212598424 33.16535433070866 11.622047244094489 1930
214.01574803149606 388.06299212598424 20.69291338582677 11.622047244094489 à
222.23622047244095 388.06299212598424 37.41732283464567 11.622047244094489 Paris
243.21259842519686 388.06299212598424 45.63779527559055 11.622047244094489 (France).

58.960629921259844 397.4173228346457 44.503937007874015 11.622047244094489 S.O.S.
90.14173228346456 397.4173228346457 35.43307086614173 11.622047244094489 1964
112.25196850393701 397.4173228346457 48.75590551181102 11.622047244094489 (huile,
147.96850393700788 397.4173228346457 26.64566929133858 11.622047244094489 81
161.29133858267716 397.4173228346457 22.11023622047244 11.622047244094489 x
165.54330708661416 397.4173228346457 31.181102362204726 11.622047244094489 100).

60.09448818897638 411.87401574803147 39.968503937007874 14.740157480314961 Ede
88.15748031496064 411.87401574803147 39.968503937007874 14.740157480314961 Karoly
116.22047244094489 411.87401574803147 56.125984251968504 14.740157480314961 ATILA
160.15748031496062 411.87401574803147 24.094488188976378 14.740157480314961 né
172.06299212598427 411.87401574803147 24.094488188976378 14.740157480314961 en
184.251968503937 411.87401574803147 32.031496062992126 14.740157480314961 1931
204.09448818897638 411.87401574803147 20.125984251968504 14.740157480314961 à
212.31496062992127 411.87401574803147 48.188976377952756 14.740157480314961 Budapest
244.3464566929134 411.87401574803147 43.93700787401575 14.740157480314961 (Hongrie)

43.08661417322835 425.76377952755905 50.173228346456696 9.921259842519685 15
81.63779527559055 425.76377952755905 26.929133858267715 9.921259842519685 Fée
97.22834645669292 425.76377952755905 26.929133858267715 9.921259842519685 des
112.53543307086615 425.76377952755905 38.55118110236221 9.921259842519685 Ondes,
139.748031496063 425.76377952755905 30.89763779527559 9.921259842519685 1964
159.0236220472441 425.76377952755905 54.14173228346457 9.921259842519685 (collages,
201.25984251968504 425.76377952755905 26.929133858267715 9.921259842519685 105
216.8503937007874 425.76377952755905 19.275590551181104 9.921259842519685 x
220.53543307086613 425.76377952755905 23.244094488188978 9.921259842519685 61).

43.653543307086615 433.98425196850394 48.188976377952756 12.472440944881889 16
80.50393700787401 433.98425196850394 33.16535433070866 12.472440944881889 Jeux,
102.89763779527559 433.98425196850394 29.480314960629922 12.472440944881889 1964
121.32283464566929 433.98425196850394 51.874015748031496 12.472440944881889 (collages,
162.14173228346456 433.98425196850394 22.11023622047244 12.472440944881889 77
173.1968503937008 433.98425196850394 18.4251968503937 12.472440944881889 x
176.88188976377953 433.98425196850394 22.11023622047244 12.472440944881889 61).

58.39370078740158 449.29133858267716 49.60629921259842 15.307086614173228 Jean
94.67716535433071 449.29133858267716 45.07086614173228 15.307086614173228 Hubert
126.14173228346456 449.29133858267716 67.74803149606299 15.307086614173228 ATTALI
180.28346456692913 449.29133858267716 27.212598425196852 15.307086614173228 né
193.88976377952756 449.29133858267716 27.212598425196852 15.307086614173228 en
207.49606299212599 449.29133858267716 36.28346456692913 15.307086614173228 1937
230.17322834645668 449.29133858267716 22.677165354330707 15.307086614173228 à
234.70866141732284 449.29133858267716 54.14173228346457 15.307086614173228 Casablanca

54.14173228346457 460.34645669291336 49.60629921259842 11.905511811023622 (Maroc).

43.37007874015748 469.4173228346457 47.62204724409449 14.740157480314961 17
79.93700787401575 469.4173228346457 40.25196850393701 14.740157480314961 Pointe,
109.41732283464567 469.4173228346457 29.19685039370079 14.740157480314961 1964
127.55905511811024 469.4173228346457 43.93700787401575 14.740157480314961 (dessin,
160.7244094488189 469.4173228346457 22.11023622047244 14.740157480314961 60
171.7795275590551 469.4173228346457 18.4251968503937 14.740157480314961 x
175.1811023622047 469.4173228346457 22.11023622047244 14.740157480314961 55).

58.110236220472444 486.4251968503937 47.05511811023622 15.307086614173228 Juan
92.40944881889764 486.4251968503937 42.803149606299215 15.307086614173228 Carlos
122.1732283464567 486.4251968503937 55.55905511811024 15.307086614173228 AZNAR
164.9763779527559 486.4251968503937 25.511811023622048 15.307086614173228 né
177.73228346456693 486.4251968503937 25.511811023622048 15.307086614173228 en
190.48818897637796 486.4251968503937 34.2992125984252 15.307086614173228 1937
212.03149606299212 486.4251968503937 21.25984251968504 15.307086614173228 à
220.53543307086613 486.4251968503937 47.05511811023622 15.307086614173228 Bragado
250.29921259842519 486.4251968503937 38.55118110236221 15.307086614173228 (Argen

54.14173228346457 496.06299212598424 33.16535433070866 13.039370078740157 tine).

42.803149606299215 503.1496062992126 50.74015748031496 13.606299212598426 18
81.92125984251969 503.1496062992126 43.08661417322835 13.606299212598426 L’homme
113.10236220472441 503.1496062992126 23.52755905511811 13.606299212598426 en
125.00787401574803 503.1496062992126 31.181102362204726 13.606299212598426 feu,
144.28346456692913 503.1496062992126 31.181102362204726 13.606299212598426 1965
163.84251968503938 503.1496062992126 46.77165354330709 13.606299212598426 (crayon,
198.99212598425197 503.1496062992126 23.52755905511811 13.606299212598426 55
210.89763779527559 503.1496062992126 19.559055118110237 13.606299212598426 x
214.58267716535434 503.1496062992126 23.52755905511811 13.606299212598426 38).

43.37007874015748 515.0551181102362 49.039370078740156 16.440944881889763 19
81.07086614173228 515.0551181102362 37.7007874015748 16.440944881889763 Couple
107.43307086614173 515.0551181102362 30.04724409448819 16.440944881889763 sous
126.14173228346456 515.0551181102362 22.677165354330707 16.440944881889763 la
137.48031496062993 515.0551181102362 37.7007874015748 16.440944881889763 pluie,
164.1259842519685 515.0551181102362 30.04724409448819 16.440944881889763 1965
182.83464566929135 515.0551181102362 45.354330708661415 16.440944881889763 (crayon,
216.8503937007874 515.0551181102362 22.677165354330707 16.440944881889763 55
228.18897637795277 515.0551181102362 18.992125984251967 16.440944881889763 x
231.8740157480315 515.0551181102362 22.677165354330707 16.440944881889763 38).

58.960629921259844 530.6456692913385 54.425196850393704 11.338582677165354 Gérard
100.91338582677166 530.6456692913385 79.65354330708661 11.338582677165354 BARTHELEMY
168.09448818897638 530.6456692913385 25.228346456692915 11.338582677165354 né
180.56692913385828 530.6456692913385 25.228346456692915 11.338582677165354 en
193.3228346456693 530.6456692913385 33.44881889763779 11.338582677165354 1937
214.29921259842519 530.6456692913385 20.976377952755904 11.338582677165354 à
222.51968503937007 530.6456692913385 37.7007874015748 11.338582677165354 Paris
243.49606299212599 530.6456692913385 46.20472440944882 11.338582677165354 (France).

43.37007874015748 540.0 48.47244094488189 17.007874015748033 20
80.50393700787401 540.0 48.47244094488189 17.007874015748033 Peinture,
117.63779527559055 540.0 29.763779527559056 17.007874015748033 1965
136.3464566929134 540.0 52.15748031496063 17.007874015748033 (peinture,
177.16535433070865 540.0 26.078740157480315 17.007874015748033 195
192.18897637795277 540.0 18.708661417322833 17.007874015748033 x
195.8740157480315 540.0 26.078740157480315 17.007874015748033 130).

58.960629921259844 556.4409448818898 56.69291338582677 16.440944881889763 Myriam
102.33070866141732 556.4409448818898 78.23622047244095 16.440944881889763 BAT-YOSEF,
167.5275590551181 556.4409448818898 30.330708661417322 16.440944881889763 née
185.10236220472441 556.4409448818898 26.078740157480315 16.440944881889763 en
198.14173228346456 556.4409448818898 34.86614173228347 16.440944881889763 1931
219.68503937007873 556.4409448818898 21.826771653543307 16.440944881889763 à
228.4724409448819 556.4409448818898 43.37007874015748 16.440944881889763 Berlin
254.5511811023622 556.4409448818898 34.86614173228347 16.440944881889763 (Alle

52.44094488188976 567.7795275590552 47.05511811023622 11.905511811023622 magne).

43.37007874015748 574.5826771653543 47.62204724409449 13.606299212598426 21
79.93700787401575 574.5826771653543 66.04724409448819 13.606299212598426 Hallucination,
134.9291338582677 574.5826771653543 29.19685039370079 13.606299212598426 1964
153.35433070866142 574.5826771653543 36.56692913385827 13.606299212598426 (encre
179.1496062992126 574.5826771653543 25.79527559055118 13.606299212598426 sur
193.60629921259843 574.5826771653543 36.56692913385827 13.606299212598426 toile,
219.4015748031496 574.5826771653543 25.79527559055118 13.606299212598426 130
233.85826771653544 574.5826771653543 18.4251968503937 13.606299212598426 x
237.54330708661416 574.5826771653543 22.11023622047244 13.606299212598426 97).

43.37007874015748 585.0708661417323 49.039370078740156 10.771653543307087 22
81.07086614173228 585.0708661417323 22.677165354330707 10.771653543307087 La
92.40944881889764 585.0708661417323 30.04724409448819 10.771653543307087 main
111.11811023622047 585.0708661417323 49.039370078740156 10.771653543307087 d’argent,
148.8188976377953 585.0708661417323 30.04724409448819 10.771653543307087 1963
167.81102362204723 585.0708661417323 37.7007874015748 10.771653543307087 (encre
194.17322834645668 585.0708661417323 26.362204724409448 10.771653543307087 sur
209.1968503937008 585.0708661417323 41.38582677165354 10.771653543307087 papier,
239.5275590551181 585.0708661417323 22.677165354330707 10.771653543307087 61
250.86614173228347 585.0708661417323 18.992125984251967 10.771653543307087 x
254.5511811023622 585.0708661417323 22.677165354330707 10.771653543307087 49).

43.37007874015748 596.1259842519685 48.188976377952756 15.307086614173228 23
80.50393700787401 596.1259842519685 44.503937007874015 15.307086614173228 L’oiseau
113.66929133858268 596.1259842519685 33.44881889763779 15.307086614173228 bleu,
136.06299212598427 596.1259842519685 29.763779527559056 15.307086614173228 1963
154.48818897637796 596.1259842519685 37.13385826771653 15.307086614173228 (encre
180.28346456692913 596.1259842519685 25.79527559055118 15.307086614173228 sur
195.30708661417322 596.1259842519685 40.818897637795274 15.307086614173228 papier,
224.78740157480314 596.1259842519685 22.11023622047244 15.307086614173228 49
236.1259842519685 596.1259842519685 18.4251968503937 15.307086614173228 x
239.81102362204723 596.1259842519685 22.11023622047244 15.307086614173228 61).

59.24409448818898 610.2992125984252 42.51968503937008 10.771653543307087 Eric
90.4251968503937 610.2992125984252 54.14173228346457 10.771653543307087 BAZAS
132.9448818897638 610.2992125984252 23.244094488188978 10.771653543307087 né
144.56692913385828 610.2992125984252 23.244094488188978 10.771653543307087 en
156.18897637795277 610.2992125984252 30.89763779527559 10.771653543307087 1935
175.46456692913387 610.2992125984252 19.275590551181104 10.771653543307087 à
183.11811023622047 610.2992125984252 38.55118110236221 10.771653543307087 Siorac
206.36220472440945 610.2992125984252 42.51968503937008 10.771653543307087 (France).

43.37007874015748 617.3858267716536 49.60629921259842 17.5748031496063 24
81.35433070866142 617.3858267716536 37.98425196850393 17.5748031496063 Volume
108.0 617.3858267716536 22.96062992125984 17.5748031496063 n°
119.33858267716535 617.3858267716536 22.96062992125984 17.5748031496063 1,
130.6771653543307 617.3858267716536 30.330708661417322 17.5748031496063 1965
149.95275590551182 617.3858267716536 53.29133858267716 17.5748031496063 (peinture,
191.6220472440945 617.3858267716536 26.64566929133858 17.5748031496063 100
206.9291338582677 617.3858267716536 18.992125984251967 17.5748031496063 x
210.61417322834646 617.3858267716536 22.96062992125984 17.5748031496063 75).

34.2992125984252 635.2440944881889 23.52755905511811 14.173228346456693 132
