307.84251968503935 672.6614173228346
45.354330708661415 104.88188976377953 75.68503937007874 16.440944881889763 Commissaire
106.01574803149606 104.88188976377953 60.661417322834644 16.440944881889763 général:
151.37007874015748 104.88188976377953 40.53543307086614 16.440944881889763 Eric
171.7795275590551 104.88188976377953 40.53543307086614 16.440944881889763 Tjalve

45.354330708661415 123.02362204724409 31.748031496062993 15.023622047244094 Chef
65.19685039370079 123.02362204724409 23.811023622047244 15.023622047244094 de
77.10236220472441 123.02362204724409 39.68503937007874 15.023622047244094 Bureau
104.88188976377953 123.02362204724409 23.811023622047244 15.023622047244094 au
116.78740157480316 123.02362204724409 51.59055118110236 15.023622047244094 Ministère
156.18897637795277 123.02362204724409 27.77952755905512 15.023622047244094 des
172.06299212598427 123.02362204724409 47.62204724409449 15.023622047244094 Affaires
203.81102362204723 123.02362204724409 55.55905511811024 15.023622047244094 Culturelles.

29.19685039370079 144.8503937007874 51.30708661417323 16.15748031496063 Quatre
65.19685039370079 144.8503937007874 56.40944881889764 16.15748031496063 Danois:
106.01574803149606 144.8503937007874 36.0 16.15748031496063 les
126.70866141732283 144.8503937007874 61.511811023622045 16.15748031496063 peintres
172.62992125984252 144.8503937007874 36.0 16.15748031496063 Ole
193.3228346456693 144.8503937007874 61.511811023622045 16.15748031496063 Finding,
234.14173228346456 144.8503937007874 30.89763779527559 16.15748031496063 Erik

18.141732283464567 157.03937007874015 46.77165354330709 12.188976377952756 Lagoni
50.74015748031496 157.03937007874015 56.125984251968504 12.188976377952756 Jakobsen
92.69291338582677 157.03937007874015 28.062992125984252 12.188976377952756 et
106.58267716535433 157.03937007874015 46.77165354330709 12.188976377952756 Edvard
139.46456692913387 157.03937007874015 65.19685039370079 12.188976377952756 Matwijkiwy
190.77165354330708 157.03937007874015 28.062992125984252 12.188976377952756 et
204.66141732283464 157.03937007874015 28.062992125984252 12.188976377952756 le
214.01574803149606 157.03937007874015 51.30708661417323 12.188976377952756 sculpteur

17.291338582677167 168.66141732283464 33.16535433070866 13.606299212598426 Ole
36.28346456692913 168.66141732283464 71.43307086614173 13.606299212598426 Christensen
93.54330708661418 168.66141732283464 71.43307086614173 13.606299212598426 participent
150.51968503937007 168.66141732283464 23.811023622047244 13.606299212598426 à
160.15748031496062 168.66141732283464 28.62992125984252 13.606299212598426 la
174.33070866141733 168.66141732283464 56.976377952755904 13.606299212598426 Biennale
217.13385826771653 168.66141732283464 28.62992125984252 13.606299212598426 de
226.77165354330708 168.66141732283464 37.98425196850393 13.606299212598426 Paris.

17.5748031496063 178.01574803149606 41.38582677165354 13.32283464566929 Leurs
45.07086614173228 178.01574803149606 50.45669291338583 13.32283464566929 travaux
81.63779527559055 178.01574803149606 59.52755905511811 13.32283464566929 reflètent
127.55905511811024 178.01574803149606 32.031496062992126 13.32283464566929 des
145.98425196850394 178.01574803149606 59.52755905511811 13.32283464566929 tendances
191.6220472440945 178.01574803149606 32.031496062992126 13.32283464566929 qui
205.51181102362204 178.01574803149606 59.52755905511811 13.32283464566929 préoccupent

16.440944881889763 189.0708661417323 57.54330708661417 15.023622047244094 beaucoup
59.52755905511811 189.0708661417323 28.62992125984252 15.023622047244094 de
73.98425196850394 189.0708661417323 47.90551181102362 15.023622047244094 jeunes
107.43307086614173 189.0708661417323 57.54330708661417 15.023622047244094 artistes
150.51968503937007 189.0708661417323 66.89763779527559 15.023622047244094 européens,
198.4251968503937 189.0708661417323 66.89763779527559 15.023622047244094 interprétées

16.15748031496063 199.84251968503938 44.22047244094488 14.456692913385826 d’une
45.63779527559055 199.84251968503938 44.22047244094488 14.456692913385826 façon
74.83464566929133 199.84251968503938 78.51968503937007 14.456692913385826 indépendante
138.89763779527559 199.84251968503938 29.480314960629922 14.456692913385826 et
148.53543307086613 199.84251968503938 58.960629921259844 14.456692913385826 originale.

28.913385826771652 213.4488188976378 49.889763779527556 13.32283464566929 L’aîné,
65.19685039370079 213.4488188976378 36.28346456692913 13.32283464566929 Erik
87.8740157480315 213.4488188976378 45.354330708661415 13.32283464566929 Lagoni
119.90551181102362 213.4488188976378 54.425196850393704 13.32283464566929 Jakobsen
160.7244094488189 213.4488188976378 31.748031496062993 13.32283464566929 est
178.86614173228347 213.4488188976378 27.212598425196852 13.32283464566929 né
192.4724409448819 213.4488188976378 27.212598425196852 13.32283464566929 en
206.07874015748033 213.4488188976378 40.818897637795274 13.32283464566929 1930.
233.5748031496063 213.4488188976378 27.212598425196852 13.32283464566929 Il
242.64566929133858 213.4488188976378 22.677165354330707 13.32283464566929 est

16.440944881889763 226.48818897637796 40.818897637795274 11.905511811023622 celui
43.653543307086615 226.48818897637796 31.748031496062993 11.905511811023622 qui
61.79527559055118 226.48818897637796 36.28346456692913 11.905511811023622 doit
84.18897637795276 226.48818897637796 27.212598425196852 11.905511811023622 le
97.79527559055119 226.48818897637796 36.28346456692913 11.905511811023622 plus
120.4724409448819 226.48818897637796 22.677165354330707 11.905511811023622 à
129.54330708661416 226.48818897637796 31.748031496062993 11.905511811023622 ses
147.68503937007873 226.48818897637796 76.81889763779527 11.905511811023622 prédécesseurs
210.89763779527559 226.48818897637796 54.425196850393704 11.905511811023622 cubistes
247.1811023622047 226.48818897637796 18.141732283464567 11.905511811023622 et

16.15748031496063 236.40944881889763 64.34645669291339 11.338582677165354 dadaistes,
66.61417322834646 236.40944881889763 50.74015748031496 11.338582677165354 s’étant
103.46456692913385 236.40944881889763 50.74015748031496 11.338582677165354 surtout
140.31496062992127 236.40944881889763 45.92125984251968 11.338582677165354 occupé
172.62992125984252 236.40944881889763 32.31496062992126 11.338582677165354 des
191.0551181102362 236.40944881889763 73.7007874015748 11.338582677165354 possibilités
246.33070866141733 236.40944881889763 18.4251968503937 11.338582677165354 de

15.874015748031496 246.33070866141733 55.275590551181104 12.755905511811024 collage.
57.25984251968504 246.33070866141733 41.669291338582674 12.755905511811024 Elève
85.03937007874016 246.33070866141733 55.275590551181104 12.755905511811024 sensible
126.70866141732283 246.33070866141733 27.77952755905512 12.755905511811024 de
140.31496062992127 246.33070866141733 36.8503937007874 12.755905511811024 Kurt
163.55905511811022 246.33070866141733 64.62992125984252 12.755905511811024 Schwitters
214.29921259842519 246.33070866141733 27.77952755905512 12.755905511811024 il
228.18897637795277 246.33070866141733 22.96062992125984 12.755905511811024 a
237.25984251968504 246.33070866141733 27.77952755905512 12.755905511811024 vu
246.61417322834646 246.33070866141733 18.4251968503937 12.755905511811024 la

15.874015748031496 257.6692913385827 49.889763779527556 11.622047244094489 beauté
50.74015748031496 257.6692913385827 34.86614173228347 11.622047244094489 des
70.86614173228347 257.6692913385827 49.889763779527556 11.622047244094489 choses
105.73228346456693 257.6692913385827 54.70866141732284 11.622047244094489 humbles
145.41732283464566 257.6692913385827 34.86614173228347 11.622047244094489 qui
165.54330708661416 257.6692913385827 29.763779527559056 11.622047244094489 se
180.28346456692913 257.6692913385827 59.811023622047244 11.622047244094489 trouvent
225.0708661417323 257.6692913385827 39.968503937007874 11.622047244094489 dans
245.1968503937008 257.6692913385827 19.84251968503937 11.622047244094489 la

15.590551181102363 268.4409448818898 56.976377952755904 11.338582677165354 ferraille
59.24409448818898 268.4409448818898 26.362204724409448 11.338582677165354 ou
72.28346456692914 268.4409448818898 39.40157480314961 11.338582677165354 parmi
98.64566929133858 268.4409448818898 30.614173228346456 11.338582677165354 les
115.93700787401575 268.4409448818898 43.653543307086615 11.338582677165354 épaves
146.5511811023622 268.4409448818898 52.44094488188976 11.338582677165354 rejetées
185.95275590551182 268.4409448818898 30.614173228346456 11.338582677165354 par
203.5275590551181 268.4409448818898 26.362204724409448 11.338582677165354 la
216.56692913385828 268.4409448818898 34.86614173228347 11.338582677165354 mer.
234.14173228346456 268.4409448818898 30.614173228346456 11.338582677165354 Ayant

15.590551181102363 278.92913385826773 28.062992125984252 12.188976377952756 le
29.763779527559056 278.92913385826773 37.7007874015748 12.188976377952756 sens
53.29133858267716 278.92913385826773 32.881889763779526 12.188976377952756 des
72.0 278.92913385826773 61.22834645669291 12.188976377952756 richesses
119.05511811023622 278.92913385826773 32.881889763779526 12.188976377952756 des
137.76377952755905 278.92913385826773 61.22834645669291 12.188976377952756 matériaux
184.8188976377953 278.92913385826773 28.062992125984252 12.188976377952756 et
198.99212598425197 278.92913385826773 32.881889763779526 12.188976377952756 des
213.16535433070865 278.92913385826773 51.59055118110236 12.188976377952756 tissages,

15.307086614173228 289.4173228346457 32.31496062992126 13.039370078740157 des
33.732283464566926 289.4173228346457 69.44881889763779 13.039370078740157 proportions
89.29133858267717 289.4173228346457 27.77952755905512 13.039370078740157 et
102.89763779527559 289.4173228346457 32.31496062992126 13.039370078740157 des
121.60629921259843 289.4173228346457 69.44881889763779 13.039370078740157 équilibres,
176.88188976377953 289.4173228346457 27.77952755905512 13.039370078740157 il
190.77165354330708 289.4173228346457 36.8503937007874 13.039370078740157 créé
214.01574803149606 289.4173228346457 32.31496062992126 13.039370078740157 des
227.90551181102362 289.4173228346457 36.8503937007874 13.039370078740157 œuvres

15.023622047244094 301.03937007874015 33.732283464566926 10.771653543307087 qui
34.2992125984252 301.03937007874015 67.18110236220473 10.771653543307087 trahissent
87.02362204724409 301.03937007874015 33.732283464566926 10.771653543307087 une
106.2992125984252 301.03937007874015 62.36220472440945 10.771653543307087 recherche
154.20472440944883 301.03937007874015 67.18110236220473 10.771653543307087 esthétique
207.21259842519686 301.03937007874015 28.913385826771652 10.771653543307087 et
221.66929133858267 301.03937007874015 28.913385826771652 10.771653543307087 un
231.0236220472441 301.03937007874015 33.732283464566926 10.771653543307087 espit

14.740157480314961 309.8267716535433 30.330708661417322 14.740157480314961 de
24.944881889763778 309.8267716535433 70.58267716535433 14.740157480314961 pondération.

28.062992125984252 321.73228346456693 28.913385826771652 16.15748031496063 De
42.51968503937008 321.73228346456693 57.826771653543304 16.15748031496063 nombreux
85.88976377952756 321.73228346456693 62.645669291338585 16.15748031496063 peintres,
134.07874015748033 321.73228346456693 28.913385826771652 16.15748031496063 au
148.8188976377953 321.73228346456693 62.645669291338585 16.15748031496063 Danemark,
197.00787401574803 321.73228346456693 38.55118110236221 16.15748031496063 dans
221.10236220472441 321.73228346456693 28.913385826771652 16.15748031496063 la
230.74015748031496 321.73228346456693 33.732283464566926 16.15748031496063 jeune

15.590551181102363 336.18897637795277 69.16535433070867 11.338582677165354 génération,
70.86614173228347 336.18897637795277 50.74015748031496 11.338582677165354 veulent
107.71653543307086 336.18897637795277 55.275590551181104 11.338582677165354 redonner
149.10236220472441 336.18897637795277 32.31496062992126 11.338582677165354 une
167.5275590551181 336.18897637795277 41.38582677165354 11.338582677165354 place
195.30708661417322 336.18897637795277 32.31496062992126 11.338582677165354 aux
213.73228346456693 336.18897637795277 46.20472440944882 11.338582677165354 traits
241.51181102362204 336.18897637795277 22.96062992125984 11.338582677165354 fi-

15.590551181102363 346.6771653543307 55.275590551181104 12.472440944881889 guratifs
56.976377952755904 346.6771653543307 27.496062992125985 12.472440944881889 et
70.86614173228347 346.6771653543307 59.811023622047244 12.472440944881889 réalistes
116.78740157480316 346.6771653543307 36.8503937007874 12.472440944881889 mais
139.748031496063 346.6771653543307 32.31496062992126 12.472440944881889 ils
158.17322834645668 346.6771653543307 27.496062992125985 12.472440944881889 se
172.06299212598427 346.6771653543307 50.74015748031496 12.472440944881889 servent
208.91338582677164 346.6771653543307 41.38582677165354 12.472440944881889 d’une
231.8740157480315 346.6771653543307 32.31496062992126 12.472440944881889 façon

15.023622047244094 356.88188976377955 35.43307086614173 11.338582677165354 très
37.41732283464567 356.88188976377955 39.968503937007874 11.338582677165354 libre
64.06299212598425 356.88188976377955 26.64566929133858 11.338582677165354 de
77.38582677165354 356.88188976377955 48.75590551181102 11.338582677165354 l’objet
112.81889763779527 356.88188976377955 26.64566929133858 11.338582677165354 et
126.14173228346456 356.88188976377955 53.29133858267716 11.338582677165354 laissent
166.11023622047244 356.88188976377955 39.968503937007874 11.338582677165354 libre
192.75590551181102 356.88188976377955 39.968503937007874 11.338582677165354 cours
219.4015748031496 356.88188976377955 22.11023622047244 11.338582677165354 à
228.4724409448819 356.88188976377955 26.64566929133858 11.338582677165354 la
237.25984251968504 356.88188976377955 26.64566929133858 11.338582677165354 fan

11.338582677165354 366.8031496062992 37.13385826771653 12.188976377952756 taisie.

27.212598425196852 378.70866141732284 36.0 14.456692913385826 Ole
47.90551181102362 378.70866141732284 56.69291338582677 14.456692913385826 Finding
89.00787401574803 378.70866141732284 30.89763779527559 14.456692913385826 et
104.5984251968504 378.70866141732284 51.59055118110236 14.456692913385826 Edvard
140.5984251968504 378.70866141732284 72.28346456692914 14.456692913385826 Matwijkiw,
197.29133858267716 378.70866141732284 36.0 14.456692913385826 nés
217.98425196850394 378.70866141732284 41.38582677165354 14.456692913385826 tous
238.6771653543307 378.70866141732284 25.79527559055118 14.456692913385826 les

15.023622047244094 392.31496062992125 41.669291338582674 10.204724409448819 deux
40.818897637795274 392.31496062992125 31.181102362204726 10.204724409448819 en
56.40944881889764 392.31496062992125 41.669291338582674 10.204724409448819 1937
82.48818897637796 392.31496062992125 88.15748031496064 10.204724409448819 appartiennent
155.0551181102362 392.31496062992125 26.078740157480315 10.204724409448819 à
165.54330708661416 392.31496062992125 31.181102362204726 10.204724409448819 ce
176.03149606299212 392.31496062992125 88.15748031496064 10.204724409448819 néo-

16.15748031496063 402.8031496062992 43.653543307086615 11.338582677165354 nisme
45.354330708661415 402.8031496062992 34.01574803149607 11.338582677165354 qui
64.62992125984252 402.8031496062992 38.83464566929134 11.338582677165354 créé
89.00787401574803 402.8031496062992 34.01574803149607 11.338582677165354 ses
108.56692913385827 402.8031496062992 53.574803149606296 11.338582677165354 propres
147.4015748031496 402.8031496062992 58.39370078740158 11.338582677165354 symboles
191.33858267716536 402.8031496062992 53.574803149606296 11.338582677165354 d’après
230.17322834645668 402.8031496062992 29.19685039370079 11.338582677165354 ce
239.81102362204723 402.8031496062992 24.37795275590551 11.338582677165354 que

15.874015748031496 413.29133858267716 35.43307086614173 10.488188976377952 les
36.28346456692913 413.29133858267716 50.74015748031496 10.488188976377952 hommes
71.71653543307086 413.29133858267716 55.84251968503937 10.488188976377952 sentent
112.25196850393701 413.29133858267716 30.330708661417322 10.488188976377952 et
127.55905511811024 413.29133858267716 71.14960629921259 10.488188976377952 éprouvent.
183.4015748031496 413.29133858267716 30.330708661417322 10.488188976377952 Le
198.4251968503937 413.29133858267716 45.63779527559055 10.488188976377952 monde
223.93700787401573 413.29133858267716 40.53543307086614 10.488188976377952 pitto-

15.874015748031496 424.9133858267717 48.75590551181102 9.921259842519685 resque
49.889763779527556 424.9133858267717 29.19685039370079 9.921259842519685 de
64.62992125984252 424.9133858267717 53.574803149606296 9.921259842519685 Finding
103.74803149606299 424.9133858267717 34.2992125984252 9.921259842519685 est
123.30708661417323 424.9133858267717 63.496062992125985 9.921259842519685 féérique,
172.06299212598427 424.9133858267717 78.23622047244095 9.921259842519685 fantastique;
230.45669291338584 424.9133858267717 34.2992125984252 9.921259842519685 peupé

15.874015748031496 435.68503937007875 49.60629921259842 11.05511811023622 d’êtres
51.874015748031496 435.68503937007875 58.67716535433071 11.05511811023622 bizarres,
97.22834645669292 435.68503937007875 27.212598425196852 11.05511811023622 de
110.83464566929133 435.68503937007875 45.07086614173228 11.05511811023622 signes
142.29921259842519 435.68503937007875 27.212598425196852 11.05511811023622 de
155.90551181102362 435.68503937007875 54.14173228346457 11.05511811023622 couleurs
196.44094488188978 435.68503937007875 63.21259842519685 11.05511811023622 brillantes
241.51181102362204 435.68503937007875 22.677165354330707 11.05511811023622 qui

15.874015748031496 446.74015748031496 63.77952755905512 13.606299212598426 répandent
60.09448818897638 446.74015748031496 68.5984251968504 13.606299212598426 l’optimisme.

28.062992125984252 459.496062992126 70.2992125984252 11.338582677165354 Matwiikiw,
83.33858267716535 459.496062992126 65.48031496062993 11.338582677165354 d’origine
133.79527559055117 459.496062992126 65.48031496062993 11.338582677165354 polonaise
183.96850393700788 459.496062992126 30.04724409448819 11.338582677165354 et
198.99212598425197 459.496062992126 50.173228346456696 11.338582677165354 russe,
229.3228346456693 459.496062992126 35.1496062992126 11.338582677165354 après

15.590551181102363 470.5511811023622 60.94488188976378 11.05511811023622 quelques
61.22834645669291 470.5511811023622 66.04724409448819 11.05511811023622 démarches
112.25196850393701 470.5511811023622 66.04724409448819 11.05511811023622 prudentes
162.99212598425197 470.5511811023622 25.511811023622048 11.05511811023622 a
173.1968503937008 470.5511811023622 71.14960629921259 11.05511811023622 rapidement
223.93700787401573 470.5511811023622 40.53543307086614 11.05511811023622 trouvé

16.440944881889763 482.1732283464567 34.86614173228347 11.05511811023622 une
36.56692913385827 482.1732283464567 44.78740157480315 11.05511811023622 façon
66.33070866141732 482.1732283464567 29.763779527559056 11.05511811023622 de
81.07086614173228 482.1732283464567 69.44881889763779 11.05511811023622 s’exprimer
135.7795275590551 482.1732283464567 39.68503937007874 11.05511811023622 avec
160.44094488188978 482.1732283464567 34.86614173228347 11.05511811023622 une
180.28346456692913 482.1732283464567 44.78740157480315 11.05511811023622 force
210.04724409448818 482.1732283464567 54.70866141732284 11.05511811023622 brutale
244.91338582677164 482.1732283464567 19.84251968503937 11.05511811023622 et

16.440944881889763 492.09448818897636 43.653543307086615 11.905511811023622 crue.
45.63779527559055 492.09448818897636 38.83464566929134 11.905511811023622 Dans
70.01574803149606 492.09448818897636 34.01574803149607 11.905511811023622 ses
89.29133858267717 492.09448818897636 63.21259842519685 11.905511811023622 peintures
138.04724409448818 492.09448818897636 72.85039370078741 11.905511811023622 passionnées
196.44094488188978 492.09448818897636 29.19685039370079 11.905511811023622 et
206.07874015748033 492.09448818897636 58.39370078740158 11.905511811023622 spontanées

16.724409448818896 502.86614173228344 59.811023622047244 10.204724409448819 trahissant
63.77952755905512 502.86614173228344 30.04724409448819 10.204724409448819 une
80.78740157480316 502.86614173228344 38.55118110236221 10.204724409448819 forte
106.58267716535433 502.86614173228344 51.30708661417323 10.204724409448819 pression
145.13385826771653 502.86614173228344 64.06299212598425 10.204724409448819 intérieure,
196.44094488188978 502.86614173228344 25.79527559055118 10.204724409448819 il
209.1968503937008 502.86614173228344 51.30708661417323 10.204724409448819 s’appuie
243.49606299212599 502.86614173228344 21.25984251968504 10.204724409448819 sur

17.007874015748033 513.0708661417323 31.46456692913386 14.173228346456693 les
35.1496062992126 513.0708661417323 67.74803149606299 14.173228346456693 impressions
89.29133858267717 513.0708661417323 26.929133858267715 14.173228346456693 de
102.61417322834646 513.0708661417323 26.929133858267715 14.173228346456693 la
116.22047244094489 513.0708661417323 45.07086614173228 14.173228346456693 nature
147.68503937007873 513.0708661417323 26.929133858267715 14.173228346456693 et
161.29133858267716 513.0708661417323 31.46456692913386 14.173228346456693 ses
179.43307086614172 513.0708661417323 54.14173228346457 14.173228346456693 visions,
219.96850393700788 513.0708661417323 36.0 14.173228346456693 sans
238.11023622047244 513.0708661417323 26.929133858267715 14.173228346456693 pour

17.291338582677167 524.1259842519685 34.01574803149607 10.204724409448819 cela
38.55118110236221 524.1259842519685 51.30708661417323 10.204724409448819 négliger
77.10236220472441 524.1259842519685 29.763779527559056 10.204724409448819 les
94.11023622047244 524.1259842519685 51.30708661417323 10.204724409448819 limites,
132.3779527559055 524.1259842519685 38.267716535433074 10.204724409448819 entre
158.17322834645668 524.1259842519685 25.511811023622048 10.204724409448819 la
170.9291338582677 524.1259842519685 47.05511811023622 10.204724409448819 réalité
204.9448818897638 524.1259842519685 59.811023622047244 10.204724409448819 extérieure
247.748031496063 524.1259842519685 17.007874015748033 10.204724409448819 et

13.32283464566929 533.7637795275591 54.99212598425197 14.173228346456693 intérieure.

29.480314960629922 545.9527559055118 28.913385826771652 14.456692913385826 Le
43.93700787401575 545.9527559055118 62.36220472440945 14.456692913385826 sculpteur
91.84251968503936 545.9527559055118 33.732283464566926 14.456692913385826 Ole
111.11811023622047 545.9527559055118 72.0 14.456692913385826 Christensen
168.66141732283464 545.9527559055118 24.094488188976378 14.456692913385826 -
178.29921259842519 545.9527559055118 28.913385826771652 14.456692913385826 né
192.75590551181102 545.9527559055118 28.913385826771652 14.456692913385826 en
207.21259842519686 545.9527559055118 43.08661417322835 14.456692913385826 1932-
231.0236220472441 545.9527559055118 33.732283464566926 14.456692913385826 élève

16.724409448818896 558.7086614173228 32.31496062992126 13.88976377952756 de
32.881889763779526 558.7086614173228 75.4015748031496 13.88976377952756 l’Académie
92.1259842519685 558.7086614173228 53.85826771653543 13.88976377952756 Royale
129.82677165354332 558.7086614173228 37.7007874015748 13.88976377952756 des
151.37007874015748 558.7086614173228 75.4015748031496 13.88976377952756 Beaux-Arts
210.61417322834646 558.7086614173228 32.31496062992126 13.88976377952756 de
221.38582677165354 558.7086614173228 43.08661417322835 13.88976377952756 Copen-

18.141732283464567 567.7795275590552 47.338582677165356 12.472440944881889 hague,
51.30708661417323 567.7795275590552 42.803149606299215 12.472440944881889 après
79.93700787401575 567.7795275590552 42.803149606299215 12.472440944881889 avoir
108.28346456692914 567.7795275590552 33.16535433070866 12.472440944881889 été
127.2755905511811 567.7795275590552 61.79527559055118 12.472440944881889 sculpteur
174.89763779527559 567.7795275590552 56.976377952755904 12.472440944881889 marbrier
212.88188976377953 567.7795275590552 52.15748031496063 12.472440944881889 qualifié.

18.4251968503937 578.8346456692914 41.10236220472441 11.622047244094489 reste
45.92125984251968 578.8346456692914 73.13385826771653 11.622047244094489 profondément
105.16535433070867 578.8346456692914 54.70866141732284 11.622047244094489 imprégné
146.26771653543307 578.8346456692914 32.031496062992126 11.622047244094489 par
164.69291338582678 578.8346456692914 27.496062992125985 11.622047244094489 la
178.29921259842519 578.8346456692914 59.24409448818898 11.622047244094489 tradition
223.93700787401573 578.8346456692914 27.496062992125985 11.622047244094489 de
233.00787401574803 578.8346456692914 32.031496062992126 11.622047244094489 l’art

18.4251968503937 591.3070866141733 56.40944881889764 10.204724409448819 artisanal
61.79527559055118 591.3070866141733 26.078740157480315 10.204724409448819 et
74.55118110236221 591.3070866141733 26.078740157480315 10.204724409448819 il
87.59055118110236 591.3070866141733 21.543307086614174 10.204724409448819 a
96.37795275590551 591.3070866141733 43.37007874015748 10.204724409448819 montré
126.70866141732283 591.3070866141733 34.58267716535433 10.204724409448819 dans
148.251968503937 591.3070866141733 30.330708661417322 10.204724409448819 ses
165.54330708661416 591.3070866141733 47.62204724409449 10.204724409448819 figures
200.40944881889763 591.3070866141733 51.874015748031496 10.204724409448819 claires,
234.99212598425197 591.3070866141733 30.330708661417322 10.204724409448819 pures

18.141732283464567 600.9448818897638 55.275590551181104 13.606299212598426 souvent
58.39370078740158 600.9448818897638 55.275590551181104 13.606299212598426 presque
98.64566929133858 600.9448818897638 75.4015748031496 13.606299212598426 abstraites,
159.0236220472441 600.9448818897638 35.1496062992126 13.606299212598426 une
179.1496062992126 600.9448818897638 65.48031496062993 13.606299212598426 sensation
224.50393700787401 600.9448818897638 40.25196850393701 13.606299212598426 excep-

18.708661417322833 611.4330708661417 57.54330708661417 13.88976377952756 tionnelle
63.21259842519685 611.4330708661417 26.64566929133858 13.88976377952756 de
76.53543307086615 611.4330708661417 26.64566929133858 13.88976377952756 la
89.85826771653544 611.4330708661417 44.22047244094488 13.88976377952756 beauté
120.75590551181102 611.4330708661417 26.64566929133858 13.88976377952756 de
134.07874015748033 611.4330708661417 26.64566929133858 13.88976377952756 la
142.86614173228347 611.4330708661417 39.968503937007874 13.88976377952756 pierre.

190.77165354330708 622.2047244094488 43.653543307086615 16.15748031496063 Pierre
216.8503937007874 622.2047244094488 48.188976377952756 16.15748031496063 Lübecker.

13.606299212598426 638.3622047244095 21.543307086614174 11.05511811023622 48
