307.84251968503935 672.6614173228346
112.81889763779527 205.51181102362204 53.574803149606296 15.590551181102363 NOTES

15.590551181102363 231.59055118110237 25.228346456692915 15.023622047244094 La
28.346456692913385 231.59055118110237 50.74015748031496 15.023622047244094 Biennale
66.33070866141732 231.59055118110237 25.228346456692915 15.023622047244094 ne
78.80314960629921 231.59055118110237 25.228346456692915 15.023622047244094 se
91.55905511811024 231.59055118110237 42.23622047244095 15.023622047244094 charge
121.03937007874016 231.59055118110237 29.480314960629922 15.023622047244094 pas
138.04724409448818 231.59055118110237 25.228346456692915 15.023622047244094 de
150.51968503937007 231.59055118110237 42.23622047244095 15.023622047244094 vendre
180.0 231.59055118110237 29.480314960629922 15.023622047244094 les
197.00787401574803 231.59055118110237 42.23622047244095 15.023622047244094 œuvres
222.23622047244095 231.59055118110237 42.23622047244095 15.023622047244094 exposées

15.874015748031496 241.79527559055117 30.614173228346456 14.740157480314961 Elle
35.1496062992126 241.79527559055117 26.929133858267715 14.740157480314961 est
50.45669291338583 241.79527559055117 49.889763779527556 14.740157480314961 néanmoins
89.00787401574803 241.79527559055117 19.275590551181104 14.740157480314961 à
96.66141732283465 241.79527559055117 22.96062992125984 14.740157480314961 la
108.0 241.79527559055117 57.54330708661417 14.740157480314961 disposition
154.20472440944883 241.79527559055117 26.929133858267715 14.740157480314961 des
169.51181102362204 241.79527559055117 49.889763779527556 14.740157480314961 visiteurs
207.7795275590551 241.79527559055117 30.614173228346456 14.740157480314961 pour
227.0551181102362 241.79527559055117 30.614173228346456 14.740157480314961 leur
242.36220472440945 241.79527559055117 22.96062992125984 14.740157480314961 don-

15.590551181102363 252.28346456692913 29.763779527559056 14.173228346456693 ner
32.59842519685039 252.28346456692913 34.01574803149607 14.173228346456693 tous
53.85826771653543 252.28346456692913 76.53543307086615 14.173228346456693 renseignements
117.63779527559055 252.28346456692913 29.763779527559056 14.173228346456693 sur
134.64566929133858 252.28346456692913 29.763779527559056 14.173228346456693 les
151.37007874015748 252.28346456692913 51.023622047244096 14.173228346456693 artistes
189.63779527559055 252.28346456692913 55.275590551181104 14.173228346456693 exposants
232.15748031496062 252.28346456692913 25.511811023622048 14.173228346456693 et
240.66141732283464 252.28346456692913 25.511811023622048 14.173228346456693 pour

15.590551181102363 261.6377952755906 41.10236220472441 14.456692913385826 mettre
44.22047244094488 261.6377952755906 28.62992125984252 14.456692913385826 ces
60.661417322834644 261.6377952755906 49.32283464566929 14.456692913385826 artistes
97.51181102362204 261.6377952755906 24.661417322834644 14.456692913385826 en
109.7007874015748 261.6377952755906 45.07086614173228 14.456692913385826 rapport
142.58267716535434 261.6377952755906 32.881889763779526 14.456692913385826 avec
162.99212598425197 261.6377952755906 28.62992125984252 14.456692913385826 les
179.43307086614172 261.6377952755906 53.29133858267716 14.456692913385826 acheteurs
216.28346456692913 261.6377952755906 49.32283464566929 14.456692913385826 éventuels.

16.440944881889763 270.4251968503937 22.96062992125984 14.740157480314961 Le
28.062992125984252 270.4251968503937 61.511811023622045 14.740157480314961 propriétaire
77.95275590551181 270.4251968503937 26.929133858267715 14.740157480314961 des
93.25984251968504 270.4251968503937 38.267716535433074 14.740157480314961 œuvres
120.18897637795276 270.4251968503937 34.58267716535433 14.740157480314961 n’est
143.1496062992126 270.4251968503937 49.889763779527556 14.740157480314961 mentionné
181.41732283464566 270.4251968503937 26.929133858267715 14.740157480314961 que
196.7244094488189 270.4251968503937 42.23622047244095 14.740157480314961 lorsque
223.6535433070866 270.4251968503937 42.23622047244095 14.740157480314961 celles

16.15748031496063 282.61417322834643 75.11811023622047 15.874015748031496 n’appartiennent
79.37007874015748 282.61417322834643 27.77952755905512 15.874015748031496 pas
95.24409448818898 282.61417322834643 19.84251968503937 15.874015748031496 à
99.21259842519684 282.61417322834643 47.338582677165356 15.874015748031496 l’artiste.

17.007874015748033 318.8976377952756 29.19685039370079 19.275590551181104 Les
33.732283464566926 318.8976377952756 41.669291338582674 19.275590551181104 œuvres
62.92913385826772 318.8976377952756 49.889763779527556 19.275590551181104 marquées
100.34645669291339 318.8976377952756 33.16535433070866 19.275590551181104 sont
121.03937007874016 318.8976377952756 62.36220472440945 19.275590551181104 reproduites
170.9291338582677 318.8976377952756 20.69291338582677 19.275590551181104 à
179.1496062992126 318.8976377952756 24.944881889763778 19.275590551181104 la
191.6220472440945 318.8976377952756 29.19685039370079 19.275590551181104 fin
208.3464566929134 318.8976377952756 24.944881889763778 19.275590551181104 du
216.56692913385828 318.8976377952756 49.889763779527556 19.275590551181104 catalogue.

17.291338582677167 337.3228346456693 24.094488188976378 15.023622047244094 Le
29.19685039370079 337.3228346456693 44.22047244094488 15.023622047244094 premier
61.511811023622045 337.3228346456693 44.22047244094488 15.023622047244094 chiffre
93.8267716535433 337.3228346456693 28.062992125984252 15.023622047244094 des
109.98425196850394 337.3228346456693 56.40944881889764 15.023622047244094 dimensions
154.20472440944883 337.3228346456693 28.062992125984252 15.023622047244094 des
170.36220472440945 337.3228346456693 40.25196850393701 15.023622047244094 œuvres
198.4251968503937 337.3228346456693 24.094488188976378 15.023622047244094 se
210.61417322834646 337.3228346456693 40.25196850393701 15.023622047244094 réfère
238.96062992125985 337.3228346456693 20.125984251968504 15.023622047244094 à
242.9291338582677 337.3228346456693 24.094488188976378 15.023622047244094 leur

17.291338582677167 345.25984251968504 45.92125984251968 16.724409448818896 hauteur;
51.874015748031496 345.25984251968504 22.96062992125984 16.724409448818896 le
63.496062992125985 345.25984251968504 42.23622047244095 16.724409448818896 second,
94.11023622047244 345.25984251968504 19.275590551181104 16.724409448818896 à
101.76377952755905 345.25984251968504 30.614173228346456 16.724409448818896 leur
121.03937007874016 345.25984251968504 45.92125984251968 16.724409448818896 largeur;
155.6220472440945 345.25984251968504 22.96062992125984 16.724409448818896 le
166.96062992125985 345.25984251968504 53.574803149606296 16.724409448818896 troisième,
209.1968503937008 345.25984251968504 19.275590551181104 16.724409448818896 à
216.8503937007874 345.25984251968504 30.614173228346456 16.724409448818896 leur
232.15748031496062 345.25984251968504 34.58267716535433 16.724409448818896 profon-

17.007874015748033 360.0 33.44881889763779 14.740157480314961 deur
37.98425196850393 360.0 37.7007874015748 14.740157480314961 (pour
62.92913385826772 360.0 29.19685039370079 14.740157480314961 les
75.68503937007874 360.0 58.39370078740158 14.740157480314961 sculptures).

18.4251968503937 370.48818897637796 27.212598425196852 18.141732283464567 Les
34.01574803149607 370.48818897637796 46.77165354330709 18.141732283464567 gravures
69.16535433070867 370.48818897637796 27.212598425196852 18.141732283464567 des
84.4724409448819 370.48818897637796 54.425196850393704 18.141732283464567 différents
127.2755905511811 370.48818897637796 31.181102362204726 18.141732283464567 pays
146.83464566929135 370.48818897637796 66.04724409448819 18.141732283464567 participants,
201.25984251968504 370.48818897637796 34.86614173228347 18.141732283464567 ainsi
224.50393700787401 370.48818897637796 27.212598425196852 18.141732283464567 que
236.1259842519685 370.48818897637796 31.181102362204726 18.141732283464567 celles

17.858267716535433 381.8267716535433 24.094488188976378 15.874015748031496 de
29.763779527559056 381.8267716535433 24.094488188976378 15.874015748031496 la
41.95275590551181 381.8267716535433 68.5984251968504 15.874015748031496 participation
98.36220472440945 381.8267716535433 52.44094488188976 15.874015748031496 française
138.89763779527559 381.8267716535433 28.346456692913385 15.874015748031496 ont
155.0551181102362 381.8267716535433 28.346456692913385 15.874015748031496 été
170.9291338582677 381.8267716535433 48.47244094488189 15.874015748031496 groupées
207.49606299212599 381.8267716535433 32.31496062992126 15.874015748031496 dans
227.6220472440945 381.8267716535433 28.346456692913385 15.874015748031496 une
239.5275590551181 381.8267716535433 28.346456692913385 15.874015748031496 salle

18.141732283464567 392.59842519685037 41.669291338582674 16.724409448818896 unique
47.338582677165356 392.59842519685037 54.14173228346457 16.724409448818896 consacrée
89.00787401574803 392.59842519685037 20.69291338582677 16.724409448818896 à
97.22834645669292 392.59842519685037 24.944881889763778 16.724409448818896 la
109.7007874015748 392.59842519685037 45.63779527559055 16.724409448818896 gravure
138.89763779527559 392.59842519685037 70.58267716535433 16.724409448818896 internationale.
