307.84251968503935 672.6614173228346
5.952755905511811 24.661417322834644 110.83464566929133 20.976377952755904 PARAGUAY

57.25984251968504 136.3464566929134 73.7007874015748 20.69291338582677 Commissaire
116.22047244094489 136.3464566929134 54.14173228346457 20.69291338582677 général
155.33858267716536 136.3464566929134 24.661417322834644 20.69291338582677 :
165.25984251968504 136.3464566929134 44.22047244094488 20.69291338582677 Rubén
194.74015748031496 136.3464566929134 54.14173228346457 20.69291338582677 Bareiro
229.03937007874015 136.3464566929134 44.22047244094488 20.69291338582677 Saguier

58.110236220472444 151.93700787401573 57.54330708661417 12.755905511811024 Professeur
103.18110236220473 151.93700787401573 20.409448818897637 12.755905511811024 à
111.4015748031496 151.93700787401573 65.76377952755905 12.755905511811024 l’Université
160.7244094488189 151.93700787401573 53.29133858267716 12.755905511811024 d’Asuncion.

40.818897637795274 190.77165354330708 43.08661417322835 17.858267716535433 1953,
69.44881889763779 190.77165354330708 43.08661417322835 17.858267716535433 année
98.36220472440945 190.77165354330708 28.62992125984252 17.858267716535433 de
112.53543307086615 190.77165354330708 28.62992125984252 17.858267716535433 la
126.99212598425197 190.77165354330708 62.07874015748032 17.858267716535433 fondation
174.89763779527559 190.77165354330708 28.62992125984252 17.858267716535433 du
189.0708661417323 190.77165354330708 47.90551181102362 17.858267716535433 Groupe
222.51968503937007 190.77165354330708 23.811023622047244 17.858267716535433 ?
232.15748031496062 190.77165354330708 33.44881889763779 17.858267716535433 Art
246.61417322834646 190.77165354330708 28.62992125984252 17.858267716535433 Nou-

27.77952755905512 206.07874015748033 47.62204724409449 14.740157480314961 veau’,
61.22834645669291 206.07874015748033 37.98425196850393 14.740157480314961 peut
85.03937007874016 206.07874015748033 37.98425196850393 14.740157480314961 être
108.85039370078741 206.07874015748033 66.61417322834646 14.740157480314961 considérée
161.00787401574803 206.07874015748033 42.803149606299215 14.740157480314961 comme
189.63779527559055 206.07874015748033 33.16535433070866 14.740157480314961 une
208.62992125984252 206.07874015748033 37.98425196850393 14.740157480314961 date
227.6220472440945 206.07874015748033 47.62204724409449 14.740157480314961 capitale

27.496062992125985 216.0 38.83464566929134 13.606299212598426 dans
51.874015748031496 216.0 29.19685039370079 13.606299212598426 le
66.33070866141732 216.0 63.21259842519685 13.606299212598426 processus
115.08661417322834 216.0 29.19685039370079 13.606299212598426 de
129.54330708661416 216.0 87.59055118110236 13.606299212598426 renouvellement
202.6771653543307 216.0 29.19685039370079 13.606299212598426 de
217.13385826771653 216.0 29.19685039370079 13.606299212598426 la
226.77165354330708 216.0 48.75590551181102 13.606299212598426 peinture

21.543307086614174 226.20472440944883 83.05511811023622 15.023622047244094 paraguayenne.

40.53543307086614 240.09448818897638 28.913385826771652 15.307086614173228 Ce
54.99212598425197 240.09448818897638 62.36220472440945 15.307086614173228 renouveau
102.89763779527559 240.09448818897638 62.36220472440945 15.307086614173228 s’affirma
150.8031496062992 240.09448818897638 33.44881889763779 15.307086614173228 par
170.07874015748033 240.09448818897638 76.81889763779527 15.307086614173228 l’exposition
227.6220472440945 240.09448818897638 47.90551181102362 15.307086614173228 colectie

27.496062992125985 252.0 34.58267716535433 13.88976377952756 qui
47.05511811023622 252.0 34.58267716535433 13.88976377952756 eut
66.89763779527559 252.0 39.68503937007874 13.88976377952756 lieu
91.84251968503936 252.0 29.763779527559056 13.88976377952756 en
106.58267716535433 252.0 39.68503937007874 13.88976377952756 1954
131.24409448818898 252.0 39.68503937007874 13.88976377952756 dans
156.18897637795277 252.0 34.58267716535433 13.88976377952756 les
176.03149606299212 252.0 39.68503937007874 13.88976377952756 rues
200.69291338582678 252.0 74.26771653543307 13.88976377952756 d’Asuncion.
255.11811023622047 252.0 19.84251968503937 13.88976377952756 Il

27.77952755905512 262.20472440944883 71.14960629921259 14.740157480314961 signifiait,
84.75590551181102 262.20472440944883 33.16535433070866 14.740157480314961 non
103.74803149606299 262.20472440944883 33.16535433070866 14.740157480314961 pas
123.02362204724409 262.20472440944883 66.61417322834646 14.740157480314961 l’adoption
175.1811023622047 262.20472440944883 42.803149606299215 14.740157480314961 d’une
203.81102362204723 262.20472440944883 42.803149606299215 14.740157480314961 école
232.15748031496062 262.20472440944883 28.62992125984252 14.740157480314961 ou
241.79527559055117 262.20472440944883 33.16535433070866 14.740157480314961 d’une

27.496062992125985 272.40944881889766 63.21259842519685 12.188976377952756 tendance,
75.96850393700787 272.40944881889766 38.83464566929134 12.188976377952756 mais
100.34645669291339 272.40944881889766 29.19685039370079 12.188976377952756 la
114.80314960629921 272.40944881889766 68.03149606299213 12.188976377952756 libération
168.09448818897638 272.40944881889766 68.03149606299213 12.188976377952756 consciente
221.66929133858267 272.40944881889766 34.01574803149607 12.188976377952756 des
236.1259842519685 272.40944881889766 38.83464566929134 12.188976377952756 acadé-

27.77952755905512 285.1653543307087 47.62204724409449 15.590551181102363 mismes
61.22834645669291 285.1653543307087 33.16535433070866 15.590551181102363 qui
80.22047244094489 285.1653543307087 52.15748031496063 15.590551181102363 avaient
118.20472440944881 285.1653543307087 71.14960629921259 15.590551181102363 jusqu’alors
175.1811023622047 285.1653543307087 61.79527559055118 15.590551181102363 handicapé
222.8031496062992 285.1653543307087 28.62992125984252 15.590551181102363 le
232.15748031496062 285.1653543307087 42.803149606299215 15.590551181102363 travail

27.496062992125985 293.6692913385827 33.732283464566926 14.173228346456693 des
41.95275590551181 293.6692913385827 53.00787401574803 14.173228346456693 peintres.

40.25196850393701 307.84251968503935 29.480314960629922 15.307086614173228 De
54.99212598425197 307.84251968503935 63.496062992125985 15.307086614173228 nouvelles
103.74803149606299 307.84251968503935 78.23622047244095 15.307086614173228 possibilités
167.24409448818898 307.84251968503935 43.93700787401575 15.307086614173228 étant
196.7244094488189 307.84251968503935 43.93700787401575 15.307086614173228 ainsi
221.10236220472441 307.84251968503935 53.85826771653543 15.307086614173228 ouvertes,

28.062992125984252 318.3307086614173 44.78740157480315 15.307086614173228 chaque
59.52755905511811 318.3307086614173 49.32283464566929 15.307086614173228 artiste
95.5275590551181 318.3307086614173 31.46456692913386 15.307086614173228 pur
113.38582677165354 318.3307086614173 58.39370078740158 15.307086614173228 travaille
158.17322834645668 318.3307086614173 40.53543307086614 15.307086614173228 selon
185.10236220472441 318.3307086614173 31.46456692913386 15.307086614173228 son
203.24409448818898 318.3307086614173 58.39370078740158 15.307086614173228 penchant.
243.49606299212599 318.3307086614173 31.46456692913386 15.307086614173228 C’est

26.929133858267715 330.5196850393701 42.803149606299215 13.32283464566929 ainsi
55.55905511811024 330.5196850393701 33.44881889763779 13.32283464566929 que
74.55118110236221 330.5196850393701 37.98425196850393 13.32283464566929 l’on
98.36220472440945 330.5196850393701 47.62204724409449 13.32283464566929 trouve
131.81102362204723 330.5196850393701 42.803149606299215 13.32283464566929 parmi
160.44094488188978 330.5196850393701 33.44881889763779 13.32283464566929 eux
179.43307086614172 330.5196850393701 33.44881889763779 13.32283464566929 les
198.4251968503937 330.5196850393701 57.25984251968504 13.32283464566929 manières
241.22834645669292 330.5196850393701 28.62992125984252 13.32283464566929 et
250.86614173228347 330.5196850393701 23.811023622047244 13.32283464566929 les

26.929133858267715 340.7244094488189 67.18110236220473 14.740157480314961 tendances
78.51968503937007 340.7244094488189 36.0 14.740157480314961 les
99.21259842519684 340.7244094488189 41.38582677165354 14.740157480314961 plus
125.00787401574803 340.7244094488189 67.18110236220473 14.740157480314961 diverses:
176.5984251968504 340.7244094488189 98.07874015748031 14.740157480314961 expressionnisme
253.98425196850394 340.7244094488189 20.69291338582677 14.740157480314961 de

28.346456692913385 352.06299212598424 43.93700787401575 15.307086614173228 motifs
58.960629921259844 352.06299212598424 52.724409448818896 15.307086614173228 sociaux,
98.36220472440945 352.06299212598424 30.614173228346456 15.307086614173228 art
115.93700787401575 352.06299212598424 56.976377952755904 15.307086614173228 abstrait,
159.8740157480315 352.06299212598424 70.2992125984252 15.307086614173228 surréalisme,
217.13385826771653 352.06299212598424 52.724409448818896 15.307086614173228 réalisme
252.28346456692913 352.06299212598424 21.826771653543307 15.307086614173228 mu-

27.496062992125985 362.26771653543307 52.15748031496063 14.456692913385826 raliste
65.48031496062993 362.26771653543307 33.16535433070866 14.456692913385826 qui
84.4724409448819 362.26771653543307 56.69291338582677 14.456692913385826 rappelle
126.99212598425197 362.26771653543307 33.16535433070866 14.456692913385826 les
141.16535433070865 362.26771653543307 56.69291338582677 14.456692913385826 mexicains.

39.68503937007874 372.18897637795277 47.90551181102362 17.291338582677167 Carlos
73.13385826771653 372.18897637795277 62.07874015748032 17.291338582677167 Colombino
121.03937007874016 372.18897637795277 66.89763779527559 17.291338582677167 représente
173.76377952755905 372.18897637795277 38.267716535433074 17.291338582677167 dans
197.5748031496063 372.18897637795277 33.44881889763779 17.291338582677167 son
216.8503937007874 372.18897637795277 33.44881889763779 17.291338582677167 art
235.84251968503938 372.18897637795277 28.62992125984252 17.291338582677167 la
245.48031496062993 372.18897637795277 28.62992125984252 17.291338582677167 syn-

26.929133858267715 385.79527559055117 41.10236220472441 13.88976377952756 thèse
54.425196850393704 385.79527559055117 27.496062992125985 13.88976377952756 de
68.03149606299213 385.79527559055117 32.031496062992126 13.88976377952756 ces
86.45669291338582 385.79527559055117 68.5984251968504 13.88976377952756 différentes
141.4488188976378 385.79527559055117 64.06299212598425 13.88976377952756 tendances:
191.6220472440945 385.79527559055117 27.496062992125985 13.88976377952756 il
205.51181102362204 385.79527559055117 45.92125984251968 13.88976377952756 débute
237.54330708661416 385.79527559055117 36.56692913385827 13.88976377952756 dans
255.68503937007873 385.79527559055117 18.4251968503937 13.88976377952756 la

27.496062992125985 398.8346456692913 56.69291338582677 10.771653543307087 peinture
70.2992125984252 398.8346456692913 37.98425196850393 10.771653543307087 vers
93.8267716535433 398.8346456692913 37.98425196850393 10.771653543307087 1955
117.63779527559055 398.8346456692913 23.811023622047244 10.771653543307087 à
126.99212598425197 398.8346456692913 52.15748031496063 10.771653543307087 travers
164.9763779527559 398.8346456692913 33.16535433070866 10.771653543307087 des
183.96850393700788 398.8346456692913 75.68503937007874 10.771653543307087 tâtonnements
240.66141732283464 398.8346456692913 33.16535433070866 10.771653543307087 figu-

27.77952755905512 409.6062992125984 44.78740157480315 13.32283464566929 ratifs
59.24409448818898 409.6062992125984 26.929133858267715 13.32283464566929 et
72.56692913385827 409.6062992125984 53.85826771653543 13.32283464566929 parcourt
113.10236220472441 409.6062992125984 36.0 13.32283464566929 bien
135.49606299212599 409.6062992125984 31.46456692913386 13.32283464566929 des
153.35433070866142 409.6062992125984 49.32283464566929 13.32283464566929 chemins
189.35433070866142 409.6062992125984 40.25196850393701 13.32283464566929 avant
216.0 409.6062992125984 58.39370078740158 13.32283464566929 d’aboutir
256.53543307086613 409.6062992125984 17.858267716535433 13.32283464566929 en

28.062992125984252 418.1102362204724 37.13385826771653 14.173228346456693 1960
51.30708661417323 418.1102362204724 23.244094488188978 14.173228346456693 à
60.37795275590551 418.1102362204724 32.59842519685039 14.173228346456693 une
79.08661417322834 418.1102362204724 41.669291338582674 14.173228346456693 forme
106.86614173228347 418.1102362204724 74.26771653543307 14.173228346456693 d’expression
167.24409448818898 418.1102362204724 60.37795275590551 14.173228346456693 originale
213.73228346456693 418.1102362204724 55.84251968503937 14.173228346456693 inspirée
250.86614173228347 418.1102362204724 23.244094488188978 14.173228346456693 par

27.212598425196852 428.31496062992125 34.58267716535433 14.173228346456693 des
46.77165354330709 428.31496062992125 49.60629921259842 14.173228346456693 thèmes
81.63779527559055 428.31496062992125 64.34645669291339 14.173228346456693 végétaux.
130.96062992125985 428.31496062992125 64.34645669291339 14.173228346456693 Observant
180.56692913385828 428.31496062992125 34.58267716535433 14.173228346456693 les
200.40944881889763 428.31496062992125 39.68503937007874 14.173228346456693 bois
220.251968503937 428.31496062992125 54.425196850393704 14.173228346456693 originaux

27.496062992125985 439.65354330708664 31.46456692913386 13.606299212598426 des
45.354330708661415 439.65354330708664 76.25196850393701 13.606299212598426 xylographies,
108.28346456692914 439.65354330708664 26.929133858267715 13.606299212598426 il
121.60629921259843 439.65354330708664 62.645669291338585 13.606299212598426 s’aperçoit
170.9291338582677 439.65354330708664 31.46456692913386 13.606299212598426 des
188.78740157480314 439.65354330708664 71.71653543307086 13.606299212598426 possibilités
242.36220472440945 439.65354330708664 31.46456692913386 13.606299212598426 natu-

27.77952755905512 451.2755905511811 47.338582677165356 13.039370078740157 relles
60.94488188976378 451.2755905511811 33.16535433070866 13.039370078740157 qui
79.93700787401575 451.2755905511811 71.14960629921259 13.039370078740157 sommeillent
136.91338582677164 451.2755905511811 37.98425196850393 13.039370078740157 dans
160.44094488188978 451.2755905511811 33.16535433070866 13.039370078740157 les
179.43307086614172 451.2755905511811 52.15748031496063 13.039370078740157 rythmes
217.41732283464566 451.2755905511811 33.16535433070866 13.039370078740157 des
231.59055118110237 451.2755905511811 42.51968503937008 13.039370078740157 veines,

27.77952755905512 460.62992125984255 33.16535433070866 15.874015748031496 les
46.77165354330709 460.62992125984255 52.15748031496063 15.874015748031496 nuances
84.75590551181102 460.62992125984255 71.14960629921259 15.874015748031496 inattendues
141.73228346456693 460.62992125984255 33.16535433070866 15.874015748031496 qui
160.7244094488189 460.62992125984255 66.33070866141732 15.874015748031496 ressortent
212.88188976377953 460.62992125984255 52.15748031496063 15.874015748031496 lorsque
246.04724409448818 460.62992125984255 28.346456692913385 15.874015748031496 l’on

27.212598425196852 473.9527559055118 50.45669291338583 9.354330708661417 creuse
62.645669291338585 473.9527559055118 35.1496062992126 9.354330708661417 les
82.77165354330708 473.9527559055118 55.275590551181104 9.354330708661417 couches
123.02362204724409 473.9527559055118 80.50393700787401 9.354330708661417 superposées.
188.50393700787401 473.9527559055118 30.330708661417322 9.354330708661417 Ce
203.5275590551181 473.9527559055118 50.45669291338583 9.354330708661417 moment
233.85826771653544 473.9527559055118 40.25196850393701 9.354330708661417 déter-

28.062992125984252 483.0236220472441 36.56692913385827 15.307086614173228 mine
50.74015748031496 483.0236220472441 27.496062992125985 15.307086614173228 la
64.62992125984252 483.0236220472441 54.70866141732284 15.307086614173228 modalité
105.73228346456693 483.0236220472441 27.496062992125985 15.307086614173228 de
119.33858267716535 483.0236220472441 27.496062992125985 15.307086614173228 sa
132.9448818897638 483.0236220472441 59.24409448818898 15.307086614173228 technique
178.58267716535434 483.0236220472441 59.24409448818898 15.307086614173228 actuelle,
224.2204724409449 483.0236220472441 41.10236220472441 15.307086614173228 qu’on
246.89763779527559 483.0236220472441 27.496062992125985 15.307086614173228 peut

27.212598425196852 493.2283464566929 71.14960629921259 14.740157480314961 remarquer
81.92125984251969 493.2283464566929 43.93700787401575 14.740157480314961 dans
109.41732283464567 493.2283464566929 38.267716535433074 14.740157480314961 les
131.24409448818898 493.2283464566929 65.76377952755905 14.740157480314961 tableaux
180.56692913385828 493.2283464566929 60.37795275590551 14.740157480314961 exposés
219.11811023622047 493.2283464566929 54.70866141732284 14.740157480314961 (contre-

28.346456692913385 504.8503937007874 51.874015748031496 11.622047244094489 plaqué,
66.33070866141732 504.8503937007874 51.874015748031496 11.622047244094489 jusqu’à
104.03149606299213 504.8503937007874 37.7007874015748 11.622047244094489 cinq
127.55905511811024 504.8503937007874 51.874015748031496 11.622047244094489 couches
165.25984251968504 504.8503937007874 28.346456692913385 11.622047244094489 de
179.43307086614172 504.8503937007874 42.51968503937008 11.622047244094489 bois,
207.7795275590551 504.8503937007874 56.69291338582677 11.622047244094489 terminés
245.48031496062993 504.8503937007874 28.346456692913385 11.622047244094489 avec

28.346456692913385 515.9055118110236 31.181102362204726 11.338582677165354 des
46.20472440944882 515.9055118110236 49.039370078740156 11.338582677165354 touches
81.92125984251969 515.9055118110236 53.574803149606296 11.338582677165354 d’huile,
122.1732283464567 515.9055118110236 44.503937007874015 11.338582677165354 sobres
153.35433070866142 515.9055118110236 35.71653543307087 11.338582677165354 dans
175.748031496063 515.9055118110236 26.64566929133858 11.338582677165354 la
189.0708661417323 515.9055118110236 49.039370078740156 11.338582677165354 couleur
224.78740157480314 515.9055118110236 26.64566929133858 11.338582677165354 et
233.5748031496063 515.9055118110236 40.25196850393701 11.338582677165354 l’appi-

28.62992125984252 525.8267716535433 52.724409448818896 11.622047244094489 cation).
68.03149606299213 525.8267716535433 39.40157480314961 11.622047244094489 Cette
94.39370078740157 525.8267716535433 56.976377952755904 11.622047244094489 technique
138.04724409448818 525.8267716535433 43.93700787401575 11.622047244094489 permet
168.9448818897638 525.8267716535433 21.826771653543307 11.622047244094489 à
177.73228346456693 525.8267716535433 56.976377952755904 11.622047244094489 l’artiste
221.38582677165354 525.8267716535433 26.362204724409448 11.622047244094489 de
230.17322834645668 525.8267716535433 43.93700787401575 11.622047244094489 réaliser

29.19685039370079 537.1653543307086 30.614173228346456 11.905511811023622 une
46.488188976377955 537.1653543307086 61.22834645669291 11.905511811023622 expérience
94.67716535433071 537.1653543307086 65.48031496062993 11.905511811023622 singulière,
147.11811023622047 537.1653543307086 26.362204724409448 11.905511811023622 où
160.15748031496062 537.1653543307086 74.26771653543307 11.905511811023622 l’originalité
221.38582677165354 537.1653543307086 26.362204724409448 11.905511811023622 de
234.4251968503937 537.1653543307086 30.614173228346456 11.905511811023622 son
247.46456692913387 537.1653543307086 26.362204724409448 11.905511811023622 tem-

28.346456692913385 547.0866141732283 57.826771653543304 16.724409448818896 pérament
71.71653543307086 547.0866141732283 48.188976377952756 16.724409448818896 trouve
105.16535433070867 547.0866141732283 33.732283464566926 16.724409448818896 son
124.44094488188976 547.0866141732283 72.0 16.724409448818896 expression,
182.26771653543307 547.0866141732283 62.36220472440945 16.724409448818896 intégrant
230.17322834645668 547.0866141732283 33.732283464566926 16.724409448818896 les
244.62992125984252 547.0866141732283 28.913385826771652 16.724409448818896 élé-

28.62992125984252 558.992125984252 41.95275590551181 11.338582677165354 ments
56.40944881889764 558.992125984252 65.19685039370079 11.338582677165354 intérieurs
107.71653543307086 558.992125984252 28.062992125984252 11.338582677165354 de
121.60629921259843 558.992125984252 32.59842519685039 11.338582677165354 son
135.49606299212599 558.992125984252 28.062992125984252 11.338582677165354 art.

40.53543307086614 568.0629921259842 29.19685039370079 15.307086614173228 Un
54.99212598425197 568.0629921259842 58.39370078740158 15.307086614173228 critique
98.92913385826772 568.0629921259842 24.37795275590551 15.307086614173228 a
108.56692913385827 568.0629921259842 34.01574803149607 15.307086614173228 dit
128.1259842519685 568.0629921259842 29.19685039370079 15.307086614173228 de
142.58267716535434 568.0629921259842 34.01574803149607 15.307086614173228 son
162.14173228346456 568.0629921259842 68.03149606299213 15.307086614173228 esthétique
215.71653543307087 568.0629921259842 53.574803149606296 15.307086614173228 qu’elle
249.73228346456693 568.0629921259842 24.37795275590551 15.307086614173228 est

28.346456692913385 581.9527559055118 24.661417322834644 16.724409448818896 «
37.98425196850393 581.9527559055118 68.88188976377953 16.724409448818896 rythmique,
92.1259842519685 581.9527559055118 29.480314960629922 16.724409448818896 et
106.86614173228347 581.9527559055118 44.22047244094488 16.724409448818896 aussi
136.3464566929134 581.9527559055118 54.14173228346457 16.724409448818896 sauvage
175.748031496063 581.9527559055118 29.480314960629922 16.724409448818896 et
190.48818897637796 581.9527559055118 68.88188976377953 16.724409448818896 lancinante
239.81102362204723 581.9527559055118 34.2992125984252 16.724409448818896 qu’un

29.480314960629922 591.5905511811023 62.36220472440945 12.472440944881889 hérisson.
77.38582677165354 591.5905511811023 28.913385826771652 12.472440944881889 Le
91.84251968503936 591.5905511811023 43.08661417322835 12.472440944881889 trait
120.75590551181102 591.5905511811023 52.724409448818896 12.472440944881889 incisif
159.0236220472441 591.5905511811023 28.913385826771652 12.472440944881889 et
173.48031496062993 591.5905511811023 52.724409448818896 12.472440944881889 nerveux
211.748031496063 591.5905511811023 28.913385826771652 12.472440944881889 de
221.38582677165354 591.5905511811023 52.724409448818896 12.472440944881889 Colombino

28.913385826771652 604.0629921259842 39.40157480314961 14.740157480314961 crée
53.29133858267716 604.0629921259842 34.2992125984252 14.740157480314961 sur
73.13385826771653 604.0629921259842 29.480314960629922 14.740157480314961 le
87.8740157480315 604.0629921259842 39.40157480314961 14.740157480314961 bois
112.25196850393701 604.0629921259842 34.2992125984252 14.740157480314961 des
132.09448818897638 604.0629921259842 49.039370078740156 14.740157480314961 formes
166.39370078740157 604.0629921259842 73.7007874015748 14.740157480314961 puissantes,
220.251968503937 604.0629921259842 54.14173228346457 14.740157480314961 hautement

29.480314960629922 613.9842519685039 69.16535433070867 16.15748031496063 évocatrices
84.75590551181102 613.9842519685039 27.77952755905512 16.15748031496063 du
98.64566929133858 613.9842519685039 46.20472440944882 16.15748031496063 rythme
130.6771653543307 613.9842519685039 41.38582677165354 16.15748031496063 vital
158.45669291338584 613.9842519685039 27.77952755905512 16.15748031496063 de
172.3464566929134 613.9842519685039 27.77952755905512 16.15748031496063 la
185.95275590551182 613.9842519685039 50.74015748031496 16.15748031496063 nature.
222.8031496062992 613.9842519685039 32.31496062992126 16.15748031496063 Ses
236.69291338582678 613.9842519685039 36.8503937007874 16.15748031496063 compo-

29.480314960629922 623.9055118110236 47.05511811023622 17.291338582677167 sitions
63.77952755905512 623.9055118110236 34.2992125984252 17.291338582677167 font
85.32283464566929 623.9055118110236 47.05511811023622 17.291338582677167 deviser
119.62204724409449 623.9055118110236 25.79527559055118 17.291338582677167 la
132.3779527559055 623.9055118110236 42.803149606299215 17.291338582677167 forêt,
162.4251968503937 623.9055118110236 30.04724409448819 17.291338582677167 les
179.43307086614172 623.9055118110236 47.05511811023622 17.291338582677167 fleurs,
213.73228346456693 623.9055118110236 30.04724409448819 17.291338582677167 les
226.77165354330708 623.9055118110236 47.05511811023622 17.291338582677167 poissons,

24.944881889763778 641.4803149606299 19.84251968503937 10.488188976377952 94
