334.7716535433071 660.7559055118111
77.66929133858268 15.307086614173228 173.76377952755905 17.291338582677167 MANIFESTATIONS
218.26771653543307 15.307086614173228 107.71653543307086 17.291338582677167 ANNEXES

133.22834645669292 45.07086614173228 53.85826771653543 14.456692913385826 GALERIE
171.7795275590551 45.07086614173228 46.20472440944882 14.456692913385826 ZUNINI

81.63779527559055 53.29133858267716 25.228346456692915 17.291338582677167 4,
94.39370078740157 53.29133858267716 29.480314960629922 17.291338582677167 rue
111.11811023622047 53.29133858267716 62.92913385826772 17.291338582677167 Schoelcher.
161.5748031496063 53.29133858267716 37.7007874015748 17.291338582677167 Paris
186.8031496062992 53.29133858267716 37.7007874015748 17.291338582677167 (14e)
212.03149606299212 53.29133858267716 20.976377952755904 17.291338582677167 —
220.251968503937 53.29133858267716 33.732283464566926 17.291338582677167 SEG.
236.9763779527559 53.29133858267716 33.732283464566926 17.291338582677167 44

81.07086614173228 67.18110236220473 61.79527559055118 14.173228346456693 Exposition
129.82677165354332 67.18110236220473 26.64566929133858 14.173228346456693 du
143.1496062992126 67.18110236220473 22.11023622047244 14.173228346456693 5
151.93700787401573 67.18110236220473 48.75590551181102 14.173228346456693 octobre
187.37007874015748 67.18110236220473 26.64566929133858 14.173228346456693 au
200.40944881889763 67.18110236220473 22.11023622047244 14.173228346456693 3
209.48031496062993 67.18110236220473 53.00787401574803 14.173228346456693 novembre
244.62992125984252 67.18110236220473 26.64566929133858 14.173228346456693 1965

84.4724409448819 77.95275590551181 58.67716535433071 15.307086614173228 Vernissage
130.6771653543307 77.95275590551181 25.228346456692915 15.307086614173228 le
143.1496062992126 77.95275590551181 37.7007874015748 15.307086614173228 mardi
168.3779527559055 77.95275590551181 20.976377952755904 15.307086614173228 5
176.5984251968504 77.95275590551181 45.92125984251968 15.307086614173228 octobre
210.04724409448818 77.95275590551181 25.228346456692915 15.307086614173228 de
222.8031496062992 77.95275590551181 25.228346456692915 15.307086614173228 18
235.2755905511811 77.95275590551181 20.976377952755904 15.307086614173228 à
243.49606299212599 77.95275590551181 25.228346456692915 15.307086614173228 24
252.0 77.95275590551181 16.724409448818896 15.307086614173228 h.

107.14960629921259 91.2755905511811 33.44881889763779 12.188976377952756 Tous
128.1259842519685 91.2755905511811 29.19685039370079 12.188976377952756 les
144.8503937007874 91.2755905511811 37.7007874015748 12.188976377952756 jours
170.07874015748033 91.2755905511811 33.44881889763779 12.188976377952756 sauf
191.0551181102362 91.2755905511811 25.228346456692915 12.188976377952756 le
199.2755905511811 91.2755905511811 46.20472440944882 12.188976377952756 dimanche.

104.5984251968504 102.33070866141732 25.228346456692915 15.307086614173228 de
117.35433070866142 102.33070866141732 25.228346456692915 15.307086614173228 11
130.11023622047244 102.33070866141732 21.25984251968504 15.307086614173228 h
138.33070866141733 102.33070866141732 21.25984251968504 15.307086614173228 à
146.83464566929135 102.33070866141732 25.228346456692915 15.307086614173228 12
159.59055118110237 102.33070866141732 21.25984251968504 15.307086614173228 h
168.09448818897638 102.33070866141732 25.228346456692915 15.307086614173228 et
180.56692913385828 102.33070866141732 25.228346456692915 15.307086614173228 de
193.3228346456693 102.33070866141732 25.228346456692915 15.307086614173228 14
206.07874015748033 102.33070866141732 21.25984251968504 15.307086614173228 h
214.58267716535434 102.33070866141732 21.25984251968504 15.307086614173228 à
223.08661417322836 102.33070866141732 25.228346456692915 15.307086614173228 19
231.30708661417322 102.33070866141732 17.007874015748033 15.307086614173228 h.

105.73228346456693 120.75590551181102 51.59055118110236 15.874015748031496 SEPT
143.43307086614172 120.75590551181102 47.05511811023622 15.874015748031496 JEUNES
171.7795275590551 120.75590551181102 75.11811023622047 15.874015748031496 SCULPTEURS

69.44881889763779 130.11023622047244 54.99212598425197 17.007874015748033 David
110.83464566929133 130.11023622047244 59.811023622047244 17.007874015748033 Aven-Anne
156.75590551181102 130.11023622047244 45.92125984251968 17.007874015748033 Doyon-
188.78740157480314 130.11023622047244 45.92125984251968 17.007874015748033 Marcel
216.28346456692913 130.11023622047244 68.88188976377953 17.007874015748033 Dupertuis

73.13385826771653 143.71653543307087 72.56692913385827 13.32283464566929 Pierre-Guy
132.9448818897638 143.71653543307087 51.30708661417323 13.32283464566929 Moreels-
171.49606299212599 143.71653543307087 42.803149606299215 13.32283464566929 Israel
201.25984251968504 143.71653543307087 47.05511811023622 13.32283464566929 Merkado
231.30708661417322 143.71653543307087 51.30708661417323 13.32283464566929 Nissim

107.14960629921259 154.20472440944883 51.59055118110236 11.05511811023622 Regine
146.83464566929135 154.20472440944883 39.68503937007874 11.05511811023622 Petit-
174.61417322834646 154.20472440944883 31.748031496062993 11.05511811023622 Aasa
190.77165354330708 154.20472440944883 55.55905511811024 11.05511811023622 Scherdin

111.68503937007874 162.70866141732284 60.09448818897638 13.606299212598426 présentés
160.44094488188978 162.70866141732284 26.362204724409448 13.606299212598426 par
175.46456692913387 162.70866141732284 41.38582677165354 13.606299212598426 Jeanine
201.82677165354332 162.70866141732284 41.38582677165354 13.606299212598426 Lipsi

51.874015748031496 178.86614173228347 29.19685039370079 13.32283464566929 Les
68.5984251968504 178.86614173228347 33.44881889763779 13.32283464566929 sept
89.5748031496063 178.86614173228347 41.95275590551181 13.32283464566929 jeunes
118.77165354330708 178.86614173228347 58.67716535433071 13.32283464566929 sculpteurs
164.9763779527559 178.86614173228347 41.95275590551181 13.32283464566929 réunis
194.17322834645668 178.86614173228347 20.976377952755904 13.32283464566929 à
202.39370078740157 178.86614173228347 25.228346456692915 13.32283464566929 la
215.1496062992126 178.86614173228347 45.92125984251968 13.32283464566929 Galerie
248.5984251968504 178.86614173228347 41.95275590551181 13.32283464566929 Zunini
277.79527559055117 178.86614173228347 29.19685039370079 13.32283464566929 ont
290.26771653543307 178.86614173228347 16.724409448818896 13.32283464566929 en

50.74015748031496 188.78740157480314 46.77165354330709 12.472440944881889 commun
83.33858267716535 188.78740157480314 32.59842519685039 12.472440944881889 une
102.04724409448819 188.78740157480314 65.48031496062993 12.472440944881889 conception
153.35433070866142 188.78740157480314 56.125984251968504 12.472440944881889 purement
195.30708661417322 188.78740157480314 60.661417322834644 12.472440944881889 plastique
242.07874015748033 188.78740157480314 32.59842519685039 12.472440944881889 des
260.78740157480314 188.78740157480314 46.77165354330709 12.472440944881889 formes
288.8503937007874 188.78740157480314 18.708661417322833 12.472440944881889 et

51.30708661417323 199.84251968503938 24.661417322834644 12.472440944881889 de
63.496062992125985 199.84251968503938 32.881889763779526 12.472440944881889 leur
79.93700787401575 199.84251968503938 57.25984251968504 12.472440944881889 composition.

52.15748031496063 204.66141732283464 35.43307086614173 15.307086614173228 Qu'ils
77.10236220472441 204.66141732283464 53.29133858267716 15.307086614173228 travaillent
119.90551181102362 204.66141732283464 21.25984251968504 15.307086614173228 le
130.6771653543307 204.66141732283464 32.031496062992126 15.307086614173228 bois,
151.93700787401573 204.66141732283464 21.25984251968504 15.307086614173228 la
162.4251968503937 204.66141732283464 39.118110236220474 15.307086614173228 pierre,
191.0551181102362 204.66141732283464 21.25984251968504 15.307086614173228 la
201.82677165354332 204.66141732283464 35.43307086614173 15.307086614173228 terre,
226.48818897637796 204.66141732283464 21.25984251968504 15.307086614173228 le
237.25984251968504 204.66141732283464 35.43307086614173 15.307086614173228 plâtre
262.20472440944883 204.66141732283464 21.25984251968504 15.307086614173228 ou
269.29133858267716 204.66141732283464 39.118110236220474 15.307086614173228 n’importe

51.59055118110236 215.71653543307087 40.818897637795274 13.88976377952756 quelle
79.93700787401575 215.71653543307087 36.56692913385827 13.88976377952756 autre
104.31496062992126 215.71653543307087 44.78740157480315 13.88976377952756 matière
136.91338582677164 215.71653543307087 53.00787401574803 13.88976377952756 première,
177.73228346456693 215.71653543307087 28.62992125984252 13.88976377952756 ces
194.17322834645668 215.71653543307087 56.976377952755904 13.88976377952756 sculpteurs
238.96062992125985 215.71653543307087 44.78740157480315 13.88976377952756 fondent
267.3070866141732 215.71653543307087 40.818897637795274 13.88976377952756 précisé-

51.59055118110236 225.92125984251967 33.732283464566926 13.606299212598426 ment
72.56692913385827 225.92125984251967 37.98425196850393 13.606299212598426 leurs
98.07874015748031 225.92125984251967 58.960629921259844 13.606299212598426 recherches
144.28346456692913 225.92125984251967 29.480314960629922 13.606299212598426 sur
161.00787401574803 225.92125984251967 25.228346456692915 13.606299212598426 le
173.76377952755905 225.92125984251967 50.45669291338583 13.606299212598426 dialogue
211.46456692913387 225.92125984251967 37.98425196850393 13.606299212598426 actif
236.9763779527559 225.92125984251967 33.732283464566926 13.606299212598426 avec
257.9527559055118 225.92125984251967 25.228346456692915 13.606299212598426 le
266.45669291338584 225.92125984251967 42.23622047244095 13.606299212598426 matériau

48.47244094488189 237.82677165354332 33.44881889763779 11.05511811023622 choisi.

51.874015748031496 244.3464566929134 31.46456692913386 13.88976377952756 Pour
71.71653543307086 244.3464566929134 23.52755905511811 13.88976377952756 la
83.33858267716535 244.3464566929134 43.37007874015748 13.88976377952756 rigueur
115.08661417322834 244.3464566929134 27.496062992125985 13.88976377952756 des
130.6771653543307 244.3464566929134 47.338582677165356 13.88976377952756 échanges
166.11023622047244 244.3464566929134 35.43307086614173 13.88976377952756 entre
189.92125984251967 244.3464566929134 35.43307086614173 13.88976377952756 leurs
213.4488188976378 244.3464566929134 55.275590551181104 13.88976377952756 impulsions
256.81889763779526 244.3464566929134 23.52755905511811 13.88976377952756 et
268.7244094488189 244.3464566929134 23.52755905511811 13.88976377952756 la
276.66141732283467 244.3464566929134 31.46456692913386 13.88976377952756 résis-

51.59055118110236 255.68503937007873 35.71653543307087 11.622047244094489 tance
75.4015748031496 255.68503937007873 23.811023622047244 11.622047244094489 de
87.30708661417323 255.68503937007873 23.811023622047244 11.622047244094489 la
99.21259842519684 255.68503937007873 47.62204724409449 11.622047244094489 matière,
134.64566929133858 255.68503937007873 27.77952755905512 11.622047244094489 ils
150.51968503937007 255.68503937007873 59.52755905511811 11.622047244094489 poursuivent
198.14173228346456 255.68503937007873 19.84251968503937 11.622047244094489 à
206.07874015748033 255.68503937007873 43.653543307086615 11.622047244094489 travers
237.82677165354332 255.68503937007873 27.77952755905512 11.622047244094489 les
249.4488188976378 255.68503937007873 59.52755905511811 11.622047244094489 organisations

51.874015748031496 265.3228346456693 59.811023622047244 11.622047244094489 rythmiques
98.92913385826772 265.3228346456693 30.04724409448819 11.622047244094489 des
115.93700787401575 265.3228346456693 47.05511811023622 11.622047244094489 volumes
150.23622047244095 265.3228346456693 51.30708661417323 11.622047244094489 sculptés
188.78740157480314 265.3228346456693 30.04724409448819 11.622047244094489 une
206.07874015748033 265.3228346456693 55.55905511811024 11.622047244094489 véritable
244.3464566929134 265.3228346456693 64.34645669291339 11.622047244094489 interrogation

51.874015748031496 272.6929133858268 24.661417322834644 13.32283464566929 du
64.06299212598425 272.6929133858268 36.8503937007874 13.32283464566929 réel,
88.44094488188976 272.6929133858268 32.59842519685039 13.32283464566929 sans
108.85039370078741 272.6929133858268 32.59842519685039 13.32283464566929 pour
129.54330708661416 272.6929133858268 40.818897637795274 13.32283464566929 autant
157.88976377952756 272.6929133858268 49.039370078740156 13.32283464566929 accepter
194.74015748031496 272.6929133858268 28.62992125984252 13.32283464566929 une
211.1811023622047 272.6929133858268 45.07086614173228 13.32283464566929 étroite
243.7795275590551 272.6929133858268 57.25984251968504 13.32283464566929 dépendance
284.59842519685037 272.6929133858268 24.661417322834644 13.32283464566929 d’un

52.15748031496063 283.748031496063 35.71653543307087 11.338582677165354 sujet
75.96850393700787 283.748031496063 47.62204724409449 11.338582677165354 emprunté
111.96850393700787 283.748031496063 19.84251968503937 11.338582677165354 à
119.90551181102362 283.748031496063 23.811023622047244 11.338582677165354 la
127.84251968503936 283.748031496063 35.71653543307087 11.338582677165354 nature.

52.44094488188976 291.11811023622045 36.56692913385827 14.173228346456693 Comme
76.81889763779527 291.11811023622045 24.37795275590551 14.173228346456693 la
89.00787401574803 291.11811023622045 53.00787401574803 14.173228346456693 sculpture
129.82677165354332 291.11811023622045 28.62992125984252 14.173228346456693 est
145.98425196850394 291.11811023622045 24.37795275590551 14.173228346456693 un
158.17322834645668 291.11811023622045 28.62992125984252 14.173228346456693 art
174.61417322834646 291.11811023622045 24.37795275590551 14.173228346456693 de
186.8031496062992 291.11811023622045 36.56692913385827 14.173228346456693 lente
211.1811023622047 291.11811023622045 56.976377952755904 14.173228346456693 évolution,
255.96850393700788 291.11811023622045 24.37795275590551 14.173228346456693 de
264.18897637795277 291.11811023622045 44.78740157480315 14.173228346456693 réflexion

52.44094488188976 300.755905511811 22.677165354330707 13.88976377952756 et
63.77952755905512 300.755905511811 22.677165354330707 13.88976377952756 de
75.11811023622047 300.755905511811 45.354330708661415 13.88976377952756 patiente
109.13385826771653 300.755905511811 53.00787401574803 13.88976377952756 exécution,
150.8031496062992 300.755905511811 26.362204724409448 13.88976377952756 les
165.82677165354332 300.755905511811 53.00787401574803 13.88976377952756 intentions
207.49606299212599 300.755905511811 22.677165354330707 13.88976377952756 de
218.83464566929135 300.755905511811 49.039370078740156 13.88976377952756 l’artiste
256.53543307086613 300.755905511811 22.677165354330707 13.88976377952756 ne
267.87401574803147 300.755905511811 26.362204724409448 13.88976377952756 s’y
279.21259842519686 300.755905511811 30.330708661417322 13.88976377952756 fixent

52.15748031496063 312.9448818897638 30.330708661417322 12.188976377952756 pas
69.44881889763779 312.9448818897638 52.15748031496063 12.188976377952756 toujours
108.56692913385827 312.9448818897638 65.19685039370079 12.188976377952756 facilement,
160.7244094488189 312.9448818897638 26.078740157480315 12.188976377952756 ni
173.76377952755905 312.9448818897638 73.98425196850394 12.188976377952756 spontanément,
234.70866141732284 312.9448818897638 39.118110236220474 12.188976377952756 aussi
256.53543307086613 312.9448818897638 52.15748031496063 12.188976377952756 avons

51.874015748031496 320.31496062992125 50.74015748031496 12.755905511811024 complété
89.85826771653544 320.31496062992125 37.98425196850393 12.755905511811024 cette
115.37007874015748 320.31496062992125 59.24409448818898 12.755905511811024 exposition
161.85826771653544 320.31496062992125 29.480314960629922 12.755905511811024 par
178.58267716535434 320.31496062992125 50.74015748031496 12.755905511811024 quelques
216.56692913385828 320.31496062992125 46.488188976377955 12.755905511811024 dessins
250.29921259842519 320.31496062992125 29.480314960629922 12.755905511811024 des
263.0551181102362 320.31496062992125 46.488188976377955 12.755905511811024 exposants

52.44094488188976 329.38582677165357 27.77952755905512 13.88976377952756 qui
68.31496062992126 329.38582677165357 55.275590551181104 13.88976377952756 traduisent
111.68503937007874 329.38582677165357 51.30708661417323 13.88976377952756 peut-être
151.37007874015748 329.38582677165357 31.748031496062993 13.88976377952756 plus
171.21259842519686 329.38582677165357 59.24409448818898 13.88976377952756 lisiblement
218.5511811023622 329.38582677165357 27.77952755905512 13.88976377952756 les
234.4251968503937 329.38582677165357 51.30708661417323 13.88976377952756 problèmes
269.8582677165354 329.38582677165357 39.68503937007874 13.88976377952756 sculptu-

53.00787401574803 341.29133858267716 30.89763779527559 12.472440944881889 raux
72.28346456692914 341.29133858267716 38.55118110236221 12.472440944881889 qu’ils
99.49606299212599 341.29133858267716 23.244094488188978 12.472440944881889 se
107.14960629921259 341.29133858267716 34.58267716535433 12.472440944881889 posent.

52.44094488188976 349.51181102362204 66.33070866141732 13.039370078740157 Quelques-uns
106.2992125984252 349.51181102362204 24.944881889763778 13.039370078740157 de
118.77165354330708 349.51181102362204 28.913385826771652 13.039370078740157 ces
135.49606299212599 349.51181102362204 58.110236220472444 13.039370078740157 sculpteurs
181.13385826771653 349.51181102362204 28.913385826771652 13.039370078740157 ont
197.5748031496063 349.51181102362204 28.913385826771652 13.039370078740157 été
214.29921259842519 349.51181102362204 45.63779527559055 13.039370078740157 invités
247.46456692913387 349.51181102362204 20.69291338582677 13.039370078740157 à
255.68503937007873 349.51181102362204 24.944881889763778 13.039370078740157 la
263.90551181102364 349.51181102362204 45.63779527559055 13.039370078740157 Biennale.

52.44094488188976 357.4488188976378 51.59055118110236 15.023622047244094 pourtant
90.99212598425197 357.4488188976378 34.2992125984252 15.023622047244094 nous
112.53543307086615 357.4488188976378 47.338582677165356 15.023622047244094 pensons
147.11811023622047 357.4488188976378 30.04724409448819 15.023622047244094 que
164.1259842519685 357.4488188976378 38.83464566929134 15.023622047244094 mieux
189.92125984251967 357.4488188976378 47.338582677165356 15.023622047244094 isolés,
224.50393700787401 357.4488188976378 38.83464566929134 15.023622047244094 leurs
250.29921259842519 357.4488188976378 43.08661417322835 15.023622047244094 œuvres
276.09448818897636 357.4488188976378 34.2992125984252 15.023622047244094 feront

52.44094488188976 371.62204724409446 54.14173228346457 10.204724409448819 apparaître
95.24409448818898 371.62204724409446 30.89763779527559 10.204724409448819 plus
114.51968503937007 371.62204724409446 54.14173228346457 10.204724409448819 clairement
157.03937007874015 371.62204724409446 34.86614173228347 10.204724409448819 leurs
180.28346456692913 371.62204724409446 34.86614173228347 10.204724409448819 états
199.55905511811022 371.62204724409446 58.110236220472444 10.204724409448819 particuliers.

240.9448818897638 378.70866141732284 41.95275590551181 15.023622047244094 Janine
266.1732283464567 378.70866141732284 33.732283464566926 15.023622047244094 Lipsi.

132.66141732283464 412.4409448818898 61.511811023622045 16.15748031496063 LIBRAIRIE
178.86614173228347 412.4409448818898 50.173228346456696 16.15748031496063 NICAISE

69.16535433070867 425.1968503937008 35.1496062992126 11.622047244094489 145,
90.99212598425197 425.1968503937008 56.976377952755904 11.622047244094489 boulevard
134.64566929133858 425.1968503937008 65.76377952755905 11.622047244094489 St-Germain,
187.08661417322836 425.1968503937008 39.40157480314961 11.622047244094489 Paris
213.4488188976378 425.1968503937008 35.1496062992126 11.622047244094489 (6e)
235.2755905511811 425.1968503937008 21.826771653543307 11.622047244094489 —
244.06299212598427 425.1968503937008 35.1496062992126 11.622047244094489 DAN.
261.6377952755906 425.1968503937008 30.614173228346456 11.622047244094489 62

99.77952755905511 436.53543307086613 61.511811023622045 15.307086614173228 Exposition
147.96850393700788 436.53543307086613 26.362204724409448 15.307086614173228 du
161.00787401574803 436.53543307086613 26.362204724409448 15.307086614173228 15
174.33070866141733 436.53543307086613 26.362204724409448 15.307086614173228 au
187.37007874015748 436.53543307086613 26.362204724409448 15.307086614173228 23
200.40944881889763 436.53543307086613 48.188976377952756 15.307086614173228 octobre
231.30708661417322 436.53543307086613 30.614173228346456 15.307086614173228 1965.

79.37007874015748 447.87401574803147 59.24409448818898 12.472440944881889 Vernissage
125.85826771653544 447.87401574803147 25.228346456692915 12.472440944881889 le
138.61417322834646 447.87401574803147 50.74015748031496 12.472440944881889 vendredi
176.5984251968504 447.87401574803147 25.228346456692915 12.472440944881889 15
189.0708661417323 447.87401574803147 46.488188976377955 12.472440944881889 octobre
222.8031496062992 447.87401574803147 25.228346456692915 12.472440944881889 de
235.55905511811022 447.87401574803147 25.228346456692915 12.472440944881889 16
248.31496062992127 447.87401574803147 20.976377952755904 12.472440944881889 à
256.81889763779526 447.87401574803147 25.228346456692915 12.472440944881889 20
265.03937007874015 447.87401574803147 17.007874015748033 12.472440944881889 h.

112.53543307086615 461.76377952755905 34.01574803149607 11.622047244094489 Tous
133.79527559055117 461.76377952755905 29.763779527559056 11.622047244094489 les
150.8031496062992 461.76377952755905 38.267716535433074 11.622047244094489 jours
176.31496062992127 461.76377952755905 34.01574803149607 11.622047244094489 sauf
197.5748031496063 461.76377952755905 25.511811023622048 11.622047244094489 le
206.07874015748033 461.76377952755905 42.51968503937008 11.622047244094489 dimanche

97.79527559055119 471.40157480314963 25.511811023622048 16.440944881889763 de
110.55118110236221 471.40157480314963 21.25984251968504 16.440944881889763 9
119.05511811023622 471.40157480314963 21.25984251968504 16.440944881889763 h
127.55905511811024 471.40157480314963 25.511811023622048 16.440944881889763 30
140.31496062992127 471.40157480314963 21.25984251968504 16.440944881889763 à
148.8188976377953 471.40157480314963 25.511811023622048 16.440944881889763 12
161.5748031496063 471.40157480314963 21.25984251968504 16.440944881889763 h
170.07874015748033 471.40157480314963 25.511811023622048 16.440944881889763 30
182.83464566929135 471.40157480314963 25.511811023622048 16.440944881889763 et
195.30708661417322 471.40157480314963 25.511811023622048 16.440944881889763 de
208.06299212598427 471.40157480314963 25.511811023622048 16.440944881889763 14
220.8188976377953 471.40157480314963 21.25984251968504 16.440944881889763 h
229.3228346456693 471.40157480314963 21.25984251968504 16.440944881889763 à
237.82677165354332 471.40157480314963 25.511811023622048 16.440944881889763 19
246.33070866141733 471.40157480314963 17.007874015748033 16.440944881889763 h.

91.2755905511811 490.96062992125985 51.874015748031496 13.039370078740157 YVES
128.9763779527559 490.96062992125985 47.05511811023622 13.039370078740157 JOBERT
161.85826771653544 490.96062992125985 28.346456692913385 13.039370078740157 ET
176.03149606299212 490.96062992125985 32.881889763779526 13.039370078740157 LES
190.20472440944883 490.96062992125985 79.93700787401575 13.039370078740157 IMPENITENTS

53.85826771653543 502.86614173228344 22.96062992125984 17.858267716535433 II
65.48031496062993 502.86614173228344 30.614173228346456 17.858267716535433 nous
84.75590551181102 502.86614173228344 38.267716535433074 17.858267716535433 paraît
111.68503937007874 502.86614173228344 57.54330708661417 17.858267716535433 intéressant
157.60629921259843 502.86614173228344 22.96062992125984 17.858267716535433 de
169.22834645669292 502.86614173228344 49.889763779527556 17.858267716535433 présenter
207.49606299212599 502.86614173228344 34.58267716535433 17.858267716535433 cette
230.74015748031496 502.86614173228344 53.85826771653543 17.858267716535433 exposition
269.00787401574803 502.86614173228344 42.23622047244095 17.858267716535433 organisée

53.85826771653543 519.3070866141733 68.03149606299213 11.622047244094489 parallèlement
109.98425196850394 519.3070866141733 20.125984251968504 11.622047244094489 à
117.92125984251969 519.3070866141733 24.094488188976378 11.622047244094489 la
130.11023622047244 519.3070866141733 48.188976377952756 11.622047244094489 Biennale
166.11023622047244 519.3070866141733 24.094488188976378 11.622047244094489 de
178.01574803149606 519.3070866141733 39.968503937007874 11.622047244094489 Paris,
206.07874015748033 519.3070866141733 28.062992125984252 11.622047244094489 par
222.23622047244095 519.3070866141733 24.094488188976378 11.622047244094489 la
234.14173228346456 519.3070866141733 44.22047244094488 11.622047244094489 Société
266.1732283464567 519.3070866141733 24.094488188976378 11.622047244094489 de
274.3937007874016 519.3070866141733 36.0 11.622047244094489 Biblio-

53.85826771653543 528.6614173228346 36.8503937007874 10.771653543307087 phile
78.23622047244095 528.6614173228346 20.409448818897637 10.771653543307087 e
86.45669291338582 528.6614173228346 28.62992125984252 10.771653543307087 Les
102.89763779527559 528.6614173228346 61.22834645669291 10.771653543307087 Impénitents
151.93700787401573 528.6614173228346 32.59842519685039 10.771653543307087 dont
172.3464566929134 528.6614173228346 24.661417322834644 10.771653543307087 le
184.53543307086613 528.6614173228346 28.62992125984252 10.771653543307087 but
200.9763779527559 528.6614173228346 53.00787401574803 10.771653543307087 essentiel
241.79527559055117 528.6614173228346 28.62992125984252 10.771653543307087 est
258.23622047244095 528.6614173228346 24.661417322834644 10.771653543307087 de
266.1732283464567 528.6614173228346 45.07086614173228 10.771653543307087 découvrir

53.29133858267716 536.0314960629921 41.669291338582674 12.755905511811024 depuis
82.48818897637796 536.0314960629921 29.19685039370079 12.755905511811024 dix
99.21259842519684 536.0314960629921 29.19685039370079 12.755905511811024 ans
115.93700787401575 536.0314960629921 24.944881889763778 12.755905511811024 de
128.40944881889763 536.0314960629921 41.669291338582674 12.755905511811024 jeunes
157.60629921259843 536.0314960629921 49.889763779527556 12.755905511811024 graveurs
195.0236220472441 536.0314960629921 70.86614173228347 12.755905511811024 illustrateurs
249.16535433070865 536.0314960629921 62.36220472440945 12.755905511811024 (quelques

53.29133858267716 545.3858267716536 33.44881889763779 12.755905511811024 sont
74.26771653543307 545.3858267716536 58.39370078740158 12.755905511811024 maintenant
119.90551181102362 545.3858267716536 24.944881889763778 12.755905511811024 de
132.3779527559055 545.3858267716536 41.669291338582674 12.755905511811024 jeunes
161.5748031496063 545.3858267716536 49.889763779527556 12.755905511811024 maîtres)
198.99212598425197 545.3858267716536 24.944881889763778 12.755905511811024 et
211.46456692913387 545.3858267716536 24.944881889763778 12.755905511811024 de
224.2204724409449 545.3858267716536 33.44881889763779 12.755905511811024 leur
244.91338582677164 545.3858267716536 54.14173228346457 12.755905511811024 permettre
286.5826771653543 545.3858267716536 24.944881889763778 12.755905511811024 de
294.8031496062992 545.3858267716536 16.724409448818896 12.755905511811024 se

54.14173228346457 558.4251968503937 55.275590551181104 8.78740157480315 manifester
97.51181102362204 558.4251968503937 31.46456692913386 8.78740157480315 plus
117.35433070866142 558.4251968503937 51.30708661417323 8.78740157480315 largement
156.75590551181102 558.4251968503937 31.46456692913386 8.78740157480315 dans
176.5984251968504 558.4251968503937 35.43307086614173 8.78740157480315 l’art
200.40944881889763 558.4251968503937 23.811023622047244 8.78740157480315 du
208.3464566929134 558.4251968503937 31.46456692913386 8.78740157480315 Livre.

53.85826771653543 564.6614173228346 39.40157480314961 13.039370078740157 Cette
79.93700787401575 564.6614173228346 43.653543307086615 13.039370078740157 année,
110.55118110236221 564.6614173228346 34.86614173228347 13.039370078740157 Yves
132.3779527559055 564.6614173228346 43.653543307086615 13.039370078740157 Jobert
162.99212598425197 564.6614173228346 21.826771653543307 13.039370078740157 a
171.7795275590551 564.6614173228346 39.40157480314961 13.039370078740157 gravé
197.85826771653544 564.6614173228346 39.40157480314961 13.039370078740157 seize
224.2204724409449 564.6614173228346 43.653543307086615 13.039370078740157 burins
254.83464566929135 564.6614173228346 52.44094488188976 13.039370078740157 découpés
289.7007874015748 564.6614173228346 21.826771653543307 13.039370078740157 sur

53.574803149606296 572.8818897637796 43.08661417322835 13.039370078740157 cuivre
83.62204724409449 572.8818897637796 25.79527559055118 13.039370078740157 et
96.37795275590551 572.8818897637796 34.2992125984252 13.039370078740157 deux
117.92125984251969 572.8818897637796 34.2992125984252 13.039370078740157 bois
139.46456692913387 572.8818897637796 34.2992125984252 13.039370078740157 pour
161.00787401574803 572.8818897637796 55.84251968503937 13.039370078740157 illustrer
203.81102362204723 572.8818897637796 25.79527559055118 13.039370078740157 ««
216.8503937007874 572.8818897637796 25.79527559055118 13.039370078740157 La
229.60629921259843 572.8818897637796 38.55118110236221 13.039370078740157 Photo
255.4015748031496 572.8818897637796 25.79527559055118 13.039370078740157 du
263.90551181102364 572.8818897637796 47.338582677165356 13.039370078740157 Colonel**

53.29133858267716 583.3700787401575 53.574803149606296 11.338582677165354 d’Eugène
93.54330708661418 583.3700787401575 49.039370078740156 11.338582677165354 lonesco
129.25984251968504 583.3700787401575 26.64566929133858 11.338582677165354 et
142.58267716535434 583.3700787401575 53.574803149606296 11.338582677165354 complète
182.5511811023622 583.3700787401575 39.968503937007874 11.338582677165354 cette
209.1968503937008 583.3700787401575 62.36220472440945 11.338582677165354 exposition
258.23622047244095 583.3700787401575 49.039370078740156 11.338582677165354 ouverte
289.4173228346457 583.3700787401575 22.393700787401574 11.338582677165354 aux

53.574803149606296 592.1574803149606 39.68503937007874 13.039370078740157 jeunes
81.35433070866142 592.1574803149606 47.62204724409449 13.039370078740157 amateurs
117.07086614173228 592.1574803149606 23.811023622047244 13.039370078740157 et
128.9763779527559 592.1574803149606 63.496062992125985 13.039370078740157 bibliophiles
180.56692913385828 592.1574803149606 27.77952755905512 13.039370078740157 par
196.44094488188978 592.1574803149606 27.77952755905512 13.039370078740157 des
212.31496062992127 592.1574803149606 47.62204724409449 13.039370078740157 estampes
248.03149606299212 592.1574803149606 23.811023622047244 13.039370078740157 et
259.93700787401576 592.1574803149606 27.77952755905512 13.039370078740157 des
271.84251968503935 592.1574803149606 39.68503937007874 13.039370078740157 dessins.

53.85826771653543 602.0787401574803 31.181102362204726 11.05511811023622 Yves
73.41732283464567 602.0787401574803 43.08661417322835 11.05511811023622 Jobert,
104.5984251968504 602.0787401574803 23.52755905511811 11.05511811023622 né
116.50393700787401 602.0787401574803 19.559055118110237 11.05511811023622 a
124.15748031496064 602.0787401574803 35.1496062992126 11.05511811023622 Paris
147.68503937007873 602.0787401574803 23.52755905511811 11.05511811023622 en
159.30708661417322 602.0787401574803 31.181102362204726 11.05511811023622 1930
178.86614173228347 602.0787401574803 19.559055118110237 11.05511811023622 a
186.8031496062992 602.0787401574803 50.74015748031496 11.05511811023622 participé
225.92125984251967 602.0787401574803 19.559055118110237 11.05511811023622 à
233.5748031496063 602.0787401574803 23.52755905511811 11.05511811023622 la
245.48031496062993 602.0787401574803 31.181102362204726 11.05511811023622 IIle
265.03937007874015 602.0787401574803 46.77165354330709 11.05511811023622 Biennale
296.2204724409449 602.0787401574803 15.590551181102363 11.05511811023622 de

54.70866141732284 612.2834645669292 35.71653543307087 12.188976377952756 Paris
78.51968503937007 612.2834645669292 27.77952755905512 12.188976377952756 qui
94.39370078740157 612.2834645669292 27.77952755905512 12.188976377952756 lui
110.26771653543307 612.2834645669292 19.84251968503937 12.188976377952756 a
118.20472440944881 612.2834645669292 35.71653543307087 12.188976377952756 édité
142.01574803149606 612.2834645669292 27.77952755905512 12.188976377952756 une
157.88976377952756 612.2834645669292 23.811023622047244 12.188976377952756 de
169.51181102362204 612.2834645669292 27.77952755905512 12.188976377952756 ses
185.38582677165354 612.2834645669292 47.62204724409449 12.188976377952756 estampes
221.10236220472441 612.2834645669292 23.811023622047244 12.188976377952756 en
229.03937007874015 612.2834645669292 27.77952755905512 12.188976377952756 1963.

288.0 627.5905511811023 22.677165354330707 11.905511811023622 201
