334.7716535433071 660.7559055118111
75.4015748031496 11.622047244094489 170.64566929133858 25.511811023622048 MANIFESTATIONS
213.4488188976378 11.622047244094489 97.51181102362204 25.511811023622048 ANNEXE

89.5748031496063 62.645669291338585 62.645669291338585 16.15748031496063 GALERIE
138.89763779527559 62.645669291338585 26.929133858267715 16.15748031496063 LE
152.2204724409449 62.645669291338585 44.78740157480315 16.15748031496063 SOLEIL
183.68503937007873 62.645669291338585 35.71653543307087 16.15748031496063 DANS
206.07874015748033 62.645669291338585 26.929133858267715 16.15748031496063 LA
214.86614173228347 62.645669291338585 44.78740157480315 16.15748031496063 TETE

77.66929133858268 72.28346456692914 29.19685039370079 17.007874015748033 10,
94.39370078740157 72.28346456692914 29.19685039370079 17.007874015748033 rue
111.11811023622047 72.28346456692914 24.944881889763778 17.007874015748033 de
123.59055118110236 72.28346456692914 58.110236220472444 17.007874015748033 Vaugirard,
169.22834645669292 72.28346456692914 37.41732283464567 17.007874015748033 Paris
194.17322834645668 72.28346456692914 33.16535433070866 17.007874015748033 (6e)
215.1496062992126 72.28346456692914 20.69291338582677 17.007874015748033 —
223.37007874015748 72.28346456692914 33.16535433070866 17.007874015748033 ODE.
240.09448818897638 72.28346456692914 33.16535433070866 17.007874015748033 80

93.25984251968504 85.88976377952756 59.811023622047244 17.5748031496063 Exposition
140.31496062992127 85.88976377952756 25.511811023622048 17.5748031496063 du
153.0708661417323 85.88976377952756 30.04724409448819 17.5748031496063 1er
170.07874015748033 85.88976377952756 25.511811023622048 17.5748031496063 au
183.11811023622047 85.88976377952756 25.511811023622048 17.5748031496063 29
195.8740157480315 85.88976377952756 47.05511811023622 17.5748031496063 octobre
225.63779527559055 85.88976377952756 30.04724409448819 17.5748031496063 1965.

80.50393700787401 95.5275590551181 58.960629921259844 18.708661417322833 Vernissage
126.99212598425197 95.5275590551181 25.228346456692915 18.708661417322833 le
139.748031496063 95.5275590551181 42.23622047244095 18.708661417322833 samedi
169.22834645669292 95.5275590551181 20.976377952755904 18.708661417322833 2
177.73228346456693 95.5275590551181 46.488188976377955 18.708661417322833 octobre
211.46456692913387 95.5275590551181 25.228346456692915 18.708661417322833 de
223.93700787401573 95.5275590551181 25.228346456692915 18.708661417322833 18
236.69291338582678 95.5275590551181 20.976377952755904 18.708661417322833 à
245.1968503937008 95.5275590551181 25.228346456692915 18.708661417322833 21
253.41732283464566 95.5275590551181 17.007874015748033 18.708661417322833 h.

107.43307086614173 109.13385826771653 34.01574803149607 11.622047244094489 Tous
128.69291338582678 109.13385826771653 29.763779527559056 11.622047244094489 les
145.70078740157481 109.13385826771653 38.267716535433074 11.622047244094489 jours
171.21259842519686 109.13385826771653 34.01574803149607 11.622047244094489 sauf
192.4724409448819 109.13385826771653 25.511811023622048 11.622047244094489 le
200.9763779527559 109.13385826771653 42.51968503937008 11.622047244094489 dimanche

97.51181102362204 117.63779527559055 25.511811023622048 17.291338582677167 de
110.26771653543307 117.63779527559055 25.511811023622048 17.291338582677167 10
123.02362204724409 117.63779527559055 21.25984251968504 17.291338582677167 h
131.24409448818898 117.63779527559055 21.25984251968504 17.291338582677167 à
139.748031496063 117.63779527559055 25.511811023622048 17.291338582677167 12
152.50393700787401 117.63779527559055 21.25984251968504 17.291338582677167 h
161.00787401574803 117.63779527559055 25.511811023622048 17.291338582677167 30
173.76377952755905 117.63779527559055 25.511811023622048 17.291338582677167 et
186.23622047244095 117.63779527559055 25.511811023622048 17.291338582677167 de
198.99212598425197 117.63779527559055 25.511811023622048 17.291338582677167 14
211.748031496063 117.63779527559055 21.25984251968504 17.291338582677167 h
220.251968503937 117.63779527559055 21.25984251968504 17.291338582677167 à
228.75590551181102 117.63779527559055 25.511811023622048 17.291338582677167 19
236.9763779527559 117.63779527559055 17.007874015748033 17.291338582677167 h.

116.22047244094489 133.79527559055117 60.94488188976378 15.023622047244094 DESSINS
164.1259842519685 133.79527559055117 30.614173228346456 15.023622047244094 DES
177.16535433070865 133.79527559055117 60.94488188976378 15.023622047244094 ARTISTES

84.75590551181102 141.73228346456693 64.91338582677166 20.125984251968504 INVITES
135.49606299212599 141.73228346456693 32.31496062992126 20.125984251968504 PAR
154.20472440944883 141.73228346456693 32.31496062992126 20.125984251968504 LES
172.62992125984252 141.73228346456693 46.20472440944882 20.125984251968504 JEUNES
200.40944881889763 141.73228346456693 69.44881889763779 20.125984251968504 CRITIQUES

51.30708661417323 157.3228346456693 20.409448818897637 17.5748031496063 «
59.24409448818898 157.3228346456693 24.37795275590551 17.5748031496063 Le
71.43307086614173 157.3228346456693 40.818897637795274 17.5748031496063 Soleil
100.06299212598425 157.3228346456693 32.59842519685039 17.5748031496063 dans
120.4724409448819 157.3228346456693 24.37795275590551 17.5748031496063 la
132.66141732283464 157.3228346456693 32.59842519685039 17.5748031496063 Tête
157.03937007874015 157.3228346456693 24.37795275590551 17.5748031496063 en
169.22834645669292 157.3228346456693 40.818897637795274 17.5748031496063 accord
197.5748031496063 157.3228346456693 32.59842519685039 17.5748031496063 avec
217.98425196850394 157.3228346456693 24.37795275590551 17.5748031496063 la
230.17322834645668 157.3228346456693 48.75590551181102 17.5748031496063 Biennale
266.74015748031496 157.3228346456693 24.37795275590551 17.5748031496063 de
274.96062992125985 157.3228346456693 32.59842519685039 17.5748031496063 Paris,

51.59055118110236 169.22834645669292 49.60629921259842 19.275590551181104 présente
89.00787401574803 169.22834645669292 28.913385826771652 19.275590551181104 les
105.44881889763779 169.22834645669292 45.354330708661415 19.275590551181104 dessins
138.33070866141733 169.22834645669292 28.913385826771652 19.275590551181104 des
155.0551181102362 169.22834645669292 49.60629921259842 19.275590551181104 peintres
192.18897637795277 169.22834645669292 45.354330708661415 19.275590551181104 choisis
225.35433070866142 169.22834645669292 28.913385826771652 19.275590551181104 par
241.79527559055117 169.22834645669292 20.69291338582677 19.275590551181104 «
250.01574803149606 169.22834645669292 24.661417322834644 19.275590551181104 La
262.48818897637796 169.22834645669292 37.13385826771653 19.275590551181104 jeune
283.18110236220474 169.22834645669292 24.661417322834644 19.275590551181104 cri-

51.30708661417323 178.29921259842519 38.55118110236221 18.992125984251967 tique
81.35433070866142 178.29921259842519 34.2992125984252 18.992125984251967 afin
102.61417322834646 178.29921259842519 25.79527559055118 18.992125984251967 de
115.37007874015748 178.29921259842519 21.543307086614174 18.992125984251967 *
124.15748031496064 178.29921259842519 42.803149606299215 18.992125984251967 donner
153.92125984251967 178.29921259842519 21.543307086614174 18.992125984251967 à
162.70866141732284 178.29921259842519 42.803149606299215 18.992125984251967 voir::
192.4724409448819 178.29921259842519 30.04724409448819 18.992125984251967 aux
209.76377952755905 178.29921259842519 51.30708661417323 18.992125984251967 amateurs
248.31496062992127 178.29921259842519 38.55118110236221 18.992125984251967 d’art
269.5748031496063 178.29921259842519 38.55118110236221 18.992125984251967 nouveau

51.874015748031496 190.20472440944883 25.79527559055118 14.740157480314961 un
64.62992125984252 190.20472440944883 51.30708661417323 14.740157480314961 panorama
103.18110236220473 190.20472440944883 34.2992125984252 14.740157480314961 plus
124.7244094488189 190.20472440944883 47.05511811023622 14.740157480314961 complet
158.74015748031496 190.20472440944883 30.04724409448819 14.740157480314961 des
176.03149606299212 190.20472440944883 42.803149606299215 14.740157480314961 œuvres
206.07874015748033 190.20472440944883 25.79527559055118 14.740157480314961 de
218.83464566929135 190.20472440944883 30.04724409448819 14.740157480314961 ces
235.84251968503938 190.20472440944883 42.803149606299215 14.740157480314961 jeunes
261.6377952755906 190.20472440944883 47.05511811023622 14.740157480314961 artistes.

52.44094488188976 202.6771653543307 23.244094488188978 15.023622047244094 le
64.06299212598425 202.6771653543307 38.55118110236221 15.023622047244094 dessin
91.2755905511811 202.6771653543307 34.86614173228347 15.023622047244094 étant
114.23622047244095 202.6771653543307 54.14173228346457 15.023622047244094 l’ossature
156.75590551181102 202.6771653543307 23.244094488188978 15.023622047244094 de
168.3779527559055 202.6771653543307 34.86614173228347 15.023622047244094 toute
187.6535433070866 202.6771653543307 42.51968503937008 15.023622047244094 peinture.

120.18897637795276 457.2283464566929 65.48031496062993 14.740157480314961 GALERIE
171.7795275590551 457.2283464566929 28.062992125984252 14.740157480314961 DU
181.13385826771653 457.2283464566929 70.2992125984252 14.740157480314961 TOURNESOL

90.4251968503937 466.86614173228344 29.19685039370079 16.15748031496063 36,
107.14960629921259 466.86614173228344 29.19685039370079 16.15748031496063 rue
123.8740157480315 466.86614173228344 25.228346456692915 16.15748031496063 de
136.62992125984252 466.86614173228344 54.425196850393704 16.15748031496063 Verneuil,
178.29921259842519 466.86614173228344 37.7007874015748 16.15748031496063 Paris
203.5275590551181 466.86614173228344 33.44881889763779 16.15748031496063 (7e)
224.2204724409449 466.86614173228344 20.976377952755904 16.15748031496063 —
232.7244094488189 466.86614173228344 33.44881889763779 16.15748031496063 BAB.
249.4488188976378 466.86614173228344 33.44881889763779 16.15748031496063 42

109.41732283464567 479.33858267716533 62.07874015748032 15.874015748031496 Exposition
158.17322834645668 479.33858267716533 26.64566929133858 15.874015748031496 du
171.49606299212599 479.33858267716533 22.11023622047244 15.874015748031496 5
180.28346456692913 479.33858267716533 26.64566929133858 15.874015748031496 au
193.60629921259843 479.33858267716533 26.64566929133858 15.874015748031496 23
206.9291338582677 479.33858267716533 48.75590551181102 15.874015748031496 octobre
237.82677165354332 479.33858267716533 26.64566929133858 15.874015748031496 1965

94.67716535433071 492.09448818897636 58.960629921259844 14.740157480314961 Vernissage
140.88188976377953 492.09448818897636 25.228346456692915 14.740157480314961 le
153.63779527559055 492.09448818897636 37.98425196850393 14.740157480314961 mardi
178.86614173228347 492.09448818897636 20.976377952755904 14.740157480314961 5
187.37007874015748 492.09448818897636 46.20472440944882 14.740157480314961 octobre
220.8188976377953 492.09448818897636 25.228346456692915 14.740157480314961 de
233.5748031496063 492.09448818897636 25.228346456692915 14.740157480314961 18
246.04724409448818 492.09448818897636 20.976377952755904 14.740157480314961 à
254.5511811023622 492.09448818897636 25.228346456692915 14.740157480314961 22
263.0551181102362 492.09448818897636 16.724409448818896 14.740157480314961 h.

97.79527559055119 503.1496062992126 32.59842519685039 18.4251968503937 Tous
118.20472440944881 503.1496062992126 28.62992125984252 18.4251968503937 les
134.36220472440945 503.1496062992126 36.8503937007874 18.4251968503937 jours
159.0236220472441 503.1496062992126 32.59842519685039 18.4251968503937 sauf
179.43307086614172 503.1496062992126 24.37795275590551 18.4251968503937 le
191.6220472440945 503.1496062992126 49.039370078740156 18.4251968503937 dimanche
228.18897637795277 503.1496062992126 24.37795275590551 18.4251968503937 et
240.3779527559055 503.1496062992126 24.37795275590551 18.4251968503937 le
248.5984251968504 503.1496062992126 28.62992125984252 18.4251968503937 lundi

138.89763779527559 515.0551181102362 26.362204724409448 15.590551181102363 de
152.2204724409449 515.0551181102362 26.362204724409448 15.590551181102363 15
165.54330708661416 515.0551181102362 22.11023622047244 15.590551181102363 n
174.33070866141733 515.0551181102362 26.362204724409448 15.590551181102363 30
187.37007874015748 515.0551181102362 22.11023622047244 15.590551181102363 à
196.15748031496062 515.0551181102362 26.362204724409448 15.590551181102363 19
209.48031496062993 515.0551181102362 22.11023622047244 15.590551181102363 n
213.73228346456693 515.0551181102362 22.11023622047244 15.590551181102363 30.

135.49606299212599 537.1653543307086 38.267716535433074 19.559055118110237 UN
161.00787401574803 537.1653543307086 25.511811023622048 19.559055118110237 AN
169.51181102362204 537.1653543307086 72.0 19.559055118110237 D’EXISTENCE

61.22834645669291 555.8740157480315 27.77952755905512 20.409448818897637 Les
77.10236220472441 555.8740157480315 31.748031496062993 20.409448818897637 sept
96.94488188976378 555.8740157480315 39.68503937007874 20.409448818897637 jeunes
124.7244094488189 555.8740157480315 51.59055118110236 20.409448818897637 peintres,
164.40944881889763 555.8740157480315 55.55905511811024 20.409448818897637 Boltanski,
207.7795275590551 555.8740157480315 59.52755905511811 20.409448818897637 Bonneville,
255.4015748031496 555.8740157480315 43.653543307086615 20.409448818897637 Indali,
287.1496062992126 555.8740157480315 23.811023622047244 20.409448818897637 Le
295.0866141732283 555.8740157480315 23.811023622047244 20.409448818897637 Gac,

60.94488188976378 572.5984251968504 51.59055118110236 12.755905511811024 Mollien,
99.49606299212599 572.5984251968504 38.55118110236221 12.755905511811024 Ramon
125.29133858267717 572.5984251968504 25.79527559055118 12.755905511811024 et
138.04724409448818 572.5984251968504 47.05511811023622 12.755905511811024 Romero,
172.3464566929134 572.5984251968504 30.04724409448819 12.755905511811024 qui
189.63779527559055 572.5984251968504 64.34645669291339 12.755905511811024 participent
241.22834645669292 572.5984251968504 21.543307086614174 12.755905511811024 à
249.73228346456693 572.5984251968504 38.55118110236221 12.755905511811024 cette
271.2755905511811 572.5984251968504 47.05511811023622 12.755905511811024 présenta-

60.94488188976378 579.1181102362204 30.89763779527559 15.590551181102363 tion
80.22047244094489 579.1181102362204 26.929133858267715 15.590551181102363 ont
95.81102362204724 579.1181102362204 23.244094488188978 15.590551181102363 eu
107.43307086614173 579.1181102362204 26.929133858267715 15.590551181102363 une
122.74015748031496 579.1181102362204 53.85826771653543 15.590551181102363 exposition
164.9763779527559 579.1181102362204 61.511811023622045 15.590551181102363 particulière
215.1496062992126 579.1181102362204 19.275590551181104 15.590551181102363 à
222.8031496062992 579.1181102362204 23.244094488188978 15.590551181102363 la
234.4251968503937 579.1181102362204 42.51968503937008 15.590551181102363 Galerie
265.3228346456693 579.1181102362204 23.244094488188978 15.590551181102363 du
272.9763779527559 579.1181102362204 46.20472440944882 15.590551181102363 Tournesol.

61.79527559055118 588.4724409448819 23.52755905511811 14.740157480314961 Et
73.7007874015748 588.4724409448819 35.1496062992126 14.740157480314961 c’est
96.94488188976378 588.4724409448819 23.52755905511811 14.740157480314961 le
108.56692913385827 588.4724409448819 35.1496062992126 14.740157480314961 bilan
132.09448818897638 588.4724409448819 31.181102362204726 14.740157480314961 d’un
151.6535433070866 588.4724409448819 23.52755905511811 14.740157480314961 an
163.2755905511811 588.4724409448819 62.36220472440945 14.740157480314961 d’existence,
214.01574803149606 588.4724409448819 42.803149606299215 14.740157480314961 pendant
245.1968503937008 588.4724409448819 39.118110236220474 14.740157480314961 lequel
272.6929133858268 588.4724409448819 31.181102362204726 14.740157480314961 elle
288.2834645669291 588.4724409448819 31.181102362204726 14.740157480314961 essaya

60.94488188976378 597.5433070866142 27.212598425196852 15.023622047244094 de
74.55118110236221 597.5433070866142 40.818897637795274 15.023622047244094 créer
101.76377952755905 597.5433070866142 31.748031496062993 15.023622047244094 des
119.90551181102362 597.5433070866142 54.425196850393704 15.023622047244094 rapports
160.7244094488189 597.5433070866142 54.425196850393704 15.023622047244094 nouveaux
201.54330708661416 597.5433070866142 40.818897637795274 15.023622047244094 entre
228.75590551181102 597.5433070866142 58.960629921259844 15.023622047244094 marchand,
274.1102362204724 597.5433070866142 45.354330708661415 15.023622047244094 public
301.3228346456693 597.5433070866142 18.141732283464567 15.023622047244094 et

61.79527559055118 609.7322834645669 50.74015748031496 16.15748031496063 artistes,
100.91338582677166 609.7322834645669 27.496062992125985 16.15748031496063 que
116.50393700787401 609.7322834645669 31.181102362204726 16.15748031496063 nous
136.06299212598427 609.7322834645669 46.77165354330709 16.15748031496063 présente
171.21259842519686 609.7322834645669 35.1496062992126 16.15748031496063 cette
190.77165354330708 609.7322834645669 39.118110236220474 16.15748031496063 galerie.

296.2204724409449 621.9212598425197 24.661417322834644 13.606299212598426 159
