307.84251968503935 672.6614173228346
11.338582677165354 24.37795275590551 87.02362204724409 17.858267716535433 HONGRIE

56.69291338582677 143.71653543307087 79.93700787401575 17.858267716535433 Commissaire
120.75590551181102 143.71653543307087 64.06299212598425 17.858267716535433 général:
168.66141732283464 143.71653543307087 53.29133858267716 17.858267716535433 Sandor
200.69291338582678 143.71653543307087 58.67716535433071 17.858267716535433 Hemberger

57.25984251968504 158.74015748031496 48.75590551181102 15.874015748031496 Directeur
94.67716535433071 158.74015748031496 26.078740157480315 15.874015748031496 des
109.7007874015748 158.74015748031496 56.125984251968504 15.874015748031496 Expositions
154.48818897637796 158.74015748031496 18.708661417322833 15.874015748031496 à
161.85826771653544 158.74015748031496 52.44094488188976 15.874015748031496 l’Institut
202.96062992125985 158.74015748031496 26.078740157480315 15.874015748031496 des
217.98425196850394 158.74015748031496 48.75590551181102 15.874015748031496 Relations
251.71653543307087 158.74015748031496 22.393700787401574 15.874015748031496 Cul

52.724409448818896 168.09448818897638 39.968503937007874 11.622047244094489 turelles.

41.10236220472441 205.22834645669292 36.0 14.456692913385826 Pour
63.496062992125985 205.22834645669292 26.929133858267715 14.456692913385826 la
77.10236220472441 205.22834645669292 58.39370078740158 14.456692913385826 quatrième
121.88976377952756 205.22834645669292 40.25196850393701 14.456692913385826 fois,
148.8188976377953 205.22834645669292 26.929133858267715 14.456692913385826 de
162.14173228346456 205.22834645669292 44.78740157480315 14.456692913385826 jeunes
193.60629921259843 205.22834645669292 53.85826771653543 14.456692913385826 artistes
229.60629921259843 205.22834645669292 44.78740157480315 14.456692913385826 hongrois

29.480314960629922 217.70078740157481 64.34645669291339 11.05511811023622 participent
80.78740157480316 217.70078740157481 21.543307086614174 11.05511811023622 à
89.5748031496063 217.70078740157481 25.79527559055118 11.05511811023622 la
102.33070866141732 217.70078740157481 51.59055118110236 11.05511811023622 Biennale
140.88188976377953 217.70078740157481 25.79527559055118 11.05511811023622 de
153.92125984251967 217.70078740157481 42.803149606299215 11.05511811023622 Paris,
183.68503937007873 217.70078740157481 38.55118110236221 11.05511811023622 cette
209.48031496062993 217.70078740157481 38.55118110236221 11.05511811023622 fois,
235.2755905511811 217.70078740157481 30.04724409448819 11.05511811023622 non
248.03149606299212 217.70078740157481 25.79527559055118 11.05511811023622 seu-

28.346456692913385 228.4724409448819 48.188976377952756 13.88976377952756 lement
62.07874015748032 228.4724409448819 33.732283464566926 13.88976377952756 aux
81.35433070866142 228.4724409448819 57.826771653543304 13.88976377952756 sections
124.7244094488189 228.4724409448819 38.55118110236221 13.88976377952756 arts
148.8188976377953 228.4724409448819 67.46456692913385 13.88976377952756 plastiques
201.54330708661416 228.4724409448819 28.913385826771652 13.88976377952756 et
211.1811023622047 228.4724409448819 62.645669291338585 13.88976377952756 composition

28.62992125984252 240.09448818897638 60.37795275590551 12.472440944881889 musicale,
74.83464566929133 240.09448818897638 37.13385826771653 12.472440944881889 mais
98.07874015748031 240.09448818897638 23.244094488188978 12.472440944881889 à
107.43307086614173 240.09448818897638 41.669291338582674 12.472440944881889 celle
135.21259842519686 240.09448818897638 27.77952755905512 12.472440944881889 de
149.10236220472441 240.09448818897638 27.77952755905512 12.472440944881889 la
162.99212598425197 240.09448818897638 64.91338582677166 12.472440944881889 décoration
214.01574803149606 240.09448818897638 60.37795275590551 12.472440944881889 théâtrale
255.96850393700788 240.09448818897638 18.4251968503937 12.472440944881889 et

28.062992125984252 249.73228346456693 27.77952755905512 15.307086614173228 du
41.95275590551181 249.73228346456693 41.669291338582674 15.307086614173228 film.
69.73228346456693 249.73228346456693 46.488188976377955 15.307086614173228 Ainsi,
102.04724409448819 249.73228346456693 27.77952755905512 15.307086614173228 on
116.22047244094489 249.73228346456693 37.13385826771653 15.307086614173228 aura
139.1811023622047 249.73228346456693 27.77952755905512 15.307086614173228 de
153.0708661417323 249.73228346456693 27.77952755905512 15.307086614173228 la
167.24409448818898 249.73228346456693 51.023622047244096 15.307086614173228 culture
204.3779527559055 249.73228346456693 60.37795275590551 15.307086614173228 hongroise
246.04724409448818 249.73228346456693 27.77952755905512 15.307086614173228 pré-

27.496062992125985 259.93700787401576 49.60629921259842 12.188976377952756 sente,
62.07874015748032 259.93700787401576 29.763779527559056 12.188976377952756 un
76.81889763779527 259.93700787401576 59.24409448818898 12.188976377952756 éventail
121.32283464566929 259.93700787401576 59.24409448818898 12.188976377952756 beaucoup
165.82677165354332 259.93700787401576 39.68503937007874 12.188976377952756 plus
185.66929133858267 259.93700787401576 44.503937007874015 12.188976377952756 étendu.

39.40157480314961 270.70866141732284 37.41732283464567 17.858267716535433 Une
60.661417322834644 270.70866141732284 74.55118110236221 17.858267716535433 exposition
119.33858267716535 270.70866141732284 37.41732283464567 17.858267716535433 des
140.88188976377953 270.70866141732284 74.55118110236221 17.858267716535433 Beaux-Arts
199.55905511811022 270.70866141732284 32.031496062992126 17.858267716535433 du
215.43307086614172 270.70866141732284 53.29133858267716 17.858267716535433 Studio
247.46456692913387 270.70866141732284 26.64566929133858 17.858267716535433 des

26.929133858267715 282.3307086614173 53.574803149606296 15.874015748031496 Jeunes
64.34645669291339 282.3307086614173 64.34645669291339 15.874015748031496 Artistes
112.81889763779527 282.3307086614173 37.41732283464567 15.874015748031496 est
134.07874015748033 282.3307086614173 69.73228346456693 15.874015748031496 organisée
187.6535433070866 282.3307086614173 53.574803149606296 15.874015748031496 chaque
225.35433070866142 282.3307086614173 48.188976377952756 15.874015748031496 année
252.0 282.3307086614173 21.543307086614174 15.874015748031496 en

28.346456692913385 295.37007874015745 60.09448818897638 15.307086614173228 Hongrie.
73.41732283464567 295.37007874015745 30.04724409448819 15.307086614173228 En
88.44094488188976 295.37007874015745 65.19685039370079 15.307086614173228 composant
138.61417322834646 295.37007874015745 30.04724409448819 15.307086614173228 la
153.63779527559055 295.37007874015745 65.19685039370079 15.307086614173228 sélection
203.81102362204723 295.37007874015745 60.09448818897638 15.307086614173228 destinée
248.88188976377953 295.37007874015745 24.944881889763778 15.307086614173228 à
253.70078740157481 295.37007874015745 20.125984251968504 15.307086614173228 la

28.062992125984252 305.8582677165354 62.92913385826772 15.307086614173228 Biennale,
76.25196850393701 305.8582677165354 38.55118110236221 15.307086614173228 nous
100.62992125984252 305.8582677165354 43.37007874015748 15.307086614173228 avons
129.54330708661416 305.8582677165354 28.913385826771652 15.307086614173228 eu
144.0 305.8582677165354 38.55118110236221 15.307086614173228 pour
168.09448818897638 305.8582677165354 57.826771653543304 15.307086614173228 objectif
211.46456692913387 305.8582677165354 28.913385826771652 15.307086614173228 de
221.38582677165354 305.8582677165354 53.00787401574803 15.307086614173228 présenter

26.929133858267715 317.1968503937008 32.031496062992126 13.88976377952756 des
45.07086614173228 317.1968503937008 54.99212598425197 13.88976377952756 artistes
86.45669291338582 317.1968503937008 32.031496062992126 13.88976377952756 qui
104.5984251968504 317.1968503937008 59.52755905511811 13.88976377952756 s’étaient
150.23622047244095 317.1968503937008 36.56692913385827 13.88976377952756 fait
173.1968503937008 317.1968503937008 59.52755905511811 13.88976377952756 remarquer
218.83464566929135 317.1968503937008 22.96062992125984 13.88976377952756 à
228.18897637795277 317.1968503937008 32.031496062992126 13.88976377952756 ces
241.79527559055117 317.1968503937008 32.031496062992126 13.88976377952756 expo-

26.929133858267715 329.6692913385827 59.24409448818898 12.472440944881889 sitions.
71.14960629921259 329.6692913385827 29.763779527559056 12.472440944881889 La
86.1732283464567 329.6692913385827 39.40157480314961 12.472440944881889 plus
110.83464566929133 329.6692913385827 59.24409448818898 12.472440944881889 renommée
155.33858267716536 329.6692913385827 54.425196850393704 12.472440944881889 d’entre
194.74015748031496 329.6692913385827 39.40157480314961 12.472440944881889 eux,
219.4015748031496 329.6692913385827 44.503937007874015 12.472440944881889 Maria
244.06299212598427 329.6692913385827 29.763779527559056 12.472440944881889 Tur)

27.496062992125985 339.3070866141732 41.10236220472441 12.755905511811024 avait
54.99212598425197 339.3070866141732 45.63779527559055 12.755905511811024 obtenu
86.74015748031496 339.3070866141732 27.496062992125985 12.755905511811024 le
100.62992125984252 339.3070866141732 41.10236220472441 12.755905511811024 grand
127.84251968503936 339.3070866141732 36.56692913385827 12.755905511811024 prix
150.8031496062992 339.3070866141732 22.96062992125984 12.755905511811024 à
159.8740157480315 339.3070866141732 73.13385826771653 12.755905511811024 l’Exposition
219.4015748031496 339.3070866141732 54.70866141732284 12.755905511811024 Mondiale
255.96850393700788 339.3070866141732 18.141732283464567 12.755905511811024 de

28.062992125984252 348.66141732283467 58.960629921259844 13.039370078740157 Bruxelles
73.41732283464567 348.66141732283467 27.212598425196852 13.039370078740157 en
87.02362204724409 348.66141732283467 40.818897637795274 13.039370078740157 1958.
114.51968503937007 348.66141732283467 49.889763779527556 13.039370078740157 Depuis,
150.8031496062992 348.66141732283467 36.28346456692913 13.039370078740157 elle
173.48031496062993 348.66141732283467 58.960629921259844 13.039370078740157 participe
219.11811023622047 348.66141732283467 22.677165354330707 13.039370078740157 à
228.18897637795277 348.66141732283467 31.748031496062993 13.039370078740157 des
241.79527559055117 348.66141732283467 31.748031496062993 13.039370078740157 expo-

26.362204724409448 359.7165354330709 47.62204724409449 11.338582677165354 sition
59.811023622047244 359.7165354330709 37.98425196850393 11.338582677165354 tant
83.33858267716535 359.7165354330709 28.62992125984252 11.338582677165354 en
97.79527559055119 359.7165354330709 52.15748031496063 11.338582677165354 Hongrie
135.7795275590551 359.7165354330709 37.98425196850393 11.338582677165354 qu’à
159.59055118110237 359.7165354330709 71.14960629921259 11.338582677165354 l’étranger,
216.56692913385828 359.7165354330709 37.98425196850393 11.338582677165354 tout
235.55905511811022 359.7165354330709 37.98425196850393 11.338582677165354 récem-

26.64566929133858 372.18897637795277 41.38582677165354 13.606299212598426 ment
52.44094488188976 372.18897637795277 25.79527559055118 13.606299212598426 à
62.645669291338585 372.18897637795277 30.89763779527559 13.606299212598426 la
78.23622047244095 372.18897637795277 25.79527559055118 13.606299212598426 7
88.44094488188976 372.18897637795277 56.69291338582677 13.606299212598426 Galerie
129.82677165354332 372.18897637795277 56.69291338582677 13.606299212598426 Scorpio
176.31496062992127 372.18897637795277 30.89763779527559 13.606299212598426 de
186.51968503937007 372.18897637795277 36.28346456692913 13.606299212598426 Rome.

38.83464566929134 384.09448818897636 51.023622047244096 12.188976377952756 Miklos
74.55118110236221 384.09448818897636 45.92125984251968 12.188976377952756 Somos
105.16535433070867 384.09448818897636 25.511811023622048 12.188976377952756 a
115.37007874015748 384.09448818897636 66.33070866141732 12.188976377952756 découvert
166.6771653543307 384.09448818897636 30.614173228346456 12.188976377952756 un
181.98425196850394 384.09448818897636 56.125984251968504 12.188976377952756 univers
217.70078740157481 384.09448818897636 56.125984251968504 12.188976377952756 personnel

26.929133858267715 395.43307086614175 28.062992125984252 14.456692913385826 de
40.818897637795274 395.43307086614175 51.30708661417323 14.456692913385826 formes;
77.95275590551181 395.43307086614175 32.59842519685039 14.456692913385826 ses
96.66141732283465 395.43307086614175 51.30708661417323 14.456692913385826 figures
134.07874015748033 395.43307086614175 55.84251968503937 14.456692913385826 placides
176.03149606299212 395.43307086614175 55.84251968503937 14.456692913385826 évoquent
217.98425196850394 395.43307086614175 55.84251968503937 14.456692913385826 l’esprit
255.11811023622047 395.43307086614175 18.708661417322833 14.456692913385826 du

26.929133858267715 405.6377952755906 73.13385826771653 13.039370078740157 quattrocento
86.45669291338582 405.6377952755906 54.99212598425197 13.039370078740157 italien.
127.55905511811024 405.6377952755906 45.92125984251968 13.039370078740157 Karoly
159.59055118110237 405.6377952755906 41.10236220472441 13.039370078740157 Klimo
187.08661417322836 405.6377952755906 22.96062992125984 13.039370078740157 a
196.15748031496062 405.6377952755906 50.45669291338583 13.039370078740157 suscité
233.00787401574803 405.6377952755906 27.496062992125985 13.039370078740157 un
242.07874015748033 405.6377952755906 32.031496062992126 13.039370078740157 grand

27.77952755905512 416.12598425196853 50.173228346456696 10.488188976377952 intérêt
64.06299212598425 416.12598425196853 31.748031496062993 10.488188976377952 par
82.48818897637796 416.12598425196853 27.212598425196852 10.488188976377952 la
96.09448818897638 416.12598425196853 50.173228346456696 10.488188976377952 manière
132.3779527559055 416.12598425196853 41.10236220472441 10.488188976377952 ferme
159.8740157480315 416.12598425196853 27.212598425196852 10.488188976377952 et
173.48031496062993 416.12598425196853 45.63779527559055 10.488188976377952 serrée
205.22834645669292 416.12598425196853 27.212598425196852 10.488188976377952 de
218.83464566929135 416.12598425196853 31.748031496062993 10.488188976377952 son
232.44094488188978 416.12598425196853 41.10236220472441 10.488188976377952 expres-

27.212598425196852 428.59842519685037 40.53543307086614 11.622047244094489 sion.
54.14173228346457 428.59842519685037 26.929133858267715 11.622047244094489 En
67.74803149606299 428.59842519685037 40.53543307086614 11.622047244094489 1965,
94.67716535433071 428.59842519685037 26.929133858267715 11.622047244094489 il
108.0 428.59842519685037 40.53543307086614 11.622047244094489 s’est
134.9291338582677 428.59842519685037 26.929133858267715 11.622047244094489 vu
148.53543307086613 428.59842519685037 58.39370078740158 11.622047244094489 attribuer
193.3228346456693 428.59842519685037 31.46456692913386 11.622047244094489 une
211.1811023622047 428.59842519685037 44.78740157480315 11.622047244094489 bourse
238.11023622047244 428.59842519685037 36.0 11.622047244094489 d’Etat

26.64566929133858 439.0866141732283 55.275590551181104 11.622047244094489 portant
66.89763779527559 439.0866141732283 30.330708661417322 11.622047244094489 le
82.20472440944881 439.0866141732283 35.1496062992126 11.622047244094489 nom
102.33070866141732 439.0866141732283 30.330708661417322 11.622047244094489 de
122.45669291338582 439.0866141732283 45.354330708661415 11.622047244094489 Gyula
152.78740157480314 439.0866141732283 65.48031496062993 11.622047244094489 Derkovits
208.06299212598427 439.0866141732283 40.25196850393701 11.622047244094489 pour
233.29133858267716 439.0866141732283 35.1496062992126 11.622047244094489 une
248.31496062992127 439.0866141732283 25.228346456692915 11.622047244094489 pé-

26.64566929133858 450.70866141732284 45.354330708661415 9.921259842519685 riode
56.976377952755904 450.70866141732284 30.330708661417322 9.921259842519685 de
72.28346456692914 450.70866141732284 45.354330708661415 9.921259842519685 trois
102.33070866141732 450.70866141732284 40.53543307086614 9.921259842519685 ans.
127.55905511811024 450.70866141732284 35.43307086614173 9.921259842519685 Les
147.96850393700788 450.70866141732284 50.45669291338583 9.921259842519685 œuvres
183.11811023622047 450.70866141732284 30.330708661417322 9.921259842519685 de
198.4251968503937 450.70866141732284 35.43307086614173 9.921259842519685 nos
213.4488188976378 450.70866141732284 60.661417322834644 9.921259842519685 sculpteurs

27.212598425196852 458.92913385826773 48.47244094488189 14.456692913385826 Istvan
60.94488188976378 458.92913385826773 53.29133858267716 14.456692913385826 Bancsik
99.77952755905511 458.92913385826773 28.913385826771652 14.456692913385826 et
114.23622047244095 458.92913385826773 48.47244094488189 14.456692913385826 Andras
147.96850393700788 458.92913385826773 38.55118110236221 14.456692913385826 Kiss
172.3464566929134 458.92913385826773 38.55118110236221 14.456692913385826 Nagy
196.44094488188978 458.92913385826773 48.47244094488189 14.456692913385826 seront
225.35433070866142 458.92913385826773 48.47244094488189 14.456692913385826 exposées

26.64566929133858 470.8346456692913 28.346456692913385 10.771653543307087 en
40.818897637795274 470.8346456692913 42.803149606299215 10.771653543307087 plein
69.44881889763779 470.8346456692913 37.98425196850393 10.771653543307087 air,
93.25984251968504 470.8346456692913 37.98425196850393 10.771653543307087 dans
116.78740157480316 470.8346456692913 28.346456692913385 10.771653543307087 un
131.24409448818898 470.8346456692913 42.803149606299215 10.771653543307087 cadre
159.59055118110237 470.8346456692913 85.32283464566929 10.771653543307087 d’architecture
226.20472440944883 470.8346456692913 47.338582677165356 10.771653543307087 moderne.

28.346456692913385 480.18897637795277 26.362204724409448 15.874015748031496 De
41.38582677165354 480.18897637795277 30.614173228346456 15.874015748031496 ces
58.960629921259844 480.18897637795277 35.1496062992126 15.874015748031496 deux
80.78740157480316 480.18897637795277 56.976377952755904 15.874015748031496 artistes,
124.7244094488189 480.18897637795277 30.614173228346456 15.874015748031496 les
142.29921259842519 480.18897637795277 48.188976377952756 15.874015748031496 statues
177.4488188976378 480.18897637795277 43.93700787401575 15.874015748031496 ornent
208.3464566929134 480.18897637795277 35.1496062992126 15.874015748031496 déjà
230.17322834645668 480.18897637795277 43.93700787401575 15.874015748031496 places
256.53543307086613 480.18897637795277 17.5748031496063 15.874015748031496 et

27.77952755905512 492.9448818897638 35.71653543307087 15.874015748031496 rues
50.173228346456696 492.9448818897638 26.929133858267715 15.874015748031496 de
63.77952755905512 492.9448818897638 31.46456692913386 15.874015748031496 nos
81.63779527559055 492.9448818897638 49.32283464566929 15.874015748031496 villes.
117.35433070866142 492.9448818897638 40.25196850393701 15.874015748031496 Notre
144.28346456692913 492.9448818897638 31.46456692913386 15.874015748031496 art
162.14173228346456 492.9448818897638 58.110236220472444 15.874015748031496 graphique
206.9291338582677 492.9448818897638 31.46456692913386 15.874015748031496 est
220.251968503937 492.9448818897638 53.85826771653543 15.874015748031496 représenté

26.64566929133858 501.4488188976378 33.16535433070866 15.307086614173228 par
45.63779527559055 501.4488188976378 47.338582677165356 15.307086614173228 Istvan
78.80314960629921 501.4488188976378 33.16535433070866 15.307086614173228 Gy.
92.97637795275591 501.4488188976378 42.51968503937008 15.307086614173228 Molnar.

39.118110236220474 514.2047244094488 33.44881889763779 18.4251968503937 Nos
58.39370078740158 514.2047244094488 76.53543307086615 18.4251968503937 spécialistes
120.4724409448819 514.2047244094488 62.36220472440945 18.4251968503937 scéniques
168.3779527559055 514.2047244094488 57.54330708661417 18.4251968503937 exposent
211.46456692913387 514.2047244094488 38.267716535433074 18.4251968503937 pour
235.55905511811022 514.2047244094488 28.62992125984252 18.4251968503937 la
245.1968503937008 514.2047244094488 28.62992125984252 18.4251968503937 pre-

28.062992125984252 526.1102362204724 38.83464566929134 12.188976377952756 mière
53.85826771653543 526.1102362204724 38.83464566929134 12.188976377952756 fois.
79.93700787401575 526.1102362204724 38.83464566929134 12.188976377952756 Notre
105.73228346456693 526.1102362204724 73.41732283464567 12.188976377952756 préoccupation
166.11023622047244 526.1102362204724 21.543307086614174 12.188976377952756 a
174.89763779527559 526.1102362204724 30.330708661417322 12.188976377952756 été
192.18897637795277 526.1102362204724 25.79527559055118 12.188976377952756 de
204.9448818897638 526.1102362204724 38.83464566929134 12.188976377952756 faire
226.48818897637796 526.1102362204724 47.62204724409449 12.188976377952756 connaître

28.062992125984252 536.5984251968504 31.748031496062993 15.590551181102363 non
46.20472440944882 536.5984251968504 59.24409448818898 15.590551181102363 seulement
91.84251968503936 536.5984251968504 31.748031496062993 15.590551181102363 des
109.98425196850394 536.5984251968504 54.70866141732284 15.590551181102363 artistes
150.8031496062992 536.5984251968504 27.212598425196852 15.590551181102363 de
164.69291338582678 536.5984251968504 27.212598425196852 15.590551181102363 la
178.29921259842519 536.5984251968504 59.24409448818898 15.590551181102363 capitale,
223.6535433070866 536.5984251968504 36.28346456692913 15.590551181102363 mais
242.07874015748033 536.5984251968504 31.748031496062993 15.590551181102363 aussi

27.496062992125985 548.7874015748032 38.55118110236221 10.771653543307087 ceux
51.59055118110236 548.7874015748032 28.913385826771652 10.771653543307087 de
66.04724409448819 548.7874015748032 57.826771653543304 10.771653543307087 province
109.7007874015748 548.7874015748032 33.732283464566926 10.771653543307087 qui
128.9763779527559 548.7874015748032 33.732283464566926 10.771653543307087 ont
148.251968503937 548.7874015748032 53.00787401574803 10.771653543307087 réalisé
186.8031496062992 548.7874015748032 33.732283464566926 10.771653543307087 des
201.25984251968504 548.7874015748032 72.56692913385827 10.771653543307087 présentations

27.77952755905512 558.4251968503937 85.32283464566929 16.15748031496063 remarquables.
98.07874015748031 558.4251968503937 40.25196850393701 16.15748031496063 Emil
123.30708661417323 558.4251968503937 40.25196850393701 16.15748031496063 Vata
148.53543307086613 558.4251968503937 65.19685039370079 16.15748031496063 travaille
198.70866141732284 558.4251968503937 25.228346456692915 16.15748031496063 à
208.91338582677164 558.4251968503937 45.354330708661415 16.15748031496063 Pécs,
233.85826771653544 558.4251968503937 40.25196850393701 16.15748031496063 Laszlo

28.062992125984252 568.0629921259842 51.874015748031496 15.307086614173228 Szekely
66.04724409448819 568.0629921259842 23.52755905511811 15.307086614173228 à
75.4015748031496 568.0629921259842 51.874015748031496 15.307086614173228 Szeged,
113.10236220472441 568.0629921259842 47.05511811023622 15.307086614173228 tandis
146.26771653543307 568.0629921259842 33.16535433070866 15.307086614173228 que
164.9763779527559 568.0629921259842 47.05511811023622 15.307086614173228 Robert
198.14173228346456 568.0629921259842 56.69291338582677 15.307086614173228 Wegenast
240.3779527559055 568.0629921259842 23.52755905511811 15.307086614173228 a
245.1968503937008 568.0629921259842 28.346456692913385 15.307086614173228 rem-

27.77952755905512 580.5354330708661 44.503937007874015 11.622047244094489 porté
57.25984251968504 580.5354330708661 29.480314960629922 11.622047244094489 un
72.0 580.5354330708661 44.503937007874015 11.622047244094489 grand
101.76377952755905 580.5354330708661 49.32283464566929 11.622047244094489 succès
136.3464566929134 580.5354330708661 24.661417322834644 11.622047244094489 à
145.98425196850394 580.5354330708661 59.24409448818898 11.622047244094489 Budapest
190.48818897637796 580.5354330708661 39.40157480314961 11.622047244094489 avec
215.1496062992126 580.5354330708661 29.480314960629922 11.622047244094489 sa
225.0708661417323 580.5354330708661 49.32283464566929 11.622047244094489 dernière

27.77952755905512 588.7559055118111 42.803149606299215 22.677165354330707 œuvre
56.40944881889764 588.7559055118111 37.98425196850393 22.677165354330707 pour
80.22047244094489 588.7559055118111 52.15748031496063 22.677165354330707 Beckett
118.20472440944881 588.7559055118111 66.61417322834646 22.677165354330707 d’Anouilh.
170.36220472440945 588.7559055118111 47.62204724409449 22.677165354330707 Laszlo
203.5275590551181 588.7559055118111 52.15748031496063 22.677165354330707 Drégely
241.51181102362204 588.7559055118111 33.16535433070866 22.677165354330707 est
255.68503937007873 588.7559055118111 23.811023622047244 22.677165354330707 un!

27.496062992125985 602.0787401574803 80.50393700787401 15.590551181102363 collaborateur
93.8267716535433 602.0787401574803 61.511811023622045 15.590551181102363 permanent
141.4488188976378 602.0787401574803 28.346456692913385 15.590551181102363 de
155.6220472440945 602.0787401574803 28.346456692913385 15.590551181102363 la
169.79527559055117 602.0787401574803 66.33070866141732 15.590551181102363 Télévision
217.13385826771653 602.0787401574803 56.976377952755904 15.590551181102363 hongroise.

28.62992125984252 610.0157480314961 45.07086614173228 19.559055118110237 Fanni
58.67716535433071 610.0157480314961 54.99212598425197 19.559055118110237 Kemenes
98.64566929133858 610.0157480314961 35.1496062992126 19.559055118110237 est
118.77165354330708 610.0157480314961 30.04724409448819 19.559055118110237 la
133.79527559055117 610.0157480314961 64.91338582677166 19.559055118110237 créatrice
183.68503937007873 610.0157480314961 30.04724409448819 19.559055118110237 de
198.70866141732284 610.0157480314961 60.09448818897638 19.559055118110237 costumes
238.6771653543307 610.0157480314961 35.1496062992126 19.559055118110237 ingé

22.96062992125984 621.3543307086615 38.267716535433074 13.039370078740157 nieux.

23.52755905511811 637.7952755905512 19.84251968503937 11.338582677165354 64
