287.1496062992126 672.6614173228346
175.748031496063 14.740157480314961 92.97637795275591 17.007874015748033 TUNISIE

30.330708661417322 126.70866141732283 75.4015748031496 21.543307086614174 Commissaire
90.70866141732283 126.70866141732283 60.09448818897638 21.543307086614174 général:
135.7795275590551 126.70866141732283 45.07086614173228 21.543307086614174 Hatim
161.00787401574803 126.70866141732283 45.07086614173228 21.543307086614174 Elmekki

19.275590551181104 163.55905511811022 44.78740157480315 23.244094488188978 Créer
49.32283464566929 163.55905511811022 29.763779527559056 23.244094488188978 un
64.06299212598425 163.55905511811022 34.86614173228347 23.244094488188978 art
84.18897637795276 163.55905511811022 59.811023622047244 23.244094488188978 national
128.69291338582678 163.55905511811022 54.70866141732284 23.244094488188978 demeure
168.66141732283464 163.55905511811022 69.73228346456693 23.244094488188978 l’ambition
223.37007874015748 163.55905511811022 29.763779527559056 23.244094488188978 de
233.29133858267716 163.55905511811022 19.84251968503937 23.244094488188978 la

11.905511811023622 176.88188976377953 54.70866141732284 21.826771653543307 majorité
53.00787401574803 176.88188976377953 32.031496062992126 21.826771653543307 des
71.14960629921259 176.88188976377953 54.70866141732284 21.826771653543307 peintres
112.25196850393701 176.88188976377953 59.24409448818898 21.826771653543307 tunisiens
157.88976377952756 176.88188976377953 45.63779527559055 21.826771653543307 depuis
189.92125984251967 176.88188976377953 54.70866141732284 21.826771653543307 quarante
226.20472440944883 176.88188976377953 27.496062992125985 21.826771653543307 ans.

13.039370078740157 187.93700787401573 34.58267716535433 20.409448818897637 Mais
34.58267716535433 187.93700787401573 34.58267716535433 20.409448818897637 pris
56.125984251968504 187.93700787401573 38.83464566929134 20.409448818897637 entre
81.92125984251969 187.93700787401573 25.79527559055118 20.409448818897637 la
94.96062992125984 187.93700787401573 56.125984251968504 20.409448818897637 tentation
138.04724409448818 187.93700787401573 25.79527559055118 20.409448818897637 de
151.08661417322836 187.93700787401573 60.37795275590551 20.409448818897637 l’Occident
198.4251968503937 187.93700787401573 25.79527559055118 20.409448818897637 et
211.46456692913387 187.93700787401573 30.330708661417322 20.409448818897637 les
224.2204724409449 187.93700787401573 30.330708661417322 20.409448818897637 rêves

12.472440944881889 198.4251968503937 56.40944881889764 21.826771653543307 d’Orient,
55.55905511811024 198.4251968503937 60.661417322834644 21.826771653543307 sollicités
103.18110236220473 198.4251968503937 21.543307086614174 21.826771653543307 à
111.96850393700787 198.4251968503937 26.078740157480315 21.826771653543307 la
125.00787401574803 198.4251968503937 34.58267716535433 21.826771653543307 fois
146.5511811023622 198.4251968503937 30.330708661417322 21.826771653543307 par
163.84251968503938 198.4251968503937 26.078740157480315 21.826771653543307 le
176.88188976377953 198.4251968503937 43.37007874015748 21.826771653543307 besoin
207.21259842519686 198.4251968503937 47.62204724409449 21.826771653543307 inquiet
237.54330708661416 198.4251968503937 17.291338582677167 21.826771653543307 de

12.472440944881889 210.04724409448818 61.79527559055118 19.84251968503937 construire
61.22834645669291 210.04724409448818 26.362204724409448 19.84251968503937 et
74.26771653543307 210.04724409448818 26.362204724409448 19.84251968503937 le
87.59055118110236 210.04724409448818 35.43307086614173 19.84251968503937 goût
109.7007874015748 210.04724409448818 26.362204724409448 19.84251968503937 du
123.02362204724409 210.04724409448818 44.22047244094488 19.84251968503937 conter
153.92125984251967 210.04724409448818 61.79527559055118 19.84251968503937 ancestral,
202.39370078740157 210.04724409448818 30.89763779527559 19.84251968503937 ils
219.96850393700788 210.04724409448818 26.362204724409448 19.84251968503937 ne
229.03937007874015 210.04724409448818 26.362204724409448 19.84251968503937 sont

12.472440944881889 221.10236220472441 31.46456692913386 21.826771653543307 pas
30.614173228346456 221.10236220472441 36.0 21.826771653543307 près
53.00787401574803 221.10236220472441 58.39370078740158 21.826771653543307 d’épuiser
98.07874015748031 221.10236220472441 31.46456692913386 21.826771653543307 les
115.93700787401575 221.10236220472441 58.39370078740158 21.826771653543307 paradoxes
161.00787401574803 221.10236220472441 40.53543307086614 21.826771653543307 d’une
187.93700787401573 221.10236220472441 58.39370078740158 21.826771653543307 situation
228.4724409448819 221.10236220472441 26.929133858267715 21.826771653543307 sans

13.039370078740157 233.29133858267716 53.85826771653543 18.141732283464567 confort,
53.574803149606296 233.29133858267716 22.393700787401574 18.141732283464567 à
62.36220472440945 233.29133858267716 58.39370078740158 18.141732283464567 mi-chemin
107.43307086614173 233.29133858267716 26.929133858267715 18.141732283464567 du
121.03937007874016 233.29133858267716 58.39370078740158 18.141732283464567 difficile
165.82677165354332 233.29133858267716 62.92913385826772 18.141732283464567 alignement
215.1496062992126 233.29133858267716 26.929133858267715 18.141732283464567 et
228.75590551181102 233.29133858267716 26.929133858267715 18.141732283464567 de
237.82677165354332 233.29133858267716 17.858267716535433 18.141732283464567 la

12.188976377952756 242.07874015748033 66.04724409448819 20.69291338582677 plaisante
62.92913385826772 242.07874015748033 75.96850393700787 20.69291338582677 enluminure.
123.8740157480315 242.07874015748033 45.63779527559055 20.69291338582677 C’est
154.20472440944883 242.07874015748033 60.94488188976378 20.69291338582677 pourquoi
199.84251968503938 242.07874015748033 30.330708661417322 20.69291338582677 la
215.1496062992126 242.07874015748033 40.53543307086614 20.69291338582677 voie
235.2755905511811 242.07874015748033 20.409448818897637 20.69291338582677 où

12.755905511811024 253.41732283464566 65.76377952755905 17.858267716535433 s’engagent
64.34645669291339 253.41732283464566 60.94488188976378 17.858267716535433 désormais
111.4015748031496 253.41732283464566 42.23622047244095 17.858267716535433 leurs
139.46456692913387 253.41732283464566 46.77165354330709 17.858267716535433 cadets
172.3464566929134 253.41732283464566 37.41732283464567 17.858267716535433 nous
195.8740157480315 253.41732283464566 46.77165354330709 17.858267716535433 semble
223.93700787401573 253.41732283464566 32.881889763779526 17.858267716535433 avoir

12.755905511811024 265.03937007874015 49.889763779527556 18.4251968503937 franchi
49.039370078740156 265.03937007874015 27.212598425196852 18.4251968503937 la
62.645669291338585 265.03937007874015 49.889763779527556 18.4251968503937 croisée
98.64566929133858 265.03937007874015 31.748031496062993 18.4251968503937 des
116.78740157480316 265.03937007874015 63.21259842519685 18.4251968503937 éternelles
166.6771653543307 265.03937007874015 76.81889763779527 18.4251968503937 incertitudes,
225.35433070866142 265.03937007874015 31.748031496062993 18.4251968503937 voire

13.32283464566929 277.79527559055117 38.267716535433074 17.291338582677167 même
37.13385826771653 277.79527559055117 28.62992125984252 17.291338582677167 le
51.59055118110236 277.79527559055117 62.07874015748032 17.291338582677167 carrefour
99.21259842519684 277.79527559055117 33.44881889763779 17.291338582677167 des
113.66929133858268 277.79527559055117 57.25984251968504 17.291338582677167 compromis.

21.543307086614174 290.26771653543307 27.212598425196852 16.724409448818896 Au
35.1496062992126 290.26771653543307 32.031496062992126 16.724409448818896 fur
53.29133858267716 290.26771653543307 27.212598425196852 16.724409448818896 et
67.18110236220473 290.26771653543307 22.677165354330707 16.724409448818896 à
76.25196850393701 290.26771653543307 45.63779527559055 16.724409448818896 mesure
108.0 290.26771653543307 32.031496062992126 16.724409448818896 que
126.4251968503937 290.26771653543307 50.173228346456696 16.724409448818896 passent
162.70866141732284 290.26771653543307 36.56692913385827 16.724409448818896 vite
185.66929133858267 290.26771653543307 32.031496062992126 16.724409448818896 les
203.81102362204723 290.26771653543307 45.63779527559055 16.724409448818896 années
231.30708661417322 290.26771653543307 27.212598425196852 16.724409448818896 dans

13.606299212598426 301.03937007874015 35.71653543307087 16.440944881889763 leur
36.0 301.03937007874015 35.71653543307087 16.440944881889763 pays
58.110236220472444 301.03937007874015 35.71653543307087 16.440944881889763 sans
80.50393700787401 301.03937007874015 40.25196850393701 16.440944881889763 cesse
107.14960629921259 301.03937007874015 26.64566929133858 16.440944881889763 en
120.75590551181102 301.03937007874015 35.71653543307087 16.440944881889763 état
142.86614173228347 301.03937007874015 22.393700787401574 16.440944881889763 *
151.93700787401573 301.03937007874015 53.574803149606296 16.440944881889763 évolutif
191.90551181102362 301.03937007874015 22.393700787401574 16.440944881889763 ,
200.9763779527559 301.03937007874015 31.181102362204726 16.440944881889763 les
214.29921259842519 301.03937007874015 44.503937007874015 16.440944881889763 peintres

13.32283464566929 310.96062992125985 64.06299212598425 17.858267716535433 tunisiens
62.36220472440945 310.96062992125985 29.480314960629922 17.858267716535433 de
77.38582677165354 310.96062992125985 44.22047244094488 17.858267716535433 moins
106.86614173228347 310.96062992125985 29.480314960629922 17.858267716535433 de
121.60629921259843 310.96062992125985 29.480314960629922 17.858267716535433 35
136.3464566929134 310.96062992125985 34.58267716535433 17.858267716535433 ans
156.18897637795277 310.96062992125985 59.24409448818898 17.858267716535433 prennent
200.40944881889763 310.96062992125985 34.58267716535433 17.858267716535433 des
215.43307086614172 310.96062992125985 44.22047244094488 17.858267716535433 options

14.173228346456693 321.1653543307087 43.93700787401575 18.141732283464567 nettes
44.78740157480315 321.1653543307087 26.362204724409448 18.141732283464567 et
57.826771653543304 321.1653543307087 52.44094488188976 18.141732283464567 franches
97.22834645669292 321.1653543307087 39.40157480314961 18.141732283464567 qu’il
123.59055118110236 321.1653543307087 35.1496062992126 18.141732283464567 nous
145.41732283464566 321.1653543307087 43.93700787401575 18.141732283464567 paraît
176.03149606299212 321.1653543307087 65.76377952755905 18.141732283464567 intéressant
228.75590551181102 321.1653543307087 26.362204724409448 18.141732283464567 de
237.54330708661416 321.1653543307087 21.826771653543307 18.141732283464567 dé-

13.88976377952756 329.9527559055118 40.53543307086614 18.992125984251967 finir
40.818897637795274 329.9527559055118 26.929133858267715 18.992125984251967 de
54.425196850393704 329.9527559055118 40.53543307086614 18.992125984251967 façon
81.35433070866142 329.9527559055118 62.92913385826772 18.992125984251967 succincte:
130.6771653543307 329.9527559055118 36.0 18.992125984251967 Soit
153.0708661417323 329.9527559055118 53.85826771653543 18.992125984251967 qu’elles
193.60629921259843 329.9527559055118 26.929133858267715 18.992125984251967 se
202.39370078740157 329.9527559055118 58.39370078740158 18.992125984251967 préoccupent

14.173228346456693 344.6929133858268 37.13385826771653 17.291338582677167 d’un
37.41732283464567 344.6929133858268 88.44094488188976 17.291338582677167 constructivisme
111.68503937007874 344.6929133858268 51.30708661417323 17.291338582677167 parfois
149.10236220472441 344.6929133858268 51.30708661417323 17.291338582677167 lyrique
186.23622047244095 344.6929133858268 60.661417322834644 17.291338582677167 (Belkodja
232.7244094488189 344.6929133858268 28.062992125984252 17.291338582677167 et
242.07874015748033 344.6929133858268 18.708661417322833 17.291338582677167 le

13.606299212598426 354.3307086614173 50.74015748031496 18.708661417322833 groupe
49.039370078740156 354.3307086614173 35.43307086614173 18.708661417322833 des
69.44881889763779 354.3307086614173 40.53543307086614 18.708661417322833 six)
94.67716535433071 354.3307086614173 30.330708661417322 18.708661417322833 ou
109.7007874015748 354.3307086614173 40.53543307086614 18.708661417322833 bien
135.21259842519686 354.3307086614173 60.661417322834644 18.708661417322833 qu'elles
180.56692913385828 354.3307086614173 75.96850393700787 18.708661417322833 choisissent
236.40944881889763 354.3307086614173 25.228346456692915 18.708661417322833 une

14.456692913385826 363.9685039370079 68.03149606299213 17.007874015748033 expression
67.74803149606299 363.9685039370079 68.03149606299213 17.007874015748033 résolument
121.32283464566929 363.9685039370079 29.19685039370079 17.007874015748033 **
135.7795275590551 363.9685039370079 68.03149606299213 17.007874015748033 sensuelle:
189.0708661417323 363.9685039370079 34.01574803149607 17.007874015748033 qui
208.62992125984252 363.9685039370079 29.19685039370079 17.007874015748033 se
218.26771653543307 363.9685039370079 43.653543307086615 17.007874015748033 nourrit

14.740157480314961 374.74015748031496 36.56692913385827 18.992125984251967 pour
37.7007874015748 374.74015748031496 41.38582677165354 18.992125984251967 ainsi
65.19685039370079 374.74015748031496 36.56692913385827 18.992125984251967 dire
88.15748031496064 374.74015748031496 27.496062992125985 18.992125984251967 de
101.76377952755905 374.74015748031496 27.496062992125985 18.992125984251967 sa
115.65354330708661 374.74015748031496 45.92125984251968 18.992125984251967 propre
147.68503937007873 374.74015748031496 50.45669291338583 18.992125984251967 densité
184.251968503937 374.74015748031496 54.99212598425197 18.992125984251967 (Séhili.
220.8188976377953 374.74015748031496 41.38582677165354 18.992125984251967 Chebil,

12.755905511811024 391.46456692913387 26.929133858267715 14.456692913385826 etc.).

22.96062992125984 400.53543307086613 49.32283464566929 16.440944881889763 Enfin
55.55905511811024 400.53543307086613 38.267716535433074 16.440944881889763 ces
77.66929133858268 400.53543307086613 43.653543307086615 16.440944881889763 deux
104.88188976377953 400.53543307086613 71.14960629921259 16.440944881889763 tendances
159.59055118110237 400.53543307086613 76.53543307086615 16.440944881889763 présentées
219.68503937007873 400.53543307086613 27.212598425196852 16.440944881889763 à
225.0708661417323 400.53543307086613 38.267716535433074 16.440944881889763 cette

14.173228346456693 411.0236220472441 69.16535433070867 15.023622047244094 Quatrième
67.46456692913385 411.0236220472441 63.77952755905512 15.023622047244094 Biennale
115.08661417322834 411.0236220472441 31.748031496062993 15.023622047244094 se
131.24409448818898 411.0236220472441 74.26771653543307 15.023622047244094 conjuguent
189.63779527559055 411.0236220472441 42.51968503937008 15.023622047244094 pour
210.89763779527559 411.0236220472441 53.00787401574803 15.023622047244094 conjurer

15.307086614173228 421.51181102362204 69.16535433070867 17.5748031496063 l’anecdote,
70.58267716535433 421.51181102362204 69.16535433070867 17.5748031496063 s’accordent
125.85826771653544 421.51181102362204 36.8503937007874 17.5748031496063 pour
148.8188976377953 421.51181102362204 55.275590551181104 17.5748031496063 expulser
190.20472440944883 421.51181102362204 27.496062992125985 17.5748031496063 le
199.55905511811022 421.51181102362204 64.34645669291339 17.5748031496063 pittoresque.

24.094488188976378 437.6692913385827 60.09448818897638 14.173228346456693 Pourtant
69.16535433070867 437.6692913385827 30.04724409448819 14.173228346456693 le
84.18897637795276 437.6692913385827 54.99212598425197 14.173228346456693 divorce
124.44094488188976 437.6692913385827 39.968503937007874 14.173228346456693 avec
149.38582677165354 437.6692913385827 30.04724409448819 14.173228346456693 la
164.40944881889763 437.6692913385827 54.99212598425197 14.173228346456693 Tunisie
204.66141732283464 437.6692913385827 30.04724409448819 14.173228346456693 de
219.68503937007873 437.6692913385827 45.07086614173228 14.173228346456693 papa,
244.62992125984252 437.6692913385827 20.125984251968504 14.173228346456693 ne

15.307086614173228 446.1732283464567 47.90551181102362 17.858267716535433 suffit
49.039370078740156 446.1732283464567 33.732283464566926 17.858267716535433 pas
68.03149606299213 446.1732283464567 33.732283464566926 17.858267716535433 aux
87.30708661417323 446.1732283464567 38.55118110236221 17.858267716535433 yeux
111.4015748031496 446.1732283464567 33.732283464566926 17.858267716535433 des
130.6771653543307 446.1732283464567 47.90551181102362 17.858267716535433 jeunes
164.1259842519685 446.1732283464567 57.54330708661417 17.858267716535433 artistes
207.49606299212599 446.1732283464567 62.36220472440945 17.858267716535433 tunisiens
250.58267716535434 446.1732283464567 14.456692913385826 17.858267716535433 à

15.590551181102363 456.09448818897636 63.77952755905512 16.15748031496063 entrainer
64.62992125984252 456.09448818897636 29.480314960629922 16.15748031496063 la
79.37007874015748 456.09448818897636 73.7007874015748 16.15748031496063 suppression
138.33070866141733 456.09448818897636 34.2992125984252 16.15748031496063 des
157.88976377952756 456.09448818897636 73.7007874015748 16.15748031496063 garde-fous.
211.748031496063 456.09448818897636 54.14173228346457 16.15748031496063 Attentifs

15.590551181102363 467.7165354330709 49.039370078740156 17.007874015748033 qu’ils
49.889763779527556 467.7165354330709 39.40157480314961 17.007874015748033 sont
74.55118110236221 467.7165354330709 29.480314960629922 17.007874015748033 au
89.00787401574803 467.7165354330709 49.039370078740156 17.007874015748033 fameux
123.59055118110236 467.7165354330709 24.661417322834644 17.007874015748033 *
133.22834645669292 467.7165354330709 54.14173228346457 17.007874015748033 certain
172.62992125984252 467.7165354330709 49.039370078740156 17.007874015748033 ordre:
206.9291338582677 467.7165354330709 39.40157480314961 17.007874015748033 dans
226.48818897637796 467.7165354330709 39.40157480314961 17.007874015748033 lequel

15.590551181102363 478.7716535433071 83.62204724409449 14.740157480314961 s’assemblent
83.33858267716535 478.7716535433071 47.05511811023622 14.740157480314961 leurs
114.80314960629921 478.7716535433071 78.23622047244095 14.740157480314961 aspirations
177.4488188976378 478.7716535433071 47.05511811023622 14.740157480314961 comme
208.62992125984252 478.7716535433071 57.54330708661417 14.740157480314961 naguère
245.1968503937008 478.7716535433071 20.976377952755904 14.740157480314961 en

17.5748031496063 491.81102362204723 39.968503937007874 13.32283464566929 leur
42.51968503937008 491.81102362204723 54.70866141732284 13.32283464566929 surface
82.48818897637796 491.81102362204723 34.86614173228347 13.32283464566929 les
102.33070866141732 491.81102362204723 59.811023622047244 13.32283464566929 couleurs
147.11811023622047 491.81102362204723 49.889763779527556 13.32283464566929 chères
181.98425196850394 491.81102362204723 24.944881889763778 13.32283464566929 à
191.90551181102362 491.81102362204723 54.70866141732284 13.32283464566929 Maurice
226.77165354330708 491.81102362204723 39.968503937007874 13.32283464566929 Denis.

17.007874015748033 501.1653543307087 31.748031496062993 13.88976377952756 Une
35.1496062992126 501.1653543307087 36.28346456692913 13.88976377952756 fois
57.826771653543304 501.1653543307087 41.10236220472441 13.88976377952756 morte
85.32283464566929 501.1653543307087 27.212598425196852 13.88976377952756 la
98.92913385826772 501.1653543307087 50.173228346456696 13.88976377952756 couleur
135.21259842519686 501.1653543307087 50.173228346456696 13.88976377952756 locale,
171.7795275590551 501.1653543307087 27.212598425196852 13.88976377952756 la
185.38582677165354 501.1653543307087 41.10236220472441 13.88976377952756 jeune
212.5984251968504 501.1653543307087 54.70866141732284 13.88976377952756 peinture
249.16535433070865 501.1653543307087 18.141732283464567 13.88976377952756 en

16.15748031496063 512.2204724409448 52.15748031496063 14.740157480314961 Tunisie
54.14173228346457 512.2204724409448 47.338582677165356 14.740157480314961 repart
87.30708661417323 512.2204724409448 42.803149606299215 14.740157480314961 cette
115.93700787401575 512.2204724409448 37.98425196850393 14.740157480314961 fois
139.46456692913387 512.2204724409448 23.811023622047244 14.740157480314961 à
149.10236220472441 512.2204724409448 28.346456692913385 14.740157480314961 la
163.2755905511811 512.2204724409448 56.976377952755904 14.740157480314961 conquête
201.25984251968504 512.2204724409448 66.33070866141732 14.740157480314961 d’elle

16.440944881889763 521.2913385826772 60.661417322834644 16.15748031496063 ignorante
62.92913385826772 521.2913385826772 41.95275590551181 16.15748031496063 aussi
90.99212598425197 521.2913385826772 37.41732283464567 16.15748031496063 bien
114.51968503937007 521.2913385826772 32.59842519685039 16.15748031496063 des
133.22834645669292 521.2913385826772 46.77165354330709 16.15748031496063 appels
165.82677165354332 521.2913385826772 37.41732283464567 16.15748031496063 d’un
189.35433070866142 521.2913385826772 56.125984251968504 16.15748031496063 folklore
226.77165354330708 521.2913385826772 41.95275590551181 16.15748031496063 pop

16.440944881889763 535.1811023622047 33.16535433070866 15.874015748031496 que
35.43307086614173 535.1811023622047 33.16535433070866 15.874015748031496 des
54.425196850393704 535.1811023622047 66.04724409448819 15.874015748031496 ambiguités
106.2992125984252 535.1811023622047 28.346456692913385 15.874015748031496 de
115.65354330708661 535.1811023622047 85.03937007874016 15.874015748031496 l’anti

188.50393700787401 552.1889763779527 48.75590551181102 19.84251968503937 Hatim
215.43307086614172 552.1889763779527 54.14173228346457 19.84251968503937 Elmekki.
