<alto xmlns:xsi="http://www.w3.org/2001/XMLSchema-instance" xmlns="http://www.loc.gov/standards/alto/ns-v2#" xmlns:page="http://schema.primaresearch.org/PAGE/gts/pagecontent/2013-07-15" xsi:schemaLocation="http://www.loc.gov/standards/alto/ns-v2# http://www.loc.gov/standards/alto/alto.xsd">
  <Description>
    <MeasurementUnit>pixel</MeasurementUnit>
    <sourceImageInformation>
         <fileName>Cat_Paris_1965-0056.xml</fileName>
      </sourceImageInformation>
    <OCRProcessing ID="IdOcr">
      <ocrProcessingStep>
        <processingDateTime>2020-07-02T15:31:44.422+02:00</processingDateTime>
        <processingSoftware>
               <softwareCreator>CONTRIBUTORS</softwareCreator>
               <softwareName>pdfalto</softwareName>
               <softwareVersion>0.1</softwareVersion>
            </processingSoftware>
      </ocrProcessingStep>
    </OCRProcessing>
  </Description>
  <Styles>
     <TextStyle ID="FONT0" FONTFAMILY="unknown" FONTSIZE="unknown" FONTTYPE="unknown" FONTWIDTH="unknown" FONTCOLOR="unknown" FONTSTYLE=""/>
     <TextStyle ID="FONT1" FONTFAMILY="unknown" FONTSIZE="unknown" FONTTYPE="unknown" FONTWIDTH="unknown" FONTCOLOR="unknown" FONTSTYLE="bold"/>
     <TextStyle ID="FONT2" FONTFAMILY="unknown" FONTSIZE="unknown" FONTTYPE="unknown" FONTWIDTH="unknown" FONTCOLOR="unknown" FONTSTYLE="italics"/>
</Styles>
  <Tags/>
  <Layout>
    <Page ID="Page1" PHYSICAL_IMG_NR="1" HEIGHT="672.6614173228346" WIDTH="287.1496062992126">
      <PrintSpace HEIGHT="660.1889763779527" WIDTH="269.29133858267716" VPOS="12.472440944881889" HPOS="0.0">
        <TextBlock ID="r_1_1" HEIGHT="14.456692913385826" WIDTH="69.73228346456693" VPOS="19.84251968503937" HPOS="86.45669291338582">
          <TextLine ID="tl_1" BASELINE="133" HEIGHT="19.559055118110237" WIDTH="72.85039370078741" VPOS="18.141732283464567" HPOS="84.75590551181102">
            <String HEIGHT="19.559055118110237" WIDTH="79.37007874015748" VPOS="18.141732283464567" HPOS="78.23622047244095" CONTENT="GRANDE" ID="tl_1_1" STYLEREFS="FONT1"/>
          </TextLine>
        </TextBlock>
        <TextBlock ID="r_3_1" HEIGHT="39.968503937007874" WIDTH="214.86614173228347" VPOS="142.29921259842519" HPOS="34.86614173228347">
          <TextLine ID="tl_3" BASELINE="564" HEIGHT="20.976377952755904" WIDTH="182.83464566929135" VPOS="138.89763779527559" HPOS="33.16535433070866">
            <String HEIGHT="20.976377952755904" WIDTH="72.28346456692914" VPOS="138.89763779527559" HPOS="28.346456692913385" CONTENT="Commissaire" ID="tl_3_1" STYLEREFS="FONT0"/>
            <SP HEIGHT="20.976377952755904" WIDTH="4.818897637795276" VPOS="138.89763779527559" HPOS="100.62992125984252"/>
            <String HEIGHT="20.976377952755904" WIDTH="57.826771653543304" VPOS="138.89763779527559" HPOS="86.1732283464567" CONTENT="général:" ID="tl_3_2" STYLEREFS="FONT0"/>
            <SP HEIGHT="20.976377952755904" WIDTH="4.818897637795276" VPOS="138.89763779527559" HPOS="143.71653543307087"/>
            <String HEIGHT="20.976377952755904" WIDTH="48.188976377952756" VPOS="138.89763779527559" HPOS="129.25984251968504" CONTENT="Lilian" ID="tl_3_3" STYLEREFS="FONT0"/>
            <SP HEIGHT="20.976377952755904" WIDTH="4.818897637795276" VPOS="138.89763779527559" HPOS="177.4488188976378"/>
            <String HEIGHT="20.976377952755904" WIDTH="57.826771653543304" VPOS="138.89763779527559" HPOS="158.17322834645668" CONTENT="Somerville" ID="tl_3_4" STYLEREFS="FONT0"/>
          </TextLine>
          <TextLine ID="tl_4" BASELINE="612" HEIGHT="19.275590551181104" WIDTH="217.13385826771653" VPOS="154.20472440944883" HPOS="33.44881889763779">
            <String HEIGHT="19.275590551181104" WIDTH="51.30708661417323" VPOS="154.20472440944883" HPOS="29.480314960629922" CONTENT="Directeur" ID="tl_4_1" STYLEREFS="FONT0"/>
            <SP HEIGHT="19.275590551181104" WIDTH="3.968503937007874" VPOS="154.20472440944883" HPOS="80.78740157480316"/>
            <String HEIGHT="19.275590551181104" WIDTH="23.811023622047244" VPOS="154.20472440944883" HPOS="68.88188976377953" CONTENT="du" ID="tl_4_2" STYLEREFS="FONT0"/>
            <SP HEIGHT="19.275590551181104" WIDTH="3.968503937007874" VPOS="154.20472440944883" HPOS="92.69291338582677"/>
            <String HEIGHT="19.275590551181104" WIDTH="31.46456692913386" VPOS="154.20472440944883" HPOS="80.78740157480316" CONTENT="Fine" ID="tl_4_3" STYLEREFS="FONT0"/>
            <SP HEIGHT="19.275590551181104" WIDTH="3.968503937007874" VPOS="154.20472440944883" HPOS="112.53543307086615"/>
            <String HEIGHT="19.275590551181104" WIDTH="31.46456692913386" VPOS="154.20472440944883" HPOS="100.62992125984252" CONTENT="Arts" ID="tl_4_4" STYLEREFS="FONT0"/>
            <SP HEIGHT="19.275590551181104" WIDTH="3.968503937007874" VPOS="154.20472440944883" HPOS="132.09448818897638"/>
            <String HEIGHT="19.275590551181104" WIDTH="55.275590551181104" VPOS="154.20472440944883" HPOS="120.18897637795276" CONTENT="Department" ID="tl_4_5" STYLEREFS="FONT0"/>
            <SP HEIGHT="19.275590551181104" WIDTH="3.968503937007874" VPOS="154.20472440944883" HPOS="175.46456692913387"/>
            <String HEIGHT="19.275590551181104" WIDTH="23.811023622047244" VPOS="154.20472440944883" HPOS="163.84251968503938" CONTENT="au" ID="tl_4_6" STYLEREFS="FONT0"/>
            <SP HEIGHT="19.275590551181104" WIDTH="3.968503937007874" VPOS="154.20472440944883" HPOS="187.37007874015748"/>
            <String HEIGHT="19.275590551181104" WIDTH="43.37007874015748" VPOS="154.20472440944883" HPOS="175.46456692913387" CONTENT="British" ID="tl_4_7" STYLEREFS="FONT0"/>
            <SP HEIGHT="19.275590551181104" WIDTH="3.968503937007874" VPOS="154.20472440944883" HPOS="219.11811023622047"/>
            <String HEIGHT="19.275590551181104" WIDTH="43.37007874015748" VPOS="154.20472440944883" HPOS="207.21259842519686" CONTENT="Council" ID="tl_4_8" STYLEREFS="FONT0"/>
            <SP HEIGHT="19.275590551181104" WIDTH="3.968503937007874" VPOS="154.20472440944883" HPOS="250.58267716535434"/>
            <String HEIGHT="19.275590551181104" WIDTH="15.874015748031496" VPOS="154.20472440944883" HPOS="234.70866141732284" CONTENT="de" ID="tl_4_9" STYLEREFS="FONT0"/>
          </TextLine>
          <TextLine ID="tl_5" BASELINE="658" HEIGHT="13.606299212598426" WIDTH="32.59842519685039" VPOS="172.91338582677164" HPOS="33.732283464566926">
            <String HEIGHT="13.606299212598426" WIDTH="40.818897637795274" VPOS="172.91338582677164" HPOS="25.511811023622048" CONTENT="Londres." ID="tl_5_1" STYLEREFS="FONT0"/>
          </TextLine>
        </TextBlock>
        <TextBlock ID="r_4_1" HEIGHT="156.18897637795277" WIDTH="242.9291338582677" VPOS="203.81102362204723" HPOS="12.755905511811024">
          <TextLine ID="tl_6" BASELINE="784" HEIGHT="20.409448818897637" WIDTH="231.8740157480315" VPOS="201.82677165354332" HPOS="20.69291338582677">
            <String HEIGHT="20.409448818897637" WIDTH="31.748031496062993" VPOS="201.82677165354332" HPOS="15.307086614173228" CONTENT="Au" ID="tl_6_1" STYLEREFS="FONT0"/>
            <SP HEIGHT="20.409448818897637" WIDTH="5.3858267716535435" VPOS="201.82677165354332" HPOS="47.05511811023622"/>
            <String HEIGHT="20.409448818897637" WIDTH="47.338582677165356" VPOS="201.82677165354332" HPOS="31.181102362204726" CONTENT="cours" ID="tl_6_2" STYLEREFS="FONT0"/>
            <SP HEIGHT="20.409448818897637" WIDTH="5.3858267716535435" VPOS="201.82677165354332" HPOS="78.80314960629921"/>
            <String HEIGHT="20.409448818897637" WIDTH="36.8503937007874" VPOS="201.82677165354332" HPOS="62.92913385826772" CONTENT="des" ID="tl_6_3" STYLEREFS="FONT0"/>
            <SP HEIGHT="20.409448818897637" WIDTH="5.3858267716535435" VPOS="201.82677165354332" HPOS="99.77952755905511"/>
            <String HEIGHT="20.409448818897637" WIDTH="63.21259842519685" VPOS="201.82677165354332" HPOS="83.90551181102362" CONTENT="quelques" ID="tl_6_4" STYLEREFS="FONT0"/>
            <SP HEIGHT="20.409448818897637" WIDTH="5.3858267716535435" VPOS="201.82677165354332" HPOS="147.11811023622047"/>
            <String HEIGHT="20.409448818897637" WIDTH="52.724409448818896" VPOS="201.82677165354332" HPOS="131.24409448818898" CONTENT="années" ID="tl_6_5" STYLEREFS="FONT0"/>
            <SP HEIGHT="20.409448818897637" WIDTH="5.3858267716535435" VPOS="201.82677165354332" HPOS="183.96850393700788"/>
            <String HEIGHT="20.409448818897637" WIDTH="36.8503937007874" VPOS="201.82677165354332" HPOS="168.3779527559055" CONTENT="qui" ID="tl_6_6" STYLEREFS="FONT0"/>
            <SP HEIGHT="20.409448818897637" WIDTH="5.3858267716535435" VPOS="201.82677165354332" HPOS="205.22834645669292"/>
            <String HEIGHT="20.409448818897637" WIDTH="63.21259842519685" VPOS="201.82677165354332" HPOS="189.35433070866142" CONTENT="viennent" ID="tl_6_7" STYLEREFS="FONT0"/>
            <SP HEIGHT="20.409448818897637" WIDTH="5.3858267716535435" VPOS="201.82677165354332" HPOS="252.56692913385828"/>
            <String HEIGHT="20.409448818897637" WIDTH="20.976377952755904" VPOS="201.82677165354332" HPOS="231.59055118110237" CONTENT="de" ID="tl_6_8" STYLEREFS="FONT0"/>
          </TextLine>
          <TextLine ID="tl_7" BASELINE="826" HEIGHT="19.275590551181104" WIDTH="241.51181102362204" VPOS="214.86614173228347" HPOS="11.338582677165354">
            <String HEIGHT="19.275590551181104" WIDTH="68.88188976377953" VPOS="214.86614173228347" HPOS="6.519685039370079" CONTENT="s’écouler," ID="tl_7_1" STYLEREFS="FONT0"/>
            <SP HEIGHT="19.275590551181104" WIDTH="4.818897637795276" VPOS="214.86614173228347" HPOS="75.4015748031496"/>
            <String HEIGHT="19.275590551181104" WIDTH="44.22047244094488" VPOS="214.86614173228347" HPOS="60.661417322834644" CONTENT="s’est" ID="tl_7_2" STYLEREFS="FONT0"/>
            <SP HEIGHT="19.275590551181104" WIDTH="4.818897637795276" VPOS="214.86614173228347" HPOS="104.88188976377953"/>
            <String HEIGHT="19.275590551181104" WIDTH="64.06299212598425" VPOS="214.86614173228347" HPOS="90.14173228346456" CONTENT="constitué" ID="tl_7_3" STYLEREFS="FONT0"/>
            <SP HEIGHT="19.275590551181104" WIDTH="4.818897637795276" VPOS="214.86614173228347" HPOS="154.20472440944883"/>
            <String HEIGHT="19.275590551181104" WIDTH="54.14173228346457" VPOS="214.86614173228347" HPOS="139.46456692913387" CONTENT="quelque" ID="tl_7_4" STYLEREFS="FONT0"/>
            <SP HEIGHT="19.275590551181104" WIDTH="4.818897637795276" VPOS="214.86614173228347" HPOS="193.60629921259843"/>
            <String HEIGHT="19.275590551181104" WIDTH="44.22047244094488" VPOS="214.86614173228347" HPOS="178.86614173228347" CONTENT="chose" ID="tl_7_5" STYLEREFS="FONT0"/>
            <SP HEIGHT="19.275590551181104" WIDTH="4.818897637795276" VPOS="214.86614173228347" HPOS="223.37007874015748"/>
            <String HEIGHT="19.275590551181104" WIDTH="34.58267716535433" VPOS="214.86614173228347" HPOS="208.62992125984252" CONTENT="que" ID="tl_7_6" STYLEREFS="FONT0"/>
            <SP HEIGHT="19.275590551181104" WIDTH="4.818897637795276" VPOS="214.86614173228347" HPOS="242.9291338582677"/>
            <String HEIGHT="19.275590551181104" WIDTH="29.480314960629922" VPOS="214.86614173228347" HPOS="223.37007874015748" CONTENT="l’on" ID="tl_7_7" STYLEREFS="FONT0"/>
          </TextLine>
          <TextLine ID="tl_8" BASELINE="871" HEIGHT="22.393700787401574" WIDTH="240.9448818897638" VPOS="224.50393700787401" HPOS="11.905511811023622">
            <String HEIGHT="22.393700787401574" WIDTH="56.69291338582677" VPOS="224.50393700787401" HPOS="7.086614173228346" CONTENT="pourrait" ID="tl_8_1" STYLEREFS="FONT0"/>
            <SP HEIGHT="22.393700787401574" WIDTH="4.818897637795276" VPOS="224.50393700787401" HPOS="63.77952755905512"/>
            <String HEIGHT="22.393700787401574" WIDTH="51.874015748031496" VPOS="224.50393700787401" HPOS="49.60629921259842" CONTENT="appeler" ID="tl_8_2" STYLEREFS="FONT0"/>
            <SP HEIGHT="22.393700787401574" WIDTH="4.818897637795276" VPOS="224.50393700787401" HPOS="101.76377952755905"/>
            <String HEIGHT="22.393700787401574" WIDTH="51.874015748031496" VPOS="224.50393700787401" HPOS="87.59055118110236" CONTENT="l’Ecole" ID="tl_8_3" STYLEREFS="FONT0"/>
            <SP HEIGHT="22.393700787401574" WIDTH="4.818897637795276" VPOS="224.50393700787401" HPOS="139.46456692913387"/>
            <String HEIGHT="22.393700787401574" WIDTH="28.346456692913385" VPOS="224.50393700787401" HPOS="125.29133858267717" CONTENT="de" ID="tl_8_4" STYLEREFS="FONT0"/>
            <SP HEIGHT="22.393700787401574" WIDTH="4.818897637795276" VPOS="224.50393700787401" HPOS="153.63779527559055"/>
            <String HEIGHT="22.393700787401574" WIDTH="56.69291338582677" VPOS="224.50393700787401" HPOS="139.46456692913387" CONTENT="Londres," ID="tl_8_5" STYLEREFS="FONT0"/>
            <SP HEIGHT="22.393700787401574" WIDTH="4.818897637795276" VPOS="224.50393700787401" HPOS="196.15748031496062"/>
            <String HEIGHT="22.393700787401574" WIDTH="28.346456692913385" VPOS="224.50393700787401" HPOS="181.98425196850394" CONTENT="et" ID="tl_8_6" STYLEREFS="FONT0"/>
            <SP HEIGHT="22.393700787401574" WIDTH="4.818897637795276" VPOS="224.50393700787401" HPOS="210.33070866141733"/>
            <String HEIGHT="22.393700787401574" WIDTH="28.346456692913385" VPOS="224.50393700787401" HPOS="196.15748031496062" CONTENT="sa" ID="tl_8_7" STYLEREFS="FONT0"/>
            <SP HEIGHT="22.393700787401574" WIDTH="4.818897637795276" VPOS="224.50393700787401" HPOS="224.50393700787401"/>
            <String HEIGHT="22.393700787401574" WIDTH="47.338582677165356" VPOS="224.50393700787401" HPOS="205.51181102362204" CONTENT="création" ID="tl_8_8" STYLEREFS="FONT0"/>
          </TextLine>
          <TextLine ID="tl_9" BASELINE="901" HEIGHT="19.559055118110237" WIDTH="242.36220472440945" VPOS="235.84251968503938" HPOS="11.338582677165354">
            <String HEIGHT="19.559055118110237" WIDTH="32.59842519685039" VPOS="235.84251968503938" HPOS="6.803149606299213" CONTENT="est" ID="tl_9_1" STYLEREFS="FONT0"/>
            <SP HEIGHT="19.559055118110237" WIDTH="4.535433070866142" VPOS="235.84251968503938" HPOS="39.40157480314961"/>
            <String HEIGHT="19.559055118110237" WIDTH="28.062992125984252" VPOS="235.84251968503938" HPOS="25.228346456692915" CONTENT="en" ID="tl_9_2" STYLEREFS="FONT0"/>
            <SP HEIGHT="19.559055118110237" WIDTH="4.535433070866142" VPOS="235.84251968503938" HPOS="53.29133858267716"/>
            <String HEIGHT="19.559055118110237" WIDTH="46.488188976377955" VPOS="235.84251968503938" HPOS="39.40157480314961" CONTENT="grande" ID="tl_9_3" STYLEREFS="FONT0"/>
            <SP HEIGHT="19.559055118110237" WIDTH="4.535433070866142" VPOS="235.84251968503938" HPOS="85.88976377952756"/>
            <String HEIGHT="19.559055118110237" WIDTH="46.488188976377955" VPOS="235.84251968503938" HPOS="72.0" CONTENT="partie" ID="tl_9_4" STYLEREFS="FONT0"/>
            <SP HEIGHT="19.559055118110237" WIDTH="4.535433070866142" VPOS="235.84251968503938" HPOS="118.48818897637796"/>
            <String HEIGHT="19.559055118110237" WIDTH="51.30708661417323" VPOS="235.84251968503938" HPOS="104.5984251968504" CONTENT="l’œuvre" ID="tl_9_5" STYLEREFS="FONT0"/>
            <SP HEIGHT="19.559055118110237" WIDTH="4.535433070866142" VPOS="235.84251968503938" HPOS="155.90551181102362"/>
            <String HEIGHT="19.559055118110237" WIDTH="65.19685039370079" VPOS="235.84251968503938" HPOS="141.73228346456693" CONTENT="d’artistes" ID="tl_9_6" STYLEREFS="FONT0"/>
            <SP HEIGHT="19.559055118110237" WIDTH="4.535433070866142" VPOS="235.84251968503938" HPOS="207.21259842519686"/>
            <String HEIGHT="19.559055118110237" WIDTH="65.19685039370079" VPOS="235.84251968503938" HPOS="188.50393700787401" CONTENT="britanniques" ID="tl_9_7" STYLEREFS="FONT0"/>
          </TextLine>
          <TextLine ID="tl_10" BASELINE="945" HEIGHT="20.69291338582677" WIDTH="241.51181102362204" VPOS="247.1811023622047" HPOS="11.905511811023622">
            <String HEIGHT="20.69291338582677" WIDTH="39.40157480314961" VPOS="247.1811023622047" HPOS="7.086614173228346" CONTENT="âgés" ID="tl_10_1" STYLEREFS="FONT0"/>
            <SP HEIGHT="20.69291338582677" WIDTH="4.818897637795276" VPOS="247.1811023622047" HPOS="46.488188976377955"/>
            <String HEIGHT="20.69291338582677" WIDTH="29.480314960629922" VPOS="247.1811023622047" HPOS="31.748031496062993" CONTENT="de" ID="tl_10_2" STYLEREFS="FONT0"/>
            <SP HEIGHT="20.69291338582677" WIDTH="4.818897637795276" VPOS="247.1811023622047" HPOS="61.22834645669291"/>
            <String HEIGHT="20.69291338582677" WIDTH="44.22047244094488" VPOS="247.1811023622047" HPOS="46.488188976377955" CONTENT="moins" ID="tl_10_3" STYLEREFS="FONT0"/>
            <SP HEIGHT="20.69291338582677" WIDTH="4.818897637795276" VPOS="247.1811023622047" HPOS="90.70866141732283"/>
            <String HEIGHT="20.69291338582677" WIDTH="29.480314960629922" VPOS="247.1811023622047" HPOS="75.96850393700787" CONTENT="de" ID="tl_10_4" STYLEREFS="FONT0"/>
            <SP HEIGHT="20.69291338582677" WIDTH="4.818897637795276" VPOS="247.1811023622047" HPOS="105.44881889763779"/>
            <String HEIGHT="20.69291338582677" WIDTH="29.480314960629922" VPOS="247.1811023622047" HPOS="90.70866141732283" CONTENT="36" ID="tl_10_5" STYLEREFS="FONT0"/>
            <SP HEIGHT="20.69291338582677" WIDTH="4.818897637795276" VPOS="247.1811023622047" HPOS="120.4724409448819"/>
            <String HEIGHT="20.69291338582677" WIDTH="39.40157480314961" VPOS="247.1811023622047" HPOS="105.44881889763779" CONTENT="ans." ID="tl_10_6" STYLEREFS="FONT0"/>
            <SP HEIGHT="20.69291338582677" WIDTH="4.818897637795276" VPOS="247.1811023622047" HPOS="144.8503937007874"/>
            <String HEIGHT="20.69291338582677" WIDTH="29.480314960629922" VPOS="247.1811023622047" HPOS="130.11023622047244" CONTENT="Ce" ID="tl_10_7" STYLEREFS="FONT0"/>
            <SP HEIGHT="20.69291338582677" WIDTH="4.818897637795276" VPOS="247.1811023622047" HPOS="159.8740157480315"/>
            <String HEIGHT="20.69291338582677" WIDTH="44.22047244094488" VPOS="247.1811023622047" HPOS="144.8503937007874" CONTENT="n’est" ID="tl_10_8" STYLEREFS="FONT0"/>
            <SP HEIGHT="20.69291338582677" WIDTH="4.818897637795276" VPOS="247.1811023622047" HPOS="189.35433070866142"/>
            <String HEIGHT="20.69291338582677" WIDTH="34.58267716535433" VPOS="247.1811023622047" HPOS="174.61417322834646" CONTENT="une" ID="tl_10_9" STYLEREFS="FONT0"/>
            <SP HEIGHT="20.69291338582677" WIDTH="4.818897637795276" VPOS="247.1811023622047" HPOS="209.1968503937008"/>
            <String HEIGHT="20.69291338582677" WIDTH="44.22047244094488" VPOS="247.1811023622047" HPOS="194.17322834645668" CONTENT="école" ID="tl_10_10" STYLEREFS="FONT0"/>
            <SP HEIGHT="20.69291338582677" WIDTH="4.818897637795276" VPOS="247.1811023622047" HPOS="238.6771653543307"/>
            <String HEIGHT="20.69291338582677" WIDTH="29.480314960629922" VPOS="247.1811023622047" HPOS="223.93700787401573" CONTENT="ni" ID="tl_10_11" STYLEREFS="FONT0"/>
            <SP HEIGHT="20.69291338582677" WIDTH="4.818897637795276" VPOS="247.1811023622047" HPOS="253.41732283464566"/>
            <String HEIGHT="20.69291338582677" WIDTH="19.84251968503937" VPOS="247.1811023622047" HPOS="233.5748031496063" CONTENT="au" ID="tl_10_12" STYLEREFS="FONT0"/>
          </TextLine>
          <TextLine ID="tl_11" BASELINE="973" HEIGHT="17.5748031496063" WIDTH="242.64566929133858" VPOS="258.23622047244095" HPOS="11.622047244094489">
            <String HEIGHT="17.5748031496063" WIDTH="36.56692913385827" VPOS="258.23622047244095" HPOS="7.086614173228346" CONTENT="sens" ID="tl_11_1" STYLEREFS="FONT0"/>
            <SP HEIGHT="17.5748031496063" WIDTH="4.535433070866142" VPOS="258.23622047244095" HPOS="43.653543307086615"/>
            <String HEIGHT="17.5748031496063" WIDTH="73.13385826771653" VPOS="258.23622047244095" HPOS="30.04724409448819" CONTENT="stylistique," ID="tl_11_2" STYLEREFS="FONT0"/>
            <SP HEIGHT="17.5748031496063" WIDTH="4.535433070866142" VPOS="258.23622047244095" HPOS="103.18110236220473"/>
            <String HEIGHT="17.5748031496063" WIDTH="27.496062992125985" VPOS="258.23622047244095" HPOS="89.5748031496063" CONTENT="ni" ID="tl_11_3" STYLEREFS="FONT0"/>
            <SP HEIGHT="17.5748031496063" WIDTH="4.535433070866142" VPOS="258.23622047244095" HPOS="116.78740157480316"/>
            <String HEIGHT="17.5748031496063" WIDTH="27.496062992125985" VPOS="258.23622047244095" HPOS="103.18110236220473" CONTENT="au" ID="tl_11_4" STYLEREFS="FONT0"/>
            <SP HEIGHT="17.5748031496063" WIDTH="4.535433070866142" VPOS="258.23622047244095" HPOS="130.6771653543307"/>
            <String HEIGHT="17.5748031496063" WIDTH="36.56692913385827" VPOS="258.23622047244095" HPOS="116.78740157480316" CONTENT="sens" ID="tl_11_5" STYLEREFS="FONT0"/>
            <SP HEIGHT="17.5748031496063" WIDTH="4.535433070866142" VPOS="258.23622047244095" HPOS="153.63779527559055"/>
            <String HEIGHT="17.5748031496063" WIDTH="54.99212598425197" VPOS="258.23622047244095" HPOS="139.748031496063" CONTENT="chauvin," ID="tl_11_6" STYLEREFS="FONT0"/>
            <SP HEIGHT="17.5748031496063" WIDTH="4.535433070866142" VPOS="258.23622047244095" HPOS="194.74015748031496"/>
            <String HEIGHT="17.5748031496063" WIDTH="36.56692913385827" VPOS="258.23622047244095" HPOS="181.13385826771653" CONTENT="mais" ID="tl_11_7" STYLEREFS="FONT0"/>
            <SP HEIGHT="17.5748031496063" WIDTH="4.535433070866142" VPOS="258.23622047244095" HPOS="217.70078740157481"/>
            <String HEIGHT="17.5748031496063" WIDTH="27.496062992125985" VPOS="258.23622047244095" HPOS="203.81102362204723" CONTENT="en" ID="tl_11_8" STYLEREFS="FONT0"/>
            <SP HEIGHT="17.5748031496063" WIDTH="4.535433070866142" VPOS="258.23622047244095" HPOS="231.30708661417322"/>
            <String HEIGHT="17.5748031496063" WIDTH="27.496062992125985" VPOS="258.23622047244095" HPOS="217.70078740157481" CONTENT="ce" ID="tl_11_9" STYLEREFS="FONT0"/>
            <SP HEIGHT="17.5748031496063" WIDTH="4.535433070866142" VPOS="258.23622047244095" HPOS="245.1968503937008"/>
            <String HEIGHT="17.5748031496063" WIDTH="27.496062992125985" VPOS="258.23622047244095" HPOS="226.77165354330708" CONTENT="sens" ID="tl_11_10" STYLEREFS="FONT0"/>
          </TextLine>
          <TextLine ID="tl_12" BASELINE="1023" HEIGHT="22.393700787401574" WIDTH="243.49606299212599" VPOS="267.59055118110234" HPOS="11.905511811023622">
            <String HEIGHT="22.393700787401574" WIDTH="32.881889763779526" VPOS="267.59055118110234" HPOS="7.086614173228346" CONTENT="que" ID="tl_12_1" STYLEREFS="FONT0"/>
            <SP HEIGHT="22.393700787401574" WIDTH="4.818897637795276" VPOS="267.59055118110234" HPOS="39.968503937007874"/>
            <String HEIGHT="22.393700787401574" WIDTH="32.881889763779526" VPOS="267.59055118110234" HPOS="26.078740157480315" CONTENT="les" ID="tl_12_2" STYLEREFS="FONT0"/>
            <SP HEIGHT="22.393700787401574" WIDTH="4.818897637795276" VPOS="267.59055118110234" HPOS="58.67716535433071"/>
            <String HEIGHT="22.393700787401574" WIDTH="56.125984251968504" VPOS="267.59055118110234" HPOS="44.78740157480315" CONTENT="artistes" ID="tl_12_3" STYLEREFS="FONT0"/>
            <SP HEIGHT="22.393700787401574" WIDTH="4.818897637795276" VPOS="267.59055118110234" HPOS="100.91338582677166"/>
            <String HEIGHT="22.393700787401574" WIDTH="37.41732283464567" VPOS="267.59055118110234" HPOS="86.74015748031496" CONTENT="très" ID="tl_12_4" STYLEREFS="FONT0"/>
            <SP HEIGHT="22.393700787401574" WIDTH="4.818897637795276" VPOS="267.59055118110234" HPOS="124.15748031496064"/>
            <String HEIGHT="22.393700787401574" WIDTH="46.77165354330709" VPOS="267.59055118110234" HPOS="110.26771653543307" CONTENT="divers" ID="tl_12_5" STYLEREFS="FONT0"/>
            <SP HEIGHT="22.393700787401574" WIDTH="4.818897637795276" VPOS="267.59055118110234" HPOS="157.03937007874015"/>
            <String HEIGHT="22.393700787401574" WIDTH="32.881889763779526" VPOS="267.59055118110234" HPOS="143.1496062992126" CONTENT="qui" ID="tl_12_6" STYLEREFS="FONT0"/>
            <SP HEIGHT="22.393700787401574" WIDTH="4.818897637795276" VPOS="267.59055118110234" HPOS="175.748031496063"/>
            <String HEIGHT="22.393700787401574" WIDTH="28.062992125984252" VPOS="267.59055118110234" HPOS="161.85826771653544" CONTENT="en" ID="tl_12_7" STYLEREFS="FONT0"/>
            <SP HEIGHT="22.393700787401574" WIDTH="4.818897637795276" VPOS="267.59055118110234" HPOS="189.92125984251967"/>
            <String HEIGHT="22.393700787401574" WIDTH="37.41732283464567" VPOS="267.59055118110234" HPOS="175.748031496063" CONTENT="font" ID="tl_12_8" STYLEREFS="FONT0"/>
            <SP HEIGHT="22.393700787401574" WIDTH="4.818897637795276" VPOS="267.59055118110234" HPOS="213.16535433070865"/>
            <String HEIGHT="22.393700787401574" WIDTH="46.77165354330709" VPOS="267.59055118110234" HPOS="199.2755905511811" CONTENT="partie" ID="tl_12_9" STYLEREFS="FONT0"/>
            <SP HEIGHT="22.393700787401574" WIDTH="4.818897637795276" VPOS="267.59055118110234" HPOS="246.04724409448818"/>
            <String HEIGHT="22.393700787401574" WIDTH="28.062992125984252" VPOS="267.59055118110234" HPOS="227.33858267716536" CONTENT="sont" ID="tl_12_10" STYLEREFS="FONT0"/>
          </TextLine>
          <TextLine ID="tl_13" BASELINE="1049" HEIGHT="18.4251968503937" WIDTH="242.36220472440945" VPOS="278.92913385826773" HPOS="12.188976377952756">
            <String HEIGHT="18.4251968503937" WIDTH="64.06299212598425" VPOS="278.92913385826773" HPOS="7.653543307086614" CONTENT="conscients" ID="tl_13_1" STYLEREFS="FONT0"/>
            <SP HEIGHT="18.4251968503937" WIDTH="4.535433070866142" VPOS="278.92913385826773" HPOS="71.71653543307086"/>
            <String HEIGHT="18.4251968503937" WIDTH="27.496062992125985" VPOS="278.92913385826773" HPOS="57.826771653543304" CONTENT="de" ID="tl_13_2" STYLEREFS="FONT0"/>
            <SP HEIGHT="18.4251968503937" WIDTH="4.535433070866142" VPOS="278.92913385826773" HPOS="85.32283464566929"/>
            <String HEIGHT="18.4251968503937" WIDTH="36.56692913385827" VPOS="278.92913385826773" HPOS="71.71653543307086" CONTENT="leur" ID="tl_13_3" STYLEREFS="FONT0"/>
            <SP HEIGHT="18.4251968503937" WIDTH="4.535433070866142" VPOS="278.92913385826773" HPOS="108.28346456692914"/>
            <String HEIGHT="18.4251968503937" WIDTH="59.52755905511811" VPOS="278.92913385826773" HPOS="94.39370078740157" CONTENT="autonomie" ID="tl_13_4" STYLEREFS="FONT0"/>
            <SP HEIGHT="18.4251968503937" WIDTH="4.535433070866142" VPOS="278.92913385826773" HPOS="153.92125984251967"/>
            <String HEIGHT="18.4251968503937" WIDTH="27.496062992125985" VPOS="278.92913385826773" HPOS="140.31496062992127" CONTENT="au" ID="tl_13_5" STYLEREFS="FONT0"/>
            <SP HEIGHT="18.4251968503937" WIDTH="4.535433070866142" VPOS="278.92913385826773" HPOS="167.5275590551181"/>
            <String HEIGHT="18.4251968503937" WIDTH="36.56692913385827" VPOS="278.92913385826773" HPOS="153.92125984251967" CONTENT="sein" ID="tl_13_6" STYLEREFS="FONT0"/>
            <SP HEIGHT="18.4251968503937" WIDTH="4.535433070866142" VPOS="278.92913385826773" HPOS="190.48818897637796"/>
            <String HEIGHT="18.4251968503937" WIDTH="27.496062992125985" VPOS="278.92913385826773" HPOS="176.88188976377953" CONTENT="de" ID="tl_13_7" STYLEREFS="FONT0"/>
            <SP HEIGHT="18.4251968503937" WIDTH="4.535433070866142" VPOS="278.92913385826773" HPOS="204.3779527559055"/>
            <String HEIGHT="18.4251968503937" WIDTH="41.10236220472441" VPOS="278.92913385826773" HPOS="190.48818897637796" CONTENT="l’art" ID="tl_13_8" STYLEREFS="FONT0"/>
            <SP HEIGHT="18.4251968503937" WIDTH="4.535433070866142" VPOS="278.92913385826773" HPOS="231.59055118110237"/>
            <String HEIGHT="18.4251968503937" WIDTH="41.10236220472441" VPOS="278.92913385826773" HPOS="213.4488188976378" CONTENT="contem" SUBS_TYPE="HypPart1" SUBS_CONTENT="contemporain." ID="tl_13_9" STYLEREFS="FONT0"/>
            <HYP CONTENT="-"/>
          </TextLine>
          <TextLine ID="tl_14" BASELINE="1094" HEIGHT="18.4251968503937" WIDTH="242.64566929133858" VPOS="291.68503937007875" HPOS="12.188976377952756">
            <String HEIGHT="18.4251968503937" WIDTH="52.44094488188976" VPOS="291.68503937007875" HPOS="7.3700787401574805" CONTENT="porain." SUBS_TYPE="HypPart2" SUBS_CONTENT="contemporain." ID="tl_14_1" STYLEREFS="FONT0"/>
            <SP HEIGHT="18.4251968503937" WIDTH="4.818897637795276" VPOS="291.68503937007875" HPOS="59.811023622047244"/>
            <String HEIGHT="18.4251968503937" WIDTH="33.16535433070866" VPOS="291.68503937007875" HPOS="45.354330708661415" CONTENT="Ils" ID="tl_14_2" STYLEREFS="FONT0"/>
            <SP HEIGHT="18.4251968503937" WIDTH="4.818897637795276" VPOS="291.68503937007875" HPOS="78.80314960629921"/>
            <String HEIGHT="18.4251968503937" WIDTH="28.62992125984252" VPOS="291.68503937007875" HPOS="64.62992125984252" CONTENT="ne" ID="tl_14_3" STYLEREFS="FONT0"/>
            <SP HEIGHT="18.4251968503937" WIDTH="4.818897637795276" VPOS="291.68503937007875" HPOS="92.97637795275591"/>
            <String HEIGHT="18.4251968503937" WIDTH="52.44094488188976" VPOS="291.68503937007875" HPOS="78.80314960629921" CONTENT="doivent" ID="tl_14_4" STYLEREFS="FONT0"/>
            <SP HEIGHT="18.4251968503937" WIDTH="4.818897637795276" VPOS="291.68503937007875" HPOS="131.24409448818898"/>
            <String HEIGHT="18.4251968503937" WIDTH="42.803149606299215" VPOS="291.68503937007875" HPOS="116.78740157480316" CONTENT="guère" ID="tl_14_5" STYLEREFS="FONT0"/>
            <SP HEIGHT="18.4251968503937" WIDTH="4.818897637795276" VPOS="291.68503937007875" HPOS="159.59055118110237"/>
            <String HEIGHT="18.4251968503937" WIDTH="23.811023622047244" VPOS="291.68503937007875" HPOS="145.41732283464566" CONTENT="à" ID="tl_14_6" STYLEREFS="FONT0"/>
            <SP HEIGHT="18.4251968503937" WIDTH="4.818897637795276" VPOS="291.68503937007875" HPOS="169.22834645669292"/>
            <String HEIGHT="18.4251968503937" WIDTH="42.803149606299215" VPOS="291.68503937007875" HPOS="155.0551181102362" CONTENT="l’art" ID="tl_14_7" STYLEREFS="FONT0"/>
            <SP HEIGHT="18.4251968503937" WIDTH="4.818897637795276" VPOS="291.68503937007875" HPOS="197.85826771653544"/>
            <String HEIGHT="18.4251968503937" WIDTH="71.43307086614173" VPOS="291.68503937007875" HPOS="183.4015748031496" CONTENT="britannique" ID="tl_14_8" STYLEREFS="FONT0"/>
            <SP HEIGHT="18.4251968503937" WIDTH="4.818897637795276" VPOS="291.68503937007875" HPOS="254.83464566929135"/>
            <String HEIGHT="18.4251968503937" WIDTH="18.992125984251967" VPOS="291.68503937007875" HPOS="235.84251968503938" CONTENT="du" ID="tl_14_9" STYLEREFS="FONT0"/>
          </TextLine>
          <TextLine ID="tl_15" BASELINE="1130" HEIGHT="19.559055118110237" WIDTH="243.49606299212599" VPOS="300.755905511811" HPOS="12.472440944881889">
            <String HEIGHT="19.559055118110237" WIDTH="45.92125984251968" VPOS="300.755905511811" HPOS="7.937007874015748" CONTENT="passé," ID="tl_15_1" STYLEREFS="FONT0"/>
            <SP HEIGHT="19.559055118110237" WIDTH="4.535433070866142" VPOS="300.755905511811" HPOS="53.85826771653543"/>
            <String HEIGHT="19.559055118110237" WIDTH="27.496062992125985" VPOS="300.755905511811" HPOS="39.968503937007874" CONTENT="et" ID="tl_15_2" STYLEREFS="FONT0"/>
            <SP HEIGHT="19.559055118110237" WIDTH="4.535433070866142" VPOS="300.755905511811" HPOS="67.46456692913385"/>
            <String HEIGHT="19.559055118110237" WIDTH="36.8503937007874" VPOS="300.755905511811" HPOS="53.85826771653543" CONTENT="tout" ID="tl_15_3" STYLEREFS="FONT0"/>
            <SP HEIGHT="19.559055118110237" WIDTH="4.535433070866142" VPOS="300.755905511811" HPOS="90.70866141732283"/>
            <String HEIGHT="19.559055118110237" WIDTH="27.496062992125985" VPOS="300.755905511811" HPOS="76.81889763779527" CONTENT="en" ID="tl_15_4" STYLEREFS="FONT0"/>
            <SP HEIGHT="19.559055118110237" WIDTH="4.535433070866142" VPOS="300.755905511811" HPOS="104.31496062992126"/>
            <String HEIGHT="19.559055118110237" WIDTH="78.23622047244095" VPOS="300.755905511811" HPOS="90.70866141732283" CONTENT="reconnaissant" ID="tl_15_5" STYLEREFS="FONT0"/>
            <SP HEIGHT="19.559055118110237" WIDTH="4.535433070866142" VPOS="300.755905511811" HPOS="168.66141732283464"/>
            <String HEIGHT="19.559055118110237" WIDTH="36.8503937007874" VPOS="300.755905511811" HPOS="154.77165354330708" CONTENT="leur" ID="tl_15_6" STYLEREFS="FONT0"/>
            <SP HEIGHT="19.559055118110237" WIDTH="4.535433070866142" VPOS="300.755905511811" HPOS="191.6220472440945"/>
            <String HEIGHT="19.559055118110237" WIDTH="41.38582677165354" VPOS="300.755905511811" HPOS="177.73228346456693" CONTENT="dette" ID="tl_15_7" STYLEREFS="FONT0"/>
            <SP HEIGHT="19.559055118110237" WIDTH="4.535433070866142" VPOS="300.755905511811" HPOS="219.11811023622047"/>
            <String HEIGHT="19.559055118110237" WIDTH="45.92125984251968" VPOS="300.755905511811" HPOS="205.51181102362204" CONTENT="envers" ID="tl_15_8" STYLEREFS="FONT0"/>
            <SP HEIGHT="19.559055118110237" WIDTH="4.535433070866142" VPOS="300.755905511811" HPOS="251.43307086614172"/>
            <String HEIGHT="19.559055118110237" WIDTH="22.96062992125984" VPOS="300.755905511811" HPOS="233.00787401574803" CONTENT="les" ID="tl_15_9" STYLEREFS="FONT0"/>
          </TextLine>
          <TextLine ID="tl_16" BASELINE="1159" HEIGHT="15.590551181102363" WIDTH="243.7795275590551" VPOS="312.9448818897638" HPOS="12.755905511811024">
            <String HEIGHT="15.590551181102363" WIDTH="69.73228346456693" VPOS="312.9448818897638" HPOS="7.653543307086614" CONTENT="mouvements" ID="tl_16_1" STYLEREFS="FONT0"/>
            <SP HEIGHT="15.590551181102363" WIDTH="5.102362204724409" VPOS="312.9448818897638" HPOS="77.38582677165354"/>
            <String HEIGHT="15.590551181102363" WIDTH="74.55118110236221" VPOS="312.9448818897638" HPOS="62.645669291338585" CONTENT="artistiques" ID="tl_16_2" STYLEREFS="FONT0"/>
            <SP HEIGHT="15.590551181102363" WIDTH="5.102362204724409" VPOS="312.9448818897638" HPOS="137.1968503937008"/>
            <String HEIGHT="15.590551181102363" WIDTH="59.811023622047244" VPOS="312.9448818897638" HPOS="122.1732283464567" CONTENT="récents," ID="tl_16_3" STYLEREFS="FONT0"/>
            <SP HEIGHT="15.590551181102363" WIDTH="5.102362204724409" VPOS="312.9448818897638" HPOS="181.98425196850394"/>
            <String HEIGHT="15.590551181102363" WIDTH="29.763779527559056" VPOS="312.9448818897638" HPOS="166.96062992125985" CONTENT="en" ID="tl_16_4" STYLEREFS="FONT0"/>
            <SP HEIGHT="15.590551181102363" WIDTH="5.102362204724409" VPOS="312.9448818897638" HPOS="196.7244094488189"/>
            <String HEIGHT="15.590551181102363" WIDTH="49.889763779527556" VPOS="312.9448818897638" HPOS="181.98425196850394" CONTENT="Europe" ID="tl_16_5" STYLEREFS="FONT0"/>
            <SP HEIGHT="15.590551181102363" WIDTH="5.102362204724409" VPOS="312.9448818897638" HPOS="231.59055118110237"/>
            <String HEIGHT="15.590551181102363" WIDTH="29.763779527559056" VPOS="312.9448818897638" HPOS="216.8503937007874" CONTENT="et" ID="tl_16_6" STYLEREFS="FONT0"/>
            <SP HEIGHT="15.590551181102363" WIDTH="5.102362204724409" VPOS="312.9448818897638" HPOS="246.61417322834646"/>
            <String HEIGHT="15.590551181102363" WIDTH="29.763779527559056" VPOS="312.9448818897638" HPOS="226.77165354330708" CONTENT="pius" ID="tl_16_7" STYLEREFS="FONT0"/>
          </TextLine>
          <TextLine ID="tl_17" BASELINE="1204" HEIGHT="18.708661417322833" WIDTH="243.7795275590551" VPOS="322.5826771653543" HPOS="12.755905511811024">
            <String HEIGHT="18.708661417322833" WIDTH="90.4251968503937" VPOS="322.5826771653543" HPOS="8.220472440944881" CONTENT="particulièrement" ID="tl_17_1" STYLEREFS="FONT0"/>
            <SP HEIGHT="18.708661417322833" WIDTH="4.535433070866142" VPOS="322.5826771653543" HPOS="98.64566929133858"/>
            <String HEIGHT="18.708661417322833" WIDTH="31.46456692913386" VPOS="322.5826771653543" HPOS="85.03937007874016" CONTENT="aux" ID="tl_17_2" STYLEREFS="FONT0"/>
            <SP HEIGHT="18.708661417322833" WIDTH="4.535433070866142" VPOS="322.5826771653543" HPOS="116.50393700787401"/>
            <String HEIGHT="18.708661417322833" WIDTH="67.74803149606299" VPOS="322.5826771653543" HPOS="103.18110236220473" CONTENT="Etats-Unis," ID="tl_17_3" STYLEREFS="FONT0"/>
            <SP HEIGHT="18.708661417322833" WIDTH="4.535433070866142" VPOS="322.5826771653543" HPOS="170.64566929133858"/>
            <String HEIGHT="18.708661417322833" WIDTH="31.46456692913386" VPOS="322.5826771653543" HPOS="157.3228346456693" CONTENT="ils" ID="tl_17_4" STYLEREFS="FONT0"/>
            <SP HEIGHT="18.708661417322833" WIDTH="4.535433070866142" VPOS="322.5826771653543" HPOS="188.78740157480314"/>
            <String HEIGHT="18.708661417322833" WIDTH="31.46456692913386" VPOS="322.5826771653543" HPOS="175.1811023622047" CONTENT="ont" ID="tl_17_5" STYLEREFS="FONT0"/>
            <SP HEIGHT="18.708661417322833" WIDTH="4.535433070866142" VPOS="322.5826771653543" HPOS="206.9291338582677"/>
            <String HEIGHT="18.708661417322833" WIDTH="63.21259842519685" VPOS="322.5826771653543" HPOS="193.3228346456693" CONTENT="conscience" ID="tl_17_6" STYLEREFS="FONT0"/>
            <SP HEIGHT="18.708661417322833" WIDTH="4.535433070866142" VPOS="322.5826771653543" HPOS="256.53543307086613"/>
            <String HEIGHT="18.708661417322833" WIDTH="18.141732283464567" VPOS="322.5826771653543" HPOS="238.39370078740157" CONTENT="de" ID="tl_17_7" STYLEREFS="FONT0"/>
          </TextLine>
          <TextLine ID="tl_18" BASELINE="1243" HEIGHT="16.15748031496063" WIDTH="243.7795275590551" VPOS="336.18897637795277" HPOS="13.039370078740157">
            <String HEIGHT="16.15748031496063" WIDTH="50.45669291338583" VPOS="336.18897637795277" HPOS="8.503937007874017" CONTENT="pouvoir" ID="tl_18_1" STYLEREFS="FONT0"/>
            <SP HEIGHT="16.15748031496063" WIDTH="4.535433070866142" VPOS="336.18897637795277" HPOS="58.960629921259844"/>
            <String HEIGHT="16.15748031496063" WIDTH="55.275590551181104" VPOS="336.18897637795277" HPOS="45.354330708661415" CONTENT="apporter" ID="tl_18_2" STYLEREFS="FONT0"/>
            <SP HEIGHT="16.15748031496063" WIDTH="4.535433070866142" VPOS="336.18897637795277" HPOS="100.34645669291339"/>
            <String HEIGHT="16.15748031496063" WIDTH="36.8503937007874" VPOS="336.18897637795277" HPOS="86.74015748031496" CONTENT="leur" ID="tl_18_3" STYLEREFS="FONT0"/>
            <SP HEIGHT="16.15748031496063" WIDTH="4.535433070866142" VPOS="336.18897637795277" HPOS="123.30708661417323"/>
            <String HEIGHT="16.15748031496063" WIDTH="73.7007874015748" VPOS="336.18897637795277" HPOS="109.7007874015748" CONTENT="contribution" ID="tl_18_4" STYLEREFS="FONT0"/>
            <SP HEIGHT="16.15748031496063" WIDTH="4.535433070866142" VPOS="336.18897637795277" HPOS="183.11811023622047"/>
            <String HEIGHT="16.15748031496063" WIDTH="41.38582677165354" VPOS="336.18897637795277" HPOS="169.51181102362204" CONTENT="d’une" ID="tl_18_5" STYLEREFS="FONT0"/>
            <SP HEIGHT="16.15748031496063" WIDTH="4.535433070866142" VPOS="336.18897637795277" HPOS="210.89763779527559"/>
            <String HEIGHT="16.15748031496063" WIDTH="50.45669291338583" VPOS="336.18897637795277" HPOS="197.00787401574803" CONTENT="manière" ID="tl_18_6" STYLEREFS="FONT0"/>
            <SP HEIGHT="16.15748031496063" WIDTH="4.535433070866142" VPOS="336.18897637795277" HPOS="247.748031496063"/>
            <String HEIGHT="16.15748031496063" WIDTH="27.496062992125985" VPOS="336.18897637795277" HPOS="229.3228346456693" CONTENT="dis" SUBS_TYPE="HypPart1" SUBS_CONTENT="distincte" ID="tl_18_7" STYLEREFS="FONT0"/>
            <HYP CONTENT="-"/>
          </TextLine>
          <TextLine ID="tl_19" BASELINE="1283" HEIGHT="15.023622047244094" WIDTH="91.55905511811024" VPOS="348.66141732283467" HPOS="13.039370078740157">
            <String HEIGHT="15.023622047244094" WIDTH="39.68503937007874" VPOS="348.66141732283467" HPOS="9.070866141732283" CONTENT="tincte" SUBS_TYPE="HypPart2" SUBS_CONTENT="distincte" ID="tl_19_1" STYLEREFS="FONT0"/>
            <SP HEIGHT="15.023622047244094" WIDTH="3.968503937007874" VPOS="348.66141732283467" HPOS="48.75590551181102"/>
            <String HEIGHT="15.023622047244094" WIDTH="23.811023622047244" VPOS="348.66141732283467" HPOS="36.8503937007874" CONTENT="et" ID="tl_19_2" STYLEREFS="FONT0"/>
            <SP HEIGHT="15.023622047244094" WIDTH="3.968503937007874" VPOS="348.66141732283467" HPOS="60.94488188976378"/>
            <String HEIGHT="15.023622047244094" WIDTH="59.811023622047244" VPOS="348.66141732283467" HPOS="44.78740157480315" CONTENT="individuelle." ID="tl_19_3" STYLEREFS="FONT0"/>
          </TextLine>
        </TextBlock>
        <TextBlock ID="r_4_2" HEIGHT="209.1968503937008" WIDTH="248.88188976377953" VPOS="360.2834645669291" HPOS="14.740157480314961">
          <TextLine ID="tl_20" BASELINE="1322" HEIGHT="16.724409448818896" WIDTH="234.99212598425197" VPOS="358.01574803149606" HPOS="23.811023622047244">
            <String HEIGHT="16.724409448818896" WIDTH="30.89763779527559" VPOS="358.01574803149606" HPOS="19.275590551181104" CONTENT="lls" ID="tl_20_1" STYLEREFS="FONT0"/>
            <SP HEIGHT="16.724409448818896" WIDTH="4.535433070866142" VPOS="358.01574803149606" HPOS="50.45669291338583"/>
            <String HEIGHT="16.724409448818896" WIDTH="57.54330708661417" VPOS="358.01574803149606" HPOS="37.13385826771653" CONTENT="rejettent" ID="tl_20_2" STYLEREFS="FONT0"/>
            <SP HEIGHT="16.724409448818896" WIDTH="4.535433070866142" VPOS="358.01574803149606" HPOS="94.67716535433071"/>
            <String HEIGHT="16.724409448818896" WIDTH="39.968503937007874" VPOS="358.01574803149606" HPOS="81.35433070866142" CONTENT="toute" ID="tl_20_3" STYLEREFS="FONT0"/>
            <SP HEIGHT="16.724409448818896" WIDTH="4.535433070866142" VPOS="358.01574803149606" HPOS="121.32283464566929"/>
            <String HEIGHT="16.724409448818896" WIDTH="66.61417322834646" VPOS="358.01574803149606" HPOS="108.0" CONTENT="distinction" ID="tl_20_4" STYLEREFS="FONT0"/>
            <SP HEIGHT="16.724409448818896" WIDTH="4.535433070866142" VPOS="358.01574803149606" HPOS="174.61417322834646"/>
            <String HEIGHT="16.724409448818896" WIDTH="66.61417322834646" VPOS="358.01574803149606" HPOS="161.29133858267716" CONTENT="doctrinaire" ID="tl_20_5" STYLEREFS="FONT0"/>
            <SP HEIGHT="16.724409448818896" WIDTH="4.535433070866142" VPOS="358.01574803149606" HPOS="227.90551181102362"/>
            <String HEIGHT="16.724409448818896" WIDTH="39.968503937007874" VPOS="358.01574803149606" HPOS="214.58267716535434" CONTENT="entre" ID="tl_20_6" STYLEREFS="FONT0"/>
            <SP HEIGHT="16.724409448818896" WIDTH="4.535433070866142" VPOS="358.01574803149606" HPOS="254.26771653543307"/>
            <String HEIGHT="16.724409448818896" WIDTH="22.11023622047244" VPOS="358.01574803149606" HPOS="236.69291338582678" CONTENT="art" ID="tl_20_7" STYLEREFS="FONT0"/>
          </TextLine>
          <TextLine ID="tl_21" BASELINE="1358" HEIGHT="12.188976377952756" WIDTH="244.62992125984252" VPOS="372.755905511811" HPOS="13.32283464566929">
            <String HEIGHT="12.188976377952756" WIDTH="55.84251968503937" VPOS="372.755905511811" HPOS="9.070866141732283" CONTENT="figuratif" ID="tl_21_1" STYLEREFS="FONT0"/>
            <SP HEIGHT="12.188976377952756" WIDTH="4.251968503937008" VPOS="372.755905511811" HPOS="64.91338582677166"/>
            <String HEIGHT="12.188976377952756" WIDTH="25.79527559055118" VPOS="372.755905511811" HPOS="51.874015748031496" CONTENT="et" ID="tl_21_2" STYLEREFS="FONT0"/>
            <SP HEIGHT="12.188976377952756" WIDTH="4.251968503937008" VPOS="372.755905511811" HPOS="77.66929133858268"/>
            <String HEIGHT="12.188976377952756" WIDTH="30.04724409448819" VPOS="372.755905511811" HPOS="64.91338582677166" CONTENT="art" ID="tl_21_3" STYLEREFS="FONT0"/>
            <SP HEIGHT="12.188976377952756" WIDTH="4.251968503937008" VPOS="372.755905511811" HPOS="94.96062992125984"/>
            <String HEIGHT="12.188976377952756" WIDTH="55.84251968503937" VPOS="372.755905511811" HPOS="81.92125984251969" CONTENT="abstrait." ID="tl_21_4" STYLEREFS="FONT0"/>
            <SP HEIGHT="12.188976377952756" WIDTH="4.251968503937008" VPOS="372.755905511811" HPOS="137.76377952755905"/>
            <String HEIGHT="12.188976377952756" WIDTH="55.84251968503937" VPOS="372.755905511811" HPOS="125.00787401574803" CONTENT="Toutefois" ID="tl_21_5" STYLEREFS="FONT0"/>
            <SP HEIGHT="12.188976377952756" WIDTH="4.251968503937008" VPOS="372.755905511811" HPOS="180.56692913385828"/>
            <String HEIGHT="12.188976377952756" WIDTH="34.2992125984252" VPOS="372.755905511811" HPOS="167.81102362204723" CONTENT="ceux" ID="tl_21_6" STYLEREFS="FONT0"/>
            <SP HEIGHT="12.188976377952756" WIDTH="4.251968503937008" VPOS="372.755905511811" HPOS="202.11023622047244"/>
            <String HEIGHT="12.188976377952756" WIDTH="47.338582677165356" VPOS="372.755905511811" HPOS="189.35433070866142" CONTENT="d’entre" ID="tl_21_7" STYLEREFS="FONT0"/>
            <SP HEIGHT="12.188976377952756" WIDTH="4.251968503937008" VPOS="372.755905511811" HPOS="236.40944881889763"/>
            <String HEIGHT="12.188976377952756" WIDTH="30.04724409448819" VPOS="372.755905511811" HPOS="223.6535433070866" CONTENT="eux" ID="tl_21_8" STYLEREFS="FONT0"/>
            <SP HEIGHT="12.188976377952756" WIDTH="4.251968503937008" VPOS="372.755905511811" HPOS="253.70078740157481"/>
            <String HEIGHT="12.188976377952756" WIDTH="21.543307086614174" VPOS="372.755905511811" HPOS="236.40944881889763" CONTENT="qui" ID="tl_21_9" STYLEREFS="FONT0"/>
          </TextLine>
          <TextLine ID="tl_22" BASELINE="1402" HEIGHT="17.007874015748033" WIDTH="244.3464566929134" VPOS="380.40944881889766" HPOS="13.88976377952756">
            <String HEIGHT="17.007874015748033" WIDTH="64.62992125984252" VPOS="380.40944881889766" HPOS="9.354330708661417" CONTENT="exposèrent" ID="tl_22_1" STYLEREFS="FONT0"/>
            <SP HEIGHT="17.007874015748033" WIDTH="4.535433070866142" VPOS="380.40944881889766" HPOS="73.7007874015748"/>
            <String HEIGHT="17.007874015748033" WIDTH="27.77952755905512" VPOS="380.40944881889766" HPOS="60.09448818897638" CONTENT="il" ID="tl_22_2" STYLEREFS="FONT0"/>
            <SP HEIGHT="17.007874015748033" WIDTH="4.535433070866142" VPOS="380.40944881889766" HPOS="87.59055118110236"/>
            <String HEIGHT="17.007874015748033" WIDTH="22.96062992125984" VPOS="380.40944881889766" HPOS="73.7007874015748" CONTENT="y" ID="tl_22_3" STYLEREFS="FONT0"/>
            <SP HEIGHT="17.007874015748033" WIDTH="4.535433070866142" VPOS="380.40944881889766" HPOS="96.94488188976378"/>
            <String HEIGHT="17.007874015748033" WIDTH="22.96062992125984" VPOS="380.40944881889766" HPOS="83.05511811023622" CONTENT="a" ID="tl_22_4" STYLEREFS="FONT0"/>
            <SP HEIGHT="17.007874015748033" WIDTH="4.535433070866142" VPOS="380.40944881889766" HPOS="106.01574803149606"/>
            <String HEIGHT="17.007874015748033" WIDTH="36.8503937007874" VPOS="380.40944881889766" HPOS="92.1259842519685" CONTENT="deux" ID="tl_22_5" STYLEREFS="FONT0"/>
            <SP HEIGHT="17.007874015748033" WIDTH="4.535433070866142" VPOS="380.40944881889766" HPOS="129.25984251968504"/>
            <String HEIGHT="17.007874015748033" WIDTH="32.31496062992126" VPOS="380.40944881889766" HPOS="115.37007874015748" CONTENT="ans" ID="tl_22_6" STYLEREFS="FONT0"/>
            <SP HEIGHT="17.007874015748033" WIDTH="4.535433070866142" VPOS="380.40944881889766" HPOS="147.68503937007873"/>
            <String HEIGHT="17.007874015748033" WIDTH="22.96062992125984" VPOS="380.40944881889766" HPOS="133.79527559055117" CONTENT="à" ID="tl_22_7" STYLEREFS="FONT0"/>
            <SP HEIGHT="17.007874015748033" WIDTH="4.535433070866142" VPOS="380.40944881889766" HPOS="156.75590551181102"/>
            <String HEIGHT="17.007874015748033" WIDTH="27.77952755905512" VPOS="380.40944881889766" HPOS="142.86614173228347" CONTENT="la" ID="tl_22_8" STYLEREFS="FONT0"/>
            <SP HEIGHT="17.007874015748033" WIDTH="4.535433070866142" VPOS="380.40944881889766" HPOS="170.64566929133858"/>
            <String HEIGHT="17.007874015748033" WIDTH="55.275590551181104" VPOS="380.40944881889766" HPOS="156.75590551181102" CONTENT="Biennale" ID="tl_22_9" STYLEREFS="FONT0"/>
            <SP HEIGHT="17.007874015748033" WIDTH="4.535433070866142" VPOS="380.40944881889766" HPOS="212.03149606299212"/>
            <String HEIGHT="17.007874015748033" WIDTH="27.77952755905512" VPOS="380.40944881889766" HPOS="198.4251968503937" CONTENT="de" ID="tl_22_10" STYLEREFS="FONT0"/>
            <SP HEIGHT="17.007874015748033" WIDTH="4.535433070866142" VPOS="380.40944881889766" HPOS="225.92125984251967"/>
            <String HEIGHT="17.007874015748033" WIDTH="41.38582677165354" VPOS="380.40944881889766" HPOS="212.03149606299212" CONTENT="Paris" ID="tl_22_11" STYLEREFS="FONT0"/>
            <SP HEIGHT="17.007874015748033" WIDTH="4.535433070866142" VPOS="380.40944881889766" HPOS="253.70078740157481"/>
            <String HEIGHT="17.007874015748033" WIDTH="22.96062992125984" VPOS="380.40944881889766" HPOS="235.2755905511811" CONTENT="re" SUBS_TYPE="HypPart1" SUBS_CONTENT="représentaient" ID="tl_22_12" STYLEREFS="FONT0"/>
            <HYP CONTENT="-"/>
          </TextLine>
          <TextLine ID="tl_23" BASELINE="1439" HEIGHT="17.007874015748033" WIDTH="244.91338582677164" VPOS="390.8976377952756" HPOS="13.88976377952756">
            <String HEIGHT="17.007874015748033" WIDTH="75.4015748031496" VPOS="390.8976377952756" HPOS="9.070866141732283" CONTENT="présentaient" SUBS_TYPE="HypPart2" SUBS_CONTENT="représentaient" ID="tl_23_1" STYLEREFS="FONT0"/>
            <SP HEIGHT="17.007874015748033" WIDTH="4.818897637795276" VPOS="390.8976377952756" HPOS="84.4724409448819"/>
            <String HEIGHT="17.007874015748033" WIDTH="32.881889763779526" VPOS="390.8976377952756" HPOS="70.2992125984252" CONTENT="une" ID="tl_23_2" STYLEREFS="FONT0"/>
            <SP HEIGHT="17.007874015748033" WIDTH="4.818897637795276" VPOS="390.8976377952756" HPOS="103.46456692913385"/>
            <String HEIGHT="17.007874015748033" WIDTH="66.04724409448819" VPOS="390.8976377952756" HPOS="89.29133858267717" CONTENT="esthétique" ID="tl_23_3" STYLEREFS="FONT0"/>
            <SP HEIGHT="17.007874015748033" WIDTH="4.818897637795276" VPOS="390.8976377952756" HPOS="155.0551181102362"/>
            <String HEIGHT="17.007874015748033" WIDTH="37.7007874015748" VPOS="390.8976377952756" HPOS="141.16535433070865" CONTENT="plus" ID="tl_23_4" STYLEREFS="FONT0"/>
            <SP HEIGHT="17.007874015748033" WIDTH="4.818897637795276" VPOS="390.8976377952756" HPOS="178.86614173228347"/>
            <String HEIGHT="17.007874015748033" WIDTH="70.58267716535433" VPOS="390.8976377952756" HPOS="164.69291338582678" CONTENT="figurative," ID="tl_23_5" STYLEREFS="FONT0"/>
            <SP HEIGHT="17.007874015748033" WIDTH="4.818897637795276" VPOS="390.8976377952756" HPOS="235.2755905511811"/>
            <String HEIGHT="17.007874015748033" WIDTH="37.7007874015748" VPOS="390.8976377952756" HPOS="221.10236220472441" CONTENT="dans" ID="tl_23_6" STYLEREFS="FONT0"/>
            <SP HEIGHT="17.007874015748033" WIDTH="4.818897637795276" VPOS="390.8976377952756" HPOS="258.8031496062992"/>
            <String HEIGHT="17.007874015748033" WIDTH="18.708661417322833" VPOS="390.8976377952756" HPOS="240.09448818897638" CONTENT="la" ID="tl_23_7" STYLEREFS="FONT0"/>
          </TextLine>
          <TextLine ID="tl_24" BASELINE="1472" HEIGHT="15.307086614173228" WIDTH="245.48031496062993" VPOS="401.9527559055118" HPOS="14.173228346456693">
            <String HEIGHT="15.307086614173228" WIDTH="48.188976377952756" VPOS="401.9527559055118" HPOS="9.354330708661417" CONTENT="mesure" ID="tl_24_1" STYLEREFS="FONT0"/>
            <SP HEIGHT="15.307086614173228" WIDTH="4.818897637795276" VPOS="401.9527559055118" HPOS="57.54330708661417"/>
            <String HEIGHT="15.307086614173228" WIDTH="28.913385826771652" VPOS="401.9527559055118" HPOS="43.08661417322835" CONTENT="où" ID="tl_24_2" STYLEREFS="FONT0"/>
            <SP HEIGHT="15.307086614173228" WIDTH="4.818897637795276" VPOS="401.9527559055118" HPOS="72.0"/>
            <String HEIGHT="15.307086614173228" WIDTH="33.732283464566926" VPOS="401.9527559055118" HPOS="57.54330708661417" CONTENT="ils" ID="tl_24_3" STYLEREFS="FONT0"/>
            <SP HEIGHT="15.307086614173228" WIDTH="4.818897637795276" VPOS="401.9527559055118" HPOS="91.2755905511811"/>
            <String HEIGHT="15.307086614173228" WIDTH="57.826771653543304" VPOS="401.9527559055118" HPOS="76.81889763779527" CONTENT="tiraient" ID="tl_24_4" STYLEREFS="FONT0"/>
            <SP HEIGHT="15.307086614173228" WIDTH="4.818897637795276" VPOS="401.9527559055118" HPOS="134.64566929133858"/>
            <String HEIGHT="15.307086614173228" WIDTH="38.55118110236221" VPOS="401.9527559055118" HPOS="120.18897637795276" CONTENT="leur" ID="tl_24_5" STYLEREFS="FONT0"/>
            <SP HEIGHT="15.307086614173228" WIDTH="4.818897637795276" VPOS="401.9527559055118" HPOS="158.45669291338584"/>
            <String HEIGHT="15.307086614173228" WIDTH="57.826771653543304" VPOS="401.9527559055118" HPOS="144.0" CONTENT="imagerie" ID="tl_24_6" STYLEREFS="FONT0"/>
            <SP HEIGHT="15.307086614173228" WIDTH="4.818897637795276" VPOS="401.9527559055118" HPOS="201.82677165354332"/>
            <String HEIGHT="15.307086614173228" WIDTH="33.732283464566926" VPOS="401.9527559055118" HPOS="187.37007874015748" CONTENT="des" ID="tl_24_7" STYLEREFS="FONT0"/>
            <SP HEIGHT="15.307086614173228" WIDTH="4.818897637795276" VPOS="401.9527559055118" HPOS="221.10236220472441"/>
            <String HEIGHT="15.307086614173228" WIDTH="53.00787401574803" VPOS="401.9527559055118" HPOS="206.64566929133858" CONTENT="sources" ID="tl_24_8" STYLEREFS="FONT0"/>
            <SP HEIGHT="15.307086614173228" WIDTH="4.818897637795276" VPOS="401.9527559055118" HPOS="259.65354330708664"/>
            <String HEIGHT="15.307086614173228" WIDTH="19.275590551181104" VPOS="401.9527559055118" HPOS="240.3779527559055" CONTENT="du" ID="tl_24_9" STYLEREFS="FONT0"/>
          </TextLine>
          <TextLine ID="tl_25" BASELINE="1516" HEIGHT="13.88976377952756" WIDTH="245.1968503937008" VPOS="415.84251968503935" HPOS="14.173228346456693">
            <String HEIGHT="13.88976377952756" WIDTH="23.52755905511811" VPOS="415.84251968503935" HPOS="9.354330708661417" CONTENT="«" ID="tl_25_1" STYLEREFS="FONT0"/>
            <SP HEIGHT="13.88976377952756" WIDTH="4.818897637795276" VPOS="415.84251968503935" HPOS="33.16535433070866"/>
            <String HEIGHT="13.88976377952756" WIDTH="32.881889763779526" VPOS="415.84251968503935" HPOS="18.992125984251967" CONTENT="pop" ID="tl_25_2" STYLEREFS="FONT0"/>
            <SP HEIGHT="13.88976377952756" WIDTH="4.818897637795276" VPOS="415.84251968503935" HPOS="51.874015748031496"/>
            <String HEIGHT="13.88976377952756" WIDTH="32.881889763779526" VPOS="415.84251968503935" HPOS="37.7007874015748" CONTENT="art" ID="tl_25_3" STYLEREFS="FONT0"/>
            <SP HEIGHT="13.88976377952756" WIDTH="4.818897637795276" VPOS="415.84251968503935" HPOS="70.86614173228347"/>
            <String HEIGHT="13.88976377952756" WIDTH="23.52755905511811" VPOS="415.84251968503935" HPOS="56.69291338582677" CONTENT="," ID="tl_25_4" STYLEREFS="FONT0"/>
            <SP HEIGHT="13.88976377952756" WIDTH="4.818897637795276" VPOS="415.84251968503935" HPOS="80.22047244094489"/>
            <String HEIGHT="13.88976377952756" WIDTH="37.7007874015748" VPOS="415.84251968503935" HPOS="66.04724409448819" CONTENT="même" ID="tl_25_5" STYLEREFS="FONT0"/>
            <SP HEIGHT="13.88976377952756" WIDTH="4.818897637795276" VPOS="415.84251968503935" HPOS="103.74803149606299"/>
            <String HEIGHT="13.88976377952756" WIDTH="70.86614173228347" VPOS="415.84251968503935" HPOS="89.5748031496063" CONTENT="lorsqu’elle" ID="tl_25_6" STYLEREFS="FONT0"/>
            <SP HEIGHT="13.88976377952756" WIDTH="4.818897637795276" VPOS="415.84251968503935" HPOS="160.44094488188978"/>
            <String HEIGHT="13.88976377952756" WIDTH="42.51968503937008" VPOS="415.84251968503935" HPOS="146.26771653543307" CONTENT="était" ID="tl_25_7" STYLEREFS="FONT0"/>
            <SP HEIGHT="13.88976377952756" WIDTH="4.818897637795276" VPOS="415.84251968503935" HPOS="188.50393700787401"/>
            <String HEIGHT="13.88976377952756" WIDTH="56.69291338582677" VPOS="415.84251968503935" HPOS="174.61417322834646" CONTENT="élaborée" ID="tl_25_8" STYLEREFS="FONT0"/>
            <SP HEIGHT="13.88976377952756" WIDTH="4.818897637795276" VPOS="415.84251968503935" HPOS="231.0236220472441"/>
            <String HEIGHT="13.88976377952756" WIDTH="23.52755905511811" VPOS="415.84251968503935" HPOS="216.8503937007874" CONTENT="à" ID="tl_25_9" STYLEREFS="FONT0"/>
            <SP HEIGHT="13.88976377952756" WIDTH="4.818897637795276" VPOS="415.84251968503935" HPOS="240.3779527559055"/>
            <String HEIGHT="13.88976377952756" WIDTH="28.346456692913385" VPOS="415.84251968503935" HPOS="226.48818897637796" CONTENT="la" ID="tl_25_10" STYLEREFS="FONT0"/>
            <SP HEIGHT="13.88976377952756" WIDTH="4.818897637795276" VPOS="415.84251968503935" HPOS="254.5511811023622"/>
            <String HEIGHT="13.88976377952756" WIDTH="23.52755905511811" VPOS="415.84251968503935" HPOS="235.84251968503938" CONTENT="ma" SUBS_TYPE="HypPart1" SUBS_CONTENT="manière" ID="tl_25_11" STYLEREFS="FONT0"/>
            <HYP CONTENT="-"/>
          </TextLine>
          <TextLine ID="tl_26" BASELINE="1550" HEIGHT="11.905511811023622" WIDTH="245.1968503937008" VPOS="427.46456692913387" HPOS="14.740157480314961">
            <String HEIGHT="11.905511811023622" WIDTH="40.818897637795274" VPOS="427.46456692913387" HPOS="10.204724409448819" CONTENT="nière" SUBS_TYPE="HypPart2" SUBS_CONTENT="manière" ID="tl_26_1" STYLEREFS="FONT0"/>
            <SP HEIGHT="11.905511811023622" WIDTH="4.535433070866142" VPOS="427.46456692913387" HPOS="51.023622047244096"/>
            <String HEIGHT="11.905511811023622" WIDTH="63.496062992125985" VPOS="427.46456692913387" HPOS="37.41732283464567" CONTENT="abstraite." ID="tl_26_2" STYLEREFS="FONT0"/>
            <SP HEIGHT="11.905511811023622" WIDTH="4.535433070866142" VPOS="427.46456692913387" HPOS="100.91338582677166"/>
            <String HEIGHT="11.905511811023622" WIDTH="31.748031496062993" VPOS="427.46456692913387" HPOS="87.30708661417323" CONTENT="Les" ID="tl_26_3" STYLEREFS="FONT0"/>
            <SP HEIGHT="11.905511811023622" WIDTH="4.535433070866142" VPOS="427.46456692913387" HPOS="119.05511811023622"/>
            <String HEIGHT="11.905511811023622" WIDTH="54.425196850393704" VPOS="427.46456692913387" HPOS="105.44881889763779" CONTENT="artistes" ID="tl_26_4" STYLEREFS="FONT0"/>
            <SP HEIGHT="11.905511811023622" WIDTH="4.535433070866142" VPOS="427.46456692913387" HPOS="160.15748031496062"/>
            <String HEIGHT="11.905511811023622" WIDTH="49.889763779527556" VPOS="427.46456692913387" HPOS="146.5511811023622" CONTENT="exposés" ID="tl_26_5" STYLEREFS="FONT0"/>
            <SP HEIGHT="11.905511811023622" WIDTH="4.535433070866142" VPOS="427.46456692913387" HPOS="196.44094488188978"/>
            <String HEIGHT="11.905511811023622" WIDTH="36.28346456692913" VPOS="427.46456692913387" HPOS="182.83464566929135" CONTENT="ici," ID="tl_26_6" STYLEREFS="FONT0"/>
            <SP HEIGHT="11.905511811023622" WIDTH="4.535433070866142" VPOS="427.46456692913387" HPOS="219.11811023622047"/>
            <String HEIGHT="11.905511811023622" WIDTH="36.28346456692913" VPOS="427.46456692913387" HPOS="205.51181102362204" CONTENT="sont" ID="tl_26_7" STYLEREFS="FONT0"/>
            <SP HEIGHT="11.905511811023622" WIDTH="4.535433070866142" VPOS="427.46456692913387" HPOS="241.79527559055117"/>
            <String HEIGHT="11.905511811023622" WIDTH="27.212598425196852" VPOS="427.46456692913387" HPOS="228.18897637795277" CONTENT="en" ID="tl_26_8" STYLEREFS="FONT0"/>
            <SP HEIGHT="11.905511811023622" WIDTH="4.535433070866142" VPOS="427.46456692913387" HPOS="255.4015748031496"/>
            <String HEIGHT="11.905511811023622" WIDTH="22.677165354330707" VPOS="427.46456692913387" HPOS="237.25984251968504" CONTENT="re" SUBS_TYPE="HypPart1" SUBS_CONTENT="revanche" ID="tl_26_9" STYLEREFS="FONT0"/>
            <HYP CONTENT="-"/>
          </TextLine>
          <TextLine ID="tl_27" BASELINE="1583" HEIGHT="15.307086614173228" WIDTH="246.89763779527559" VPOS="433.4173228346457" HPOS="14.456692913385826">
            <String HEIGHT="15.307086614173228" WIDTH="48.47244094488189" VPOS="433.4173228346457" HPOS="9.637795275590552" CONTENT="vanche" SUBS_TYPE="HypPart2" SUBS_CONTENT="revanche" ID="tl_27_1" STYLEREFS="FONT0"/>
            <SP HEIGHT="15.307086614173228" WIDTH="4.818897637795276" VPOS="433.4173228346457" HPOS="58.110236220472444"/>
            <String HEIGHT="15.307086614173228" WIDTH="67.74803149606299" VPOS="433.4173228346457" HPOS="43.37007874015748" CONTENT="préoccupés" ID="tl_27_2" STYLEREFS="FONT0"/>
            <SP HEIGHT="15.307086614173228" WIDTH="4.818897637795276" VPOS="433.4173228346457" HPOS="111.4015748031496"/>
            <String HEIGHT="15.307086614173228" WIDTH="24.094488188976378" VPOS="433.4173228346457" HPOS="96.66141732283465" CONTENT="à" ID="tl_27_3" STYLEREFS="FONT0"/>
            <SP HEIGHT="15.307086614173228" WIDTH="4.818897637795276" VPOS="433.4173228346457" HPOS="121.03937007874016"/>
            <String HEIGHT="15.307086614173228" WIDTH="28.913385826771652" VPOS="433.4173228346457" HPOS="106.2992125984252" CONTENT="la" ID="tl_27_4" STYLEREFS="FONT0"/>
            <SP HEIGHT="15.307086614173228" WIDTH="4.818897637795276" VPOS="433.4173228346457" HPOS="135.49606299212599"/>
            <String HEIGHT="15.307086614173228" WIDTH="38.83464566929134" VPOS="433.4173228346457" HPOS="121.03937007874016" CONTENT="fois" ID="tl_27_5" STYLEREFS="FONT0"/>
            <SP HEIGHT="15.307086614173228" WIDTH="4.818897637795276" VPOS="433.4173228346457" HPOS="159.59055118110237"/>
            <String HEIGHT="15.307086614173228" WIDTH="58.110236220472444" VPOS="433.4173228346457" HPOS="145.13385826771653" CONTENT="d’images" ID="tl_27_6" STYLEREFS="FONT0"/>
            <SP HEIGHT="15.307086614173228" WIDTH="4.818897637795276" VPOS="433.4173228346457" HPOS="203.24409448818898"/>
            <String HEIGHT="15.307086614173228" WIDTH="72.56692913385827" VPOS="433.4173228346457" HPOS="188.78740157480314" CONTENT="figuratives" ID="tl_27_7" STYLEREFS="FONT0"/>
            <SP HEIGHT="15.307086614173228" WIDTH="4.818897637795276" VPOS="433.4173228346457" HPOS="261.3543307086614"/>
            <String HEIGHT="15.307086614173228" WIDTH="19.275590551181104" VPOS="433.4173228346457" HPOS="242.07874015748033" CONTENT="et" ID="tl_27_8" STYLEREFS="FONT0"/>
          </TextLine>
          <TextLine ID="tl_28" BASELINE="1630" HEIGHT="16.724409448818896" WIDTH="246.33070866141733" VPOS="445.3228346456693" HPOS="14.740157480314961">
            <String HEIGHT="16.724409448818896" WIDTH="54.70866141732284" VPOS="445.3228346456693" HPOS="10.204724409448819" CONTENT="d’images" ID="tl_28_1" STYLEREFS="FONT0"/>
            <SP HEIGHT="16.724409448818896" WIDTH="4.535433070866142" VPOS="445.3228346456693" HPOS="64.91338582677166"/>
            <String HEIGHT="16.724409448818896" WIDTH="68.31496062992126" VPOS="445.3228346456693" HPOS="51.30708661417323" CONTENT="abstraites," ID="tl_28_2" STYLEREFS="FONT0"/>
            <SP HEIGHT="16.724409448818896" WIDTH="4.535433070866142" VPOS="445.3228346456693" HPOS="119.62204724409449"/>
            <String HEIGHT="16.724409448818896" WIDTH="36.56692913385827" VPOS="445.3228346456693" HPOS="106.01574803149606" CONTENT="mais" ID="tl_28_3" STYLEREFS="FONT0"/>
            <SP HEIGHT="16.724409448818896" WIDTH="4.535433070866142" VPOS="445.3228346456693" HPOS="142.58267716535434"/>
            <String HEIGHT="16.724409448818896" WIDTH="36.56692913385827" VPOS="445.3228346456693" HPOS="128.69291338582678" CONTENT="leur" ID="tl_28_4" STYLEREFS="FONT0"/>
            <SP HEIGHT="16.724409448818896" WIDTH="4.535433070866142" VPOS="445.3228346456693" HPOS="165.25984251968504"/>
            <String HEIGHT="16.724409448818896" WIDTH="41.10236220472441" VPOS="445.3228346456693" HPOS="151.6535433070866" CONTENT="style" ID="tl_28_5" STYLEREFS="FONT0"/>
            <SP HEIGHT="16.724409448818896" WIDTH="4.535433070866142" VPOS="445.3228346456693" HPOS="192.75590551181102"/>
            <String HEIGHT="16.724409448818896" WIDTH="27.496062992125985" VPOS="445.3228346456693" HPOS="178.86614173228347" CONTENT="de" ID="tl_28_6" STYLEREFS="FONT0"/>
            <SP HEIGHT="16.724409448818896" WIDTH="4.535433070866142" VPOS="445.3228346456693" HPOS="206.36220472440945"/>
            <String HEIGHT="16.724409448818896" WIDTH="72.85039370078741" VPOS="445.3228346456693" HPOS="192.75590551181102" CONTENT="présentation" ID="tl_28_7" STYLEREFS="FONT0"/>
            <SP HEIGHT="16.724409448818896" WIDTH="4.535433070866142" VPOS="445.3228346456693" HPOS="265.6062992125984"/>
            <String HEIGHT="16.724409448818896" WIDTH="13.606299212598426" VPOS="445.3228346456693" HPOS="247.46456692913387" CONTENT="a" ID="tl_28_8" STYLEREFS="FONT0"/>
          </TextLine>
          <TextLine ID="tl_29" BASELINE="1667" HEIGHT="11.338582677165354" WIDTH="245.76377952755905" VPOS="461.1968503937008" HPOS="15.307086614173228">
            <String HEIGHT="11.338582677165354" WIDTH="39.40157480314961" VPOS="461.1968503937008" HPOS="10.488188976377952" CONTENT="plus" ID="tl_29_1" STYLEREFS="FONT0"/>
            <SP HEIGHT="11.338582677165354" WIDTH="4.818897637795276" VPOS="461.1968503937008" HPOS="49.60629921259842"/>
            <String HEIGHT="11.338582677165354" WIDTH="29.480314960629922" VPOS="461.1968503937008" HPOS="34.86614173228347" CONTENT="de" ID="tl_29_2" STYLEREFS="FONT0"/>
            <SP HEIGHT="11.338582677165354" WIDTH="4.818897637795276" VPOS="461.1968503937008" HPOS="64.34645669291339"/>
            <String HEIGHT="11.338582677165354" WIDTH="49.039370078740156" VPOS="461.1968503937008" HPOS="49.60629921259842" CONTENT="points" ID="tl_29_3" STYLEREFS="FONT0"/>
            <SP HEIGHT="11.338582677165354" WIDTH="4.818897637795276" VPOS="461.1968503937008" HPOS="98.92913385826772"/>
            <String HEIGHT="11.338582677165354" WIDTH="54.14173228346457" VPOS="461.1968503937008" HPOS="84.18897637795276" CONTENT="communs" ID="tl_29_4" STYLEREFS="FONT0"/>
            <SP HEIGHT="11.338582677165354" WIDTH="4.818897637795276" VPOS="461.1968503937008" HPOS="138.33070866141733"/>
            <String HEIGHT="11.338582677165354" WIDTH="39.40157480314961" VPOS="461.1968503937008" HPOS="123.30708661417323" CONTENT="avec" ID="tl_29_5" STYLEREFS="FONT0"/>
            <SP HEIGHT="11.338582677165354" WIDTH="4.818897637795276" VPOS="461.1968503937008" HPOS="162.70866141732284"/>
            <String HEIGHT="11.338582677165354" WIDTH="39.40157480314961" VPOS="461.1968503937008" HPOS="147.96850393700788" CONTENT="ceux" ID="tl_29_6" STYLEREFS="FONT0"/>
            <SP HEIGHT="11.338582677165354" WIDTH="4.818897637795276" VPOS="461.1968503937008" HPOS="187.37007874015748"/>
            <String HEIGHT="11.338582677165354" WIDTH="39.40157480314961" VPOS="461.1968503937008" HPOS="172.62992125984252" CONTENT="dont" ID="tl_29_7" STYLEREFS="FONT0"/>
            <SP HEIGHT="11.338582677165354" WIDTH="4.818897637795276" VPOS="461.1968503937008" HPOS="212.03149606299212"/>
            <String HEIGHT="11.338582677165354" WIDTH="34.2992125984252" VPOS="461.1968503937008" HPOS="197.29133858267716" CONTENT="les" ID="tl_29_8" STYLEREFS="FONT0"/>
            <SP HEIGHT="11.338582677165354" WIDTH="4.818897637795276" VPOS="461.1968503937008" HPOS="231.59055118110237"/>
            <String HEIGHT="11.338582677165354" WIDTH="49.039370078740156" VPOS="461.1968503937008" HPOS="212.03149606299212" CONTENT="préoccu" SUBS_TYPE="HypPart1" SUBS_CONTENT="préoccupations" ID="tl_29_9" STYLEREFS="FONT0"/>
            <HYP CONTENT="-"/>
          </TextLine>
          <TextLine ID="tl_30" BASELINE="1700" HEIGHT="15.023622047244094" WIDTH="246.89763779527559" VPOS="466.86614173228344" HPOS="15.307086614173228">
            <String HEIGHT="15.023622047244094" WIDTH="58.960629921259844" VPOS="466.86614173228344" HPOS="9.921259842519685" CONTENT="pations" SUBS_TYPE="HypPart2" SUBS_CONTENT="préoccupations" ID="tl_30_1" STYLEREFS="FONT0"/>
            <SP HEIGHT="15.023622047244094" WIDTH="5.3858267716535435" VPOS="466.86614173228344" HPOS="68.88188976377953"/>
            <String HEIGHT="15.023622047244094" WIDTH="42.803149606299215" VPOS="466.86614173228344" HPOS="53.00787401574803" CONTENT="sont" ID="tl_30_2" STYLEREFS="FONT0"/>
            <SP HEIGHT="15.023622047244094" WIDTH="5.3858267716535435" VPOS="466.86614173228344" HPOS="95.81102362204724"/>
            <String HEIGHT="15.023622047244094" WIDTH="58.960629921259844" VPOS="466.86614173228344" HPOS="79.65354330708661" CONTENT="surtout" ID="tl_30_3" STYLEREFS="FONT0"/>
            <SP HEIGHT="15.023622047244094" WIDTH="5.3858267716535435" VPOS="466.86614173228344" HPOS="138.89763779527559"/>
            <String HEIGHT="15.023622047244094" WIDTH="80.50393700787401" VPOS="466.86614173228344" HPOS="122.74015748031496" CONTENT="abstraites." ID="tl_30_4" STYLEREFS="FONT0"/>
            <SP HEIGHT="15.023622047244094" WIDTH="5.3858267716535435" VPOS="466.86614173228344" HPOS="203.24409448818898"/>
            <String HEIGHT="15.023622047244094" WIDTH="48.188976377952756" VPOS="466.86614173228344" HPOS="187.08661417322836" CONTENT="Comme" ID="tl_30_5" STYLEREFS="FONT0"/>
            <SP HEIGHT="15.023622047244094" WIDTH="5.3858267716535435" VPOS="466.86614173228344" HPOS="235.2755905511811"/>
            <String HEIGHT="15.023622047244094" WIDTH="48.188976377952756" VPOS="466.86614173228344" HPOS="219.4015748031496" CONTENT="c’est" ID="tl_30_6" STYLEREFS="FONT0"/>
            <SP HEIGHT="15.023622047244094" WIDTH="5.3858267716535435" VPOS="466.86614173228344" HPOS="267.59055118110234"/>
            <String HEIGHT="15.023622047244094" WIDTH="16.15748031496063" VPOS="466.86614173228344" HPOS="246.04724409448818" CONTENT="à" ID="tl_30_7" STYLEREFS="FONT0"/>
          </TextLine>
          <TextLine ID="tl_31" BASELINE="1737" HEIGHT="14.456692913385826" WIDTH="247.46456692913387" VPOS="477.9212598425197" HPOS="15.590551181102363">
            <String HEIGHT="14.456692913385826" WIDTH="51.30708661417323" VPOS="477.9212598425197" HPOS="11.05511811023622" CONTENT="l’heure" ID="tl_31_1" STYLEREFS="FONT0"/>
            <SP HEIGHT="14.456692913385826" WIDTH="4.535433070866142" VPOS="477.9212598425197" HPOS="62.36220472440945"/>
            <String HEIGHT="14.456692913385826" WIDTH="56.125984251968504" VPOS="477.9212598425197" HPOS="48.188976377952756" CONTENT="actuelle" ID="tl_31_2" STYLEREFS="FONT0"/>
            <SP HEIGHT="14.456692913385826" WIDTH="4.535433070866142" VPOS="477.9212598425197" HPOS="104.31496062992126"/>
            <String HEIGHT="14.456692913385826" WIDTH="28.062992125984252" VPOS="477.9212598425197" HPOS="90.4251968503937" CONTENT="le" ID="tl_31_3" STYLEREFS="FONT0"/>
            <SP HEIGHT="14.456692913385826" WIDTH="4.535433070866142" VPOS="477.9212598425197" HPOS="118.20472440944881"/>
            <String HEIGHT="14.456692913385826" WIDTH="32.59842519685039" VPOS="477.9212598425197" HPOS="104.31496062992126" CONTENT="cas" ID="tl_31_4" STYLEREFS="FONT0"/>
            <SP HEIGHT="14.456692913385826" WIDTH="4.535433070866142" VPOS="477.9212598425197" HPOS="136.91338582677164"/>
            <String HEIGHT="14.456692913385826" WIDTH="32.59842519685039" VPOS="477.9212598425197" HPOS="123.02362204724409" CONTENT="des" ID="tl_31_5" STYLEREFS="FONT0"/>
            <SP HEIGHT="14.456692913385826" WIDTH="4.535433070866142" VPOS="477.9212598425197" HPOS="155.6220472440945"/>
            <String HEIGHT="14.456692913385826" WIDTH="56.125984251968504" VPOS="477.9212598425197" HPOS="141.73228346456693" CONTENT="artistes" ID="tl_31_6" STYLEREFS="FONT0"/>
            <SP HEIGHT="14.456692913385826" WIDTH="4.535433070866142" VPOS="477.9212598425197" HPOS="197.5748031496063"/>
            <String HEIGHT="14.456692913385826" WIDTH="32.59842519685039" VPOS="477.9212598425197" HPOS="183.68503937007873" CONTENT="les" ID="tl_31_7" STYLEREFS="FONT0"/>
            <SP HEIGHT="14.456692913385826" WIDTH="4.535433070866142" VPOS="477.9212598425197" HPOS="216.28346456692913"/>
            <String HEIGHT="14.456692913385826" WIDTH="37.41732283464567" VPOS="477.9212598425197" HPOS="202.39370078740157" CONTENT="plus" ID="tl_31_8" STYLEREFS="FONT0"/>
            <SP HEIGHT="14.456692913385826" WIDTH="4.535433070866142" VPOS="477.9212598425197" HPOS="239.81102362204723"/>
            <String HEIGHT="14.456692913385826" WIDTH="41.95275590551181" VPOS="477.9212598425197" HPOS="221.10236220472441" CONTENT="sérieux" ID="tl_31_9" STYLEREFS="FONT0"/>
          </TextLine>
          <TextLine ID="tl_32" BASELINE="1773" HEIGHT="13.88976377952756" WIDTH="247.748031496063" VPOS="488.6929133858268" HPOS="15.590551181102363">
            <String HEIGHT="13.88976377952756" WIDTH="37.98425196850393" VPOS="488.6929133858268" HPOS="10.771653543307087" CONTENT="dans" ID="tl_32_1" STYLEREFS="FONT0"/>
            <SP HEIGHT="13.88976377952756" WIDTH="4.818897637795276" VPOS="488.6929133858268" HPOS="49.039370078740156"/>
            <String HEIGHT="13.88976377952756" WIDTH="37.98425196850393" VPOS="488.6929133858268" HPOS="34.58267716535433" CONTENT="tous" ID="tl_32_2" STYLEREFS="FONT0"/>
            <SP HEIGHT="13.88976377952756" WIDTH="4.818897637795276" VPOS="488.6929133858268" HPOS="72.85039370078741"/>
            <String HEIGHT="13.88976377952756" WIDTH="33.44881889763779" VPOS="488.6929133858268" HPOS="58.39370078740158" CONTENT="les" ID="tl_32_3" STYLEREFS="FONT0"/>
            <SP HEIGHT="13.88976377952756" WIDTH="4.818897637795276" VPOS="488.6929133858268" HPOS="91.84251968503936"/>
            <String HEIGHT="13.88976377952756" WIDTH="42.803149606299215" VPOS="488.6929133858268" HPOS="77.66929133858268" CONTENT="pays," ID="tl_32_4" STYLEREFS="FONT0"/>
            <SP HEIGHT="13.88976377952756" WIDTH="4.818897637795276" VPOS="488.6929133858268" HPOS="120.4724409448819"/>
            <String HEIGHT="13.88976377952756" WIDTH="33.44881889763779" VPOS="488.6929133858268" HPOS="106.01574803149606" CONTENT="ils" ID="tl_32_5" STYLEREFS="FONT0"/>
            <SP HEIGHT="13.88976377952756" WIDTH="4.818897637795276" VPOS="488.6929133858268" HPOS="139.46456692913387"/>
            <String HEIGHT="13.88976377952756" WIDTH="33.44881889763779" VPOS="488.6929133858268" HPOS="125.29133858267717" CONTENT="ont" ID="tl_32_6" STYLEREFS="FONT0"/>
            <SP HEIGHT="13.88976377952756" WIDTH="4.818897637795276" VPOS="488.6929133858268" HPOS="158.45669291338584"/>
            <String HEIGHT="13.88976377952756" WIDTH="57.25984251968504" VPOS="488.6929133858268" HPOS="144.28346456692913" CONTENT="tendance" ID="tl_32_7" STYLEREFS="FONT0"/>
            <SP HEIGHT="13.88976377952756" WIDTH="4.818897637795276" VPOS="488.6929133858268" HPOS="201.54330708661416"/>
            <String HEIGHT="13.88976377952756" WIDTH="23.811023622047244" VPOS="488.6929133858268" HPOS="187.08661417322836" CONTENT="à" ID="tl_32_8" STYLEREFS="FONT0"/>
            <SP HEIGHT="13.88976377952756" WIDTH="4.818897637795276" VPOS="488.6929133858268" HPOS="210.89763779527559"/>
            <String HEIGHT="13.88976377952756" WIDTH="66.61417322834646" VPOS="488.6929133858268" HPOS="196.7244094488189" CONTENT="rechercher" ID="tl_32_9" STYLEREFS="FONT0"/>
            <SP HEIGHT="13.88976377952756" WIDTH="4.818897637795276" VPOS="488.6929133858268" HPOS="263.33858267716533"/>
            <String HEIGHT="13.88976377952756" WIDTH="18.992125984251967" VPOS="488.6929133858268" HPOS="244.3464566929134" CONTENT="la" ID="tl_32_10" STYLEREFS="FONT0"/>
          </TextLine>
          <TextLine ID="tl_33" BASELINE="1813" HEIGHT="10.771653543307087" WIDTH="247.1811023622047" VPOS="503.1496062992126" HPOS="15.874015748031496">
            <String HEIGHT="10.771653543307087" WIDTH="39.68503937007874" VPOS="503.1496062992126" HPOS="11.05511811023622" CONTENT="plus" ID="tl_33_1" STYLEREFS="FONT0"/>
            <SP HEIGHT="10.771653543307087" WIDTH="4.818897637795276" VPOS="503.1496062992126" HPOS="50.45669291338583"/>
            <String HEIGHT="10.771653543307087" WIDTH="49.32283464566929" VPOS="503.1496062992126" HPOS="35.71653543307087" CONTENT="grande" ID="tl_33_2" STYLEREFS="FONT0"/>
            <SP HEIGHT="10.771653543307087" WIDTH="4.818897637795276" VPOS="503.1496062992126" HPOS="85.03937007874016"/>
            <String HEIGHT="10.771653543307087" WIDTH="49.32283464566929" VPOS="503.1496062992126" HPOS="70.2992125984252" CONTENT="clarté" ID="tl_33_3" STYLEREFS="FONT0"/>
            <SP HEIGHT="10.771653543307087" WIDTH="4.818897637795276" VPOS="503.1496062992126" HPOS="119.62204724409449"/>
            <String HEIGHT="10.771653543307087" WIDTH="59.24409448818898" VPOS="503.1496062992126" HPOS="104.88188976377953" CONTENT="possible" ID="tl_33_4" STYLEREFS="FONT0"/>
            <SP HEIGHT="10.771653543307087" WIDTH="4.818897637795276" VPOS="503.1496062992126" HPOS="164.1259842519685"/>
            <String HEIGHT="10.771653543307087" WIDTH="39.68503937007874" VPOS="503.1496062992126" HPOS="149.38582677165354" CONTENT="dans" ID="tl_33_5" STYLEREFS="FONT0"/>
            <SP HEIGHT="10.771653543307087" WIDTH="4.818897637795276" VPOS="503.1496062992126" HPOS="188.78740157480314"/>
            <String HEIGHT="10.771653543307087" WIDTH="79.08661417322834" VPOS="503.1496062992126" HPOS="174.04724409448818" CONTENT="l’expression" ID="tl_33_6" STYLEREFS="FONT0"/>
            <SP HEIGHT="10.771653543307087" WIDTH="4.818897637795276" VPOS="503.1496062992126" HPOS="253.13385826771653"/>
            <String HEIGHT="10.771653543307087" WIDTH="29.763779527559056" VPOS="503.1496062992126" HPOS="233.29133858267716" CONTENT="for" SUBS_TYPE="HypPart1" SUBS_CONTENT="formelle." ID="tl_33_7" STYLEREFS="FONT0"/>
            <HYP CONTENT="-"/>
          </TextLine>
          <TextLine ID="tl_34" BASELINE="1847" HEIGHT="10.771653543307087" WIDTH="248.03149606299212" VPOS="512.7874015748032" HPOS="15.874015748031496">
            <String HEIGHT="10.771653543307087" WIDTH="50.74015748031496" VPOS="512.7874015748032" HPOS="10.771653543307087" CONTENT="melle." SUBS_TYPE="HypPart2" SUBS_CONTENT="formelle." ID="tl_34_1" STYLEREFS="FONT0"/>
            <SP HEIGHT="10.771653543307087" WIDTH="5.102362204724409" VPOS="512.7874015748032" HPOS="61.511811023622045"/>
            <String HEIGHT="10.771653543307087" WIDTH="40.53543307086614" VPOS="512.7874015748032" HPOS="46.20472440944882" CONTENT="Mais" ID="tl_34_2" STYLEREFS="FONT0"/>
            <SP HEIGHT="10.771653543307087" WIDTH="5.102362204724409" VPOS="512.7874015748032" HPOS="86.74015748031496"/>
            <String HEIGHT="10.771653543307087" WIDTH="35.43307086614173" VPOS="512.7874015748032" HPOS="71.43307086614173" CONTENT="ces" ID="tl_34_3" STYLEREFS="FONT0"/>
            <SP HEIGHT="10.771653543307087" WIDTH="5.102362204724409" VPOS="512.7874015748032" HPOS="106.86614173228347"/>
            <String HEIGHT="10.771653543307087" WIDTH="60.661417322834644" VPOS="512.7874015748032" HPOS="91.84251968503936" CONTENT="artistes" ID="tl_34_4" STYLEREFS="FONT0"/>
            <SP HEIGHT="10.771653543307087" WIDTH="5.102362204724409" VPOS="512.7874015748032" HPOS="152.50393700787401"/>
            <String HEIGHT="10.771653543307087" WIDTH="81.07086614173228" VPOS="512.7874015748032" HPOS="137.48031496062993" CONTENT="britanniques" ID="tl_34_5" STYLEREFS="FONT0"/>
            <SP HEIGHT="10.771653543307087" WIDTH="5.102362204724409" VPOS="512.7874015748032" HPOS="218.26771653543307"/>
            <String HEIGHT="10.771653543307087" WIDTH="60.661417322834644" VPOS="512.7874015748032" HPOS="203.24409448818898" CONTENT="essayent" ID="tl_34_6" STYLEREFS="FONT0"/>
            <SP HEIGHT="10.771653543307087" WIDTH="5.102362204724409" VPOS="512.7874015748032" HPOS="263.90551181102364"/>
            <String HEIGHT="10.771653543307087" WIDTH="20.125984251968504" VPOS="512.7874015748032" HPOS="243.7795275590551" CONTENT="en" ID="tl_34_7" STYLEREFS="FONT0"/>
          </TextLine>
          <TextLine ID="tl_35" BASELINE="1887" HEIGHT="15.023622047244094" WIDTH="248.03149606299212" VPOS="519.8740157480315" HPOS="16.15748031496063">
            <String HEIGHT="15.023622047244094" WIDTH="38.83464566929134" VPOS="519.8740157480315" HPOS="11.338582677165354" CONTENT="même" ID="tl_35_1" STYLEREFS="FONT0"/>
            <SP HEIGHT="15.023622047244094" WIDTH="4.818897637795276" VPOS="519.8740157480315" HPOS="50.173228346456696"/>
            <String HEIGHT="15.023622047244094" WIDTH="43.653543307086615" VPOS="519.8740157480315" HPOS="35.71653543307087" CONTENT="temps" ID="tl_35_2" STYLEREFS="FONT0"/>
            <SP HEIGHT="15.023622047244094" WIDTH="4.818897637795276" VPOS="519.8740157480315" HPOS="79.37007874015748"/>
            <String HEIGHT="15.023622047244094" WIDTH="29.19685039370079" VPOS="519.8740157480315" HPOS="64.91338582677166" CONTENT="de" ID="tl_35_3" STYLEREFS="FONT0"/>
            <SP HEIGHT="15.023622047244094" WIDTH="4.818897637795276" VPOS="519.8740157480315" HPOS="94.11023622047244"/>
            <String HEIGHT="15.023622047244094" WIDTH="63.21259842519685" VPOS="519.8740157480315" HPOS="79.37007874015748" CONTENT="concilier" ID="tl_35_4" STYLEREFS="FONT0"/>
            <SP HEIGHT="15.023622047244094" WIDTH="4.818897637795276" VPOS="519.8740157480315" HPOS="142.58267716535434"/>
            <String HEIGHT="15.023622047244094" WIDTH="43.653543307086615" VPOS="519.8740157480315" HPOS="128.1259842519685" CONTENT="cette" ID="tl_35_5" STYLEREFS="FONT0"/>
            <SP HEIGHT="15.023622047244094" WIDTH="4.818897637795276" VPOS="519.8740157480315" HPOS="171.7795275590551"/>
            <String HEIGHT="15.023622047244094" WIDTH="48.75590551181102" VPOS="519.8740157480315" HPOS="157.3228346456693" CONTENT="clarté" ID="tl_35_6" STYLEREFS="FONT0"/>
            <SP HEIGHT="15.023622047244094" WIDTH="4.818897637795276" VPOS="519.8740157480315" HPOS="205.79527559055117"/>
            <String HEIGHT="15.023622047244094" WIDTH="38.83464566929134" VPOS="519.8740157480315" HPOS="191.33858267716536" CONTENT="avec" ID="tl_35_7" STYLEREFS="FONT0"/>
            <SP HEIGHT="15.023622047244094" WIDTH="4.818897637795276" VPOS="519.8740157480315" HPOS="230.17322834645668"/>
            <String HEIGHT="15.023622047244094" WIDTH="34.01574803149607" VPOS="519.8740157480315" HPOS="215.43307086614172" CONTENT="une" ID="tl_35_8" STYLEREFS="FONT0"/>
            <SP HEIGHT="15.023622047244094" WIDTH="4.818897637795276" VPOS="519.8740157480315" HPOS="249.73228346456693"/>
            <String HEIGHT="15.023622047244094" WIDTH="34.01574803149607" VPOS="519.8740157480315" HPOS="230.17322834645668" CONTENT="ambi" SUBS_TYPE="HypPart1" SUBS_CONTENT="ambivalence" ID="tl_35_9" STYLEREFS="FONT0"/>
            <HYP CONTENT="-"/>
          </TextLine>
          <TextLine ID="tl_36" BASELINE="1918" HEIGHT="12.188976377952756" WIDTH="248.5984251968504" VPOS="531.496062992126" HPOS="15.874015748031496">
            <String HEIGHT="12.188976377952756" WIDTH="50.74015748031496" VPOS="531.496062992126" HPOS="11.338582677165354" CONTENT="valence" SUBS_TYPE="HypPart2" SUBS_CONTENT="ambivalence" ID="tl_36_1" STYLEREFS="FONT0"/>
            <SP HEIGHT="12.188976377952756" WIDTH="4.535433070866142" VPOS="531.496062992126" HPOS="61.79527559055118"/>
            <String HEIGHT="12.188976377952756" WIDTH="27.496062992125985" VPOS="531.496062992126" HPOS="48.188976377952756" CONTENT="de" ID="tl_36_2" STYLEREFS="FONT0"/>
            <SP HEIGHT="12.188976377952756" WIDTH="4.535433070866142" VPOS="531.496062992126" HPOS="75.68503937007874"/>
            <String HEIGHT="12.188976377952756" WIDTH="50.74015748031496" VPOS="531.496062992126" HPOS="61.79527559055118" CONTENT="contenu" ID="tl_36_3" STYLEREFS="FONT0"/>
            <SP HEIGHT="12.188976377952756" WIDTH="4.535433070866142" VPOS="531.496062992126" HPOS="112.53543307086615"/>
            <String HEIGHT="12.188976377952756" WIDTH="32.31496062992126" VPOS="531.496062992126" HPOS="98.64566929133858" CONTENT="qui" ID="tl_36_4" STYLEREFS="FONT0"/>
            <SP HEIGHT="12.188976377952756" WIDTH="4.535433070866142" VPOS="531.496062992126" HPOS="130.96062992125985"/>
            <String HEIGHT="12.188976377952756" WIDTH="45.92125984251968" VPOS="531.496062992126" HPOS="117.07086614173228" CONTENT="laisse" ID="tl_36_5" STYLEREFS="FONT0"/>
            <SP HEIGHT="12.188976377952756" WIDTH="4.535433070866142" VPOS="531.496062992126" HPOS="163.2755905511811"/>
            <String HEIGHT="12.188976377952756" WIDTH="32.31496062992126" VPOS="531.496062992126" HPOS="149.38582677165354" CONTENT="une" ID="tl_36_6" STYLEREFS="FONT0"/>
            <SP HEIGHT="12.188976377952756" WIDTH="4.535433070866142" VPOS="531.496062992126" HPOS="181.70078740157481"/>
            <String HEIGHT="12.188976377952756" WIDTH="59.811023622047244" VPOS="531.496062992126" HPOS="167.81102362204723" CONTENT="ouverture" ID="tl_36_7" STYLEREFS="FONT0"/>
            <SP HEIGHT="12.188976377952756" WIDTH="4.535433070866142" VPOS="531.496062992126" HPOS="227.6220472440945"/>
            <String HEIGHT="12.188976377952756" WIDTH="22.96062992125984" VPOS="531.496062992126" HPOS="213.73228346456693" CONTENT="à" ID="tl_36_8" STYLEREFS="FONT0"/>
            <SP HEIGHT="12.188976377952756" WIDTH="4.535433070866142" VPOS="531.496062992126" HPOS="236.9763779527559"/>
            <String HEIGHT="12.188976377952756" WIDTH="45.92125984251968" VPOS="531.496062992126" HPOS="218.5511811023622" CONTENT="l’inter" SUBS_TYPE="HypPart1" SUBS_CONTENT="l’interprétation." ID="tl_36_9" STYLEREFS="FONT0"/>
            <HYP CONTENT="-"/>
          </TextLine>
          <TextLine ID="tl_37" BASELINE="1963" HEIGHT="15.307086614173228" WIDTH="248.31496062992127" VPOS="541.1338582677165" HPOS="16.724409448818896">
            <String HEIGHT="15.307086614173228" WIDTH="77.38582677165354" VPOS="541.1338582677165" HPOS="11.338582677165354" CONTENT="prétation." SUBS_TYPE="HypPart2" SUBS_CONTENT="l’interprétation." ID="tl_37_1" STYLEREFS="FONT0"/>
            <SP HEIGHT="15.307086614173228" WIDTH="5.3858267716535435" VPOS="541.1338582677165" HPOS="88.44094488188976"/>
            <String HEIGHT="15.307086614173228" WIDTH="49.60629921259842" VPOS="541.1338582677165" HPOS="72.0" CONTENT="Comme" ID="tl_37_2" STYLEREFS="FONT0"/>
            <SP HEIGHT="15.307086614173228" WIDTH="5.3858267716535435" VPOS="541.1338582677165" HPOS="121.60629921259843"/>
            <String HEIGHT="15.307086614173228" WIDTH="38.55118110236221" VPOS="541.1338582677165" HPOS="104.88188976377953" CONTENT="l’a" ID="tl_37_3" STYLEREFS="FONT0"/>
            <SP HEIGHT="15.307086614173228" WIDTH="5.3858267716535435" VPOS="541.1338582677165" HPOS="143.71653543307087"/>
            <String HEIGHT="15.307086614173228" WIDTH="60.661417322834644" VPOS="541.1338582677165" HPOS="126.99212598425197" CONTENT="déclaré" ID="tl_37_4" STYLEREFS="FONT0"/>
            <SP HEIGHT="15.307086614173228" WIDTH="5.3858267716535435" VPOS="541.1338582677165" HPOS="187.6535433070866"/>
            <String HEIGHT="15.307086614173228" WIDTH="44.22047244094488" VPOS="541.1338582677165" HPOS="171.21259842519686" CONTENT="Paul" ID="tl_37_5" STYLEREFS="FONT0"/>
            <SP HEIGHT="15.307086614173228" WIDTH="5.3858267716535435" VPOS="541.1338582677165" HPOS="215.43307086614172"/>
            <String HEIGHT="15.307086614173228" WIDTH="66.33070866141732" VPOS="541.1338582677165" HPOS="198.70866141732284" CONTENT="Huxley:»" ID="tl_37_6" STYLEREFS="FONT0"/>
            <SP HEIGHT="15.307086614173228" WIDTH="5.3858267716535435" VPOS="541.1338582677165" HPOS="265.03937007874015"/>
            <String HEIGHT="15.307086614173228" WIDTH="22.11023622047244" VPOS="541.1338582677165" HPOS="242.9291338582677" CONTENT="La" ID="tl_37_7" STYLEREFS="FONT0"/>
          </TextLine>
          <TextLine ID="tl_38" BASELINE="2008" HEIGHT="15.874015748031496" WIDTH="232.15748031496062" VPOS="553.3228346456693" HPOS="16.15748031496063">
            <String HEIGHT="15.874015748031496" WIDTH="58.110236220472444" VPOS="553.3228346456693" HPOS="11.338582677165354" CONTENT="peinture" ID="tl_38_1" STYLEREFS="FONT0"/>
            <SP HEIGHT="15.874015748031496" WIDTH="4.818897637795276" VPOS="553.3228346456693" HPOS="69.44881889763779"/>
            <String HEIGHT="15.874015748031496" WIDTH="82.20472440944881" VPOS="553.3228346456693" HPOS="54.99212598425197" CONTENT="d’aujourd’hui" ID="tl_38_2" STYLEREFS="FONT0"/>
            <SP HEIGHT="15.874015748031496" WIDTH="4.818897637795276" VPOS="553.3228346456693" HPOS="137.1968503937008"/>
            <String HEIGHT="15.874015748031496" WIDTH="38.83464566929134" VPOS="553.3228346456693" HPOS="122.45669291338582" CONTENT="doit" ID="tl_38_3" STYLEREFS="FONT0"/>
            <SP HEIGHT="15.874015748031496" WIDTH="4.818897637795276" VPOS="553.3228346456693" HPOS="161.29133858267716"/>
            <String HEIGHT="15.874015748031496" WIDTH="43.653543307086615" VPOS="553.3228346456693" HPOS="146.83464566929135" CONTENT="poser" ID="tl_38_4" STYLEREFS="FONT0"/>
            <SP HEIGHT="15.874015748031496" WIDTH="4.818897637795276" VPOS="553.3228346456693" HPOS="190.20472440944883"/>
            <String HEIGHT="15.874015748031496" WIDTH="33.732283464566926" VPOS="553.3228346456693" HPOS="175.748031496063" CONTENT="des" ID="tl_38_5" STYLEREFS="FONT0"/>
            <SP HEIGHT="15.874015748031496" WIDTH="4.818897637795276" VPOS="553.3228346456693" HPOS="209.76377952755905"/>
            <String HEIGHT="15.874015748031496" WIDTH="58.110236220472444" VPOS="553.3228346456693" HPOS="190.20472440944883" CONTENT="questions." ID="tl_38_6" STYLEREFS="FONT0"/>
          </TextLine>
        </TextBlock>
        <TextBlock ID="r_4_3" HEIGHT="70.86614173228347" WIDTH="249.4488188976378" VPOS="565.7952755905512" HPOS="17.5748031496063">
          <TextLine ID="tl_39" BASELINE="2046" HEIGHT="12.472440944881889" WIDTH="239.81102362204723" VPOS="567.496062992126" HPOS="26.929133858267715">
            <String HEIGHT="12.472440944881889" WIDTH="34.86614173228347" VPOS="567.496062992126" HPOS="21.826771653543307" CONTENT="Les" ID="tl_39_1" STYLEREFS="FONT0"/>
            <SP HEIGHT="12.472440944881889" WIDTH="5.102362204724409" VPOS="567.496062992126" HPOS="56.976377952755904"/>
            <String HEIGHT="12.472440944881889" WIDTH="60.09448818897638" VPOS="567.496062992126" HPOS="41.95275590551181" CONTENT="contours" ID="tl_39_2" STYLEREFS="FONT0"/>
            <SP HEIGHT="12.472440944881889" WIDTH="5.102362204724409" VPOS="567.496062992126" HPOS="101.76377952755905"/>
            <String HEIGHT="12.472440944881889" WIDTH="45.07086614173228" VPOS="567.496062992126" HPOS="87.02362204724409" CONTENT="nets," ID="tl_39_3" STYLEREFS="FONT0"/>
            <SP HEIGHT="12.472440944881889" WIDTH="5.102362204724409" VPOS="567.496062992126" HPOS="131.81102362204723"/>
            <String HEIGHT="12.472440944881889" WIDTH="104.88188976377953" VPOS="567.496062992126" HPOS="116.78740157480316" CONTENT="caractéristiques," ID="tl_39_4" STYLEREFS="FONT0"/>
            <SP HEIGHT="12.472440944881889" WIDTH="5.102362204724409" VPOS="567.496062992126" HPOS="221.66929133858267"/>
            <String HEIGHT="12.472440944881889" WIDTH="34.86614173228347" VPOS="567.496062992126" HPOS="206.9291338582677" CONTENT="les" ID="tl_39_5" STYLEREFS="FONT0"/>
            <SP HEIGHT="12.472440944881889" WIDTH="5.102362204724409" VPOS="567.496062992126" HPOS="241.79527559055117"/>
            <String HEIGHT="12.472440944881889" WIDTH="45.07086614173228" VPOS="567.496062992126" HPOS="221.66929133858267" CONTENT="rythmes" ID="tl_39_6" STYLEREFS="FONT0"/>
          </TextLine>
          <TextLine ID="tl_40" BASELINE="2079" HEIGHT="11.338582677165354" WIDTH="250.86614173228347" VPOS="577.9842519685039" HPOS="16.15748031496063">
            <String HEIGHT="11.338582677165354" WIDTH="45.07086614173228" VPOS="577.9842519685039" HPOS="11.05511811023622" CONTENT="d’une" ID="tl_40_1" STYLEREFS="FONT0"/>
            <SP HEIGHT="11.338582677165354" WIDTH="5.102362204724409" VPOS="577.9842519685039" HPOS="56.40944881889764"/>
            <String HEIGHT="11.338582677165354" WIDTH="45.07086614173228" VPOS="577.9842519685039" HPOS="41.38582677165354" CONTENT="grâce" ID="tl_40_2" STYLEREFS="FONT0"/>
            <SP HEIGHT="11.338582677165354" WIDTH="5.102362204724409" VPOS="577.9842519685039" HPOS="86.45669291338582"/>
            <String HEIGHT="11.338582677165354" WIDTH="65.19685039370079" VPOS="577.9842519685039" HPOS="71.43307086614173" CONTENT="sinueuse," ID="tl_40_3" STYLEREFS="FONT0"/>
            <SP HEIGHT="11.338582677165354" WIDTH="5.102362204724409" VPOS="577.9842519685039" HPOS="136.62992125984252"/>
            <String HEIGHT="11.338582677165354" WIDTH="35.1496062992126" VPOS="577.9842519685039" HPOS="121.60629921259843" CONTENT="les" ID="tl_40_4" STYLEREFS="FONT0"/>
            <SP HEIGHT="11.338582677165354" WIDTH="5.102362204724409" VPOS="577.9842519685039" HPOS="156.75590551181102"/>
            <String HEIGHT="11.338582677165354" WIDTH="60.09448818897638" VPOS="577.9842519685039" HPOS="141.73228346456693" CONTENT="surfaces" ID="tl_40_5" STYLEREFS="FONT0"/>
            <SP HEIGHT="11.338582677165354" WIDTH="5.102362204724409" VPOS="577.9842519685039" HPOS="201.82677165354332"/>
            <String HEIGHT="11.338582677165354" WIDTH="35.1496062992126" VPOS="577.9842519685039" HPOS="186.8031496062992" CONTENT="qui" ID="tl_40_6" STYLEREFS="FONT0"/>
            <SP HEIGHT="11.338582677165354" WIDTH="5.102362204724409" VPOS="577.9842519685039" HPOS="221.95275590551182"/>
            <String HEIGHT="11.338582677165354" WIDTH="60.09448818897638" VPOS="577.9842519685039" HPOS="206.9291338582677" CONTENT="refusent" ID="tl_40_7" STYLEREFS="FONT0"/>
            <SP HEIGHT="11.338582677165354" WIDTH="5.102362204724409" VPOS="577.9842519685039" HPOS="267.0236220472441"/>
            <String HEIGHT="11.338582677165354" WIDTH="20.125984251968504" VPOS="577.9842519685039" HPOS="246.89763779527559" CONTENT="de" ID="tl_40_8" STYLEREFS="FONT0"/>
          </TextLine>
          <TextLine ID="tl_41" BASELINE="2118" HEIGHT="11.905511811023622" WIDTH="250.01574803149606" VPOS="588.4724409448819" HPOS="17.007874015748033">
            <String HEIGHT="11.905511811023622" WIDTH="51.874015748031496" VPOS="588.4724409448819" HPOS="12.188976377952756" CONTENT="laisser" ID="tl_41_1" STYLEREFS="FONT0"/>
            <SP HEIGHT="11.905511811023622" WIDTH="4.818897637795276" VPOS="588.4724409448819" HPOS="64.06299212598425"/>
            <String HEIGHT="11.905511811023622" WIDTH="61.22834645669291" VPOS="588.4724409448819" HPOS="49.889763779527556" CONTENT="percevoir" ID="tl_41_2" STYLEREFS="FONT0"/>
            <SP HEIGHT="11.905511811023622" WIDTH="4.818897637795276" VPOS="588.4724409448819" HPOS="111.4015748031496"/>
            <String HEIGHT="11.905511811023622" WIDTH="28.346456692913385" VPOS="588.4724409448819" HPOS="97.22834645669292" CONTENT="le" ID="tl_41_3" STYLEREFS="FONT0"/>
            <SP HEIGHT="11.905511811023622" WIDTH="4.818897637795276" VPOS="588.4724409448819" HPOS="125.5748031496063"/>
            <String HEIGHT="11.905511811023622" WIDTH="42.51968503937008" VPOS="588.4724409448819" HPOS="111.4015748031496" CONTENT="geste" ID="tl_41_4" STYLEREFS="FONT0"/>
            <SP HEIGHT="11.905511811023622" WIDTH="4.818897637795276" VPOS="588.4724409448819" HPOS="153.92125984251967"/>
            <String HEIGHT="11.905511811023622" WIDTH="28.346456692913385" VPOS="588.4724409448819" HPOS="139.748031496063" CONTENT="du" ID="tl_41_5" STYLEREFS="FONT0"/>
            <SP HEIGHT="11.905511811023622" WIDTH="4.818897637795276" VPOS="588.4724409448819" HPOS="168.09448818897638"/>
            <String HEIGHT="11.905511811023622" WIDTH="56.69291338582677" VPOS="588.4724409448819" HPOS="153.92125984251967" CONTENT="peintre," ID="tl_41_6" STYLEREFS="FONT0"/>
            <SP HEIGHT="11.905511811023622" WIDTH="4.818897637795276" VPOS="588.4724409448819" HPOS="210.33070866141733"/>
            <String HEIGHT="11.905511811023622" WIDTH="32.881889763779526" VPOS="588.4724409448819" HPOS="196.15748031496062" CONTENT="les" ID="tl_41_7" STYLEREFS="FONT0"/>
            <SP HEIGHT="11.905511811023622" WIDTH="4.818897637795276" VPOS="588.4724409448819" HPOS="229.3228346456693"/>
            <String HEIGHT="11.905511811023622" WIDTH="47.05511811023622" VPOS="588.4724409448819" HPOS="215.1496062992126" CONTENT="images" ID="tl_41_8" STYLEREFS="FONT0"/>
            <SP HEIGHT="11.905511811023622" WIDTH="4.818897637795276" VPOS="588.4724409448819" HPOS="262.20472440944883"/>
            <String HEIGHT="11.905511811023622" WIDTH="23.52755905511811" VPOS="588.4724409448819" HPOS="243.49606299212599" CONTENT="qui" ID="tl_41_9" STYLEREFS="FONT0"/>
          </TextLine>
          <TextLine ID="tl_42" BASELINE="2162" HEIGHT="13.32283464566929" WIDTH="250.58267716535434" VPOS="599.5275590551181" HPOS="17.291338582677167">
            <String HEIGHT="13.32283464566929" WIDTH="59.24409448818898" VPOS="599.5275590551181" HPOS="12.755905511811024" CONTENT="résistent" ID="tl_42_1" STYLEREFS="FONT0"/>
            <SP HEIGHT="13.32283464566929" WIDTH="4.535433070866142" VPOS="599.5275590551181" HPOS="72.0"/>
            <String HEIGHT="13.32283464566929" WIDTH="22.677165354330707" VPOS="599.5275590551181" HPOS="58.39370078740158" CONTENT="à" ID="tl_42_2" STYLEREFS="FONT0"/>
            <SP HEIGHT="13.32283464566929" WIDTH="4.535433070866142" VPOS="599.5275590551181" HPOS="81.07086614173228"/>
            <String HEIGHT="13.32283464566929" WIDTH="90.99212598425197" VPOS="599.5275590551181" HPOS="67.46456692913385" CONTENT="l’interprétation" ID="tl_42_3" STYLEREFS="FONT0"/>
            <SP HEIGHT="13.32283464566929" WIDTH="4.535433070866142" VPOS="599.5275590551181" HPOS="158.45669291338584"/>
            <String HEIGHT="13.32283464566929" WIDTH="68.31496062992126" VPOS="599.5275590551181" HPOS="144.8503937007874" CONTENT="littéraire," ID="tl_42_4" STYLEREFS="FONT0"/>
            <SP HEIGHT="13.32283464566929" WIDTH="4.535433070866142" VPOS="599.5275590551181" HPOS="213.16535433070865"/>
            <String HEIGHT="13.32283464566929" WIDTH="36.56692913385827" VPOS="599.5275590551181" HPOS="199.55905511811022" CONTENT="mais" ID="tl_42_5" STYLEREFS="FONT0"/>
            <SP HEIGHT="13.32283464566929" WIDTH="4.535433070866142" VPOS="599.5275590551181" HPOS="235.84251968503938"/>
            <String HEIGHT="13.32283464566929" WIDTH="32.031496062992126" VPOS="599.5275590551181" HPOS="222.23622047244095" CONTENT="non" ID="tl_42_6" STYLEREFS="FONT0"/>
            <SP HEIGHT="13.32283464566929" WIDTH="4.535433070866142" VPOS="599.5275590551181" HPOS="254.26771653543307"/>
            <String HEIGHT="13.32283464566929" WIDTH="22.677165354330707" VPOS="599.5275590551181" HPOS="240.66141732283464" CONTENT="à" ID="tl_42_7" STYLEREFS="FONT0"/>
            <SP HEIGHT="13.32283464566929" WIDTH="4.535433070866142" VPOS="599.5275590551181" HPOS="263.33858267716533"/>
            <String HEIGHT="13.32283464566929" WIDTH="22.677165354330707" VPOS="599.5275590551181" HPOS="245.1968503937008" CONTENT="une" ID="tl_42_8" STYLEREFS="FONT0"/>
          </TextLine>
          <TextLine ID="tl_43" BASELINE="2200" HEIGHT="14.456692913385826" WIDTH="251.43307086614172" VPOS="609.1653543307086" HPOS="17.007874015748033">
            <String HEIGHT="14.456692913385826" WIDTH="60.37795275590551" VPOS="609.1653543307086" HPOS="11.905511811023622" CONTENT="possible" ID="tl_43_1" STYLEREFS="FONT0"/>
            <SP HEIGHT="14.456692913385826" WIDTH="5.102362204724409" VPOS="609.1653543307086" HPOS="72.28346456692914"/>
            <String HEIGHT="14.456692913385826" WIDTH="65.48031496062993" VPOS="609.1653543307086" HPOS="57.25984251968504" CONTENT="ambiguité" ID="tl_43_2" STYLEREFS="FONT0"/>
            <SP HEIGHT="14.456692913385826" WIDTH="5.102362204724409" VPOS="609.1653543307086" HPOS="122.74015748031496"/>
            <String HEIGHT="14.456692913385826" WIDTH="30.04724409448819" VPOS="609.1653543307086" HPOS="107.43307086614173" CONTENT="de" ID="tl_43_3" STYLEREFS="FONT0"/>
            <SP HEIGHT="14.456692913385826" WIDTH="5.102362204724409" VPOS="609.1653543307086" HPOS="137.76377952755905"/>
            <String HEIGHT="14.456692913385826" WIDTH="40.25196850393701" VPOS="609.1653543307086" HPOS="122.74015748031496" CONTENT="sens" ID="tl_43_4" STYLEREFS="FONT0"/>
            <SP HEIGHT="14.456692913385826" WIDTH="5.102362204724409" VPOS="609.1653543307086" HPOS="162.70866141732284"/>
            <String HEIGHT="14.456692913385826" WIDTH="25.228346456692915" VPOS="609.1653543307086" HPOS="147.68503937007873" CONTENT="-" ID="tl_43_5" STYLEREFS="FONT0"/>
            <SP HEIGHT="14.456692913385826" WIDTH="5.102362204724409" VPOS="609.1653543307086" HPOS="172.91338582677164"/>
            <String HEIGHT="14.456692913385826" WIDTH="40.25196850393701" VPOS="609.1653543307086" HPOS="157.88976377952756" CONTENT="tout" ID="tl_43_6" STYLEREFS="FONT0"/>
            <SP HEIGHT="14.456692913385826" WIDTH="5.102362204724409" VPOS="609.1653543307086" HPOS="198.14173228346456"/>
            <String HEIGHT="14.456692913385826" WIDTH="40.25196850393701" VPOS="609.1653543307086" HPOS="182.83464566929135" CONTENT="ceci" ID="tl_43_7" STYLEREFS="FONT0"/>
            <SP HEIGHT="14.456692913385826" WIDTH="5.102362204724409" VPOS="609.1653543307086" HPOS="223.08661417322836"/>
            <String HEIGHT="14.456692913385826" WIDTH="35.1496062992126" VPOS="609.1653543307086" HPOS="208.06299212598427" CONTENT="est" ID="tl_43_8" STYLEREFS="FONT0"/>
            <SP HEIGHT="14.456692913385826" WIDTH="5.102362204724409" VPOS="609.1653543307086" HPOS="243.21259842519686"/>
            <String HEIGHT="14.456692913385826" WIDTH="45.354330708661415" VPOS="609.1653543307086" HPOS="223.08661417322836" CONTENT="visible" ID="tl_43_9" STYLEREFS="FONT0"/>
          </TextLine>
          <TextLine ID="tl_44" BASELINE="2259" HEIGHT="19.559055118110237" WIDTH="251.1496062992126" VPOS="620.7874015748032" HPOS="17.007874015748033">
            <String HEIGHT="19.559055118110237" WIDTH="39.40157480314961" VPOS="620.7874015748032" HPOS="12.188976377952756" CONTENT="sous" ID="tl_44_1" STYLEREFS="FONT0"/>
            <SP HEIGHT="19.559055118110237" WIDTH="4.818897637795276" VPOS="620.7874015748032" HPOS="51.59055118110236"/>
            <String HEIGHT="19.559055118110237" WIDTH="29.480314960629922" VPOS="620.7874015748032" HPOS="36.56692913385827" CONTENT="sa" ID="tl_44_2" STYLEREFS="FONT0"/>
            <SP HEIGHT="19.559055118110237" WIDTH="4.818897637795276" VPOS="620.7874015748032" HPOS="66.33070866141732"/>
            <String HEIGHT="19.559055118110237" WIDTH="44.22047244094488" VPOS="620.7874015748032" HPOS="51.59055118110236" CONTENT="forme" ID="tl_44_3" STYLEREFS="FONT0"/>
            <SP HEIGHT="19.559055118110237" WIDTH="4.818897637795276" VPOS="620.7874015748032" HPOS="95.81102362204724"/>
            <String HEIGHT="19.559055118110237" WIDTH="29.480314960629922" VPOS="620.7874015748032" HPOS="81.07086614173228" CONTENT="la" ID="tl_44_4" STYLEREFS="FONT0"/>
            <SP HEIGHT="19.559055118110237" WIDTH="4.818897637795276" VPOS="620.7874015748032" HPOS="110.55118110236221"/>
            <String HEIGHT="19.559055118110237" WIDTH="39.40157480314961" VPOS="620.7874015748032" HPOS="95.81102362204724" CONTENT="plus" ID="tl_44_5" STYLEREFS="FONT0"/>
            <SP HEIGHT="19.559055118110237" WIDTH="4.818897637795276" VPOS="620.7874015748032" HPOS="135.21259842519686"/>
            <String HEIGHT="19.559055118110237" WIDTH="39.40157480314961" VPOS="620.7874015748032" HPOS="120.4724409448819" CONTENT="pure" ID="tl_44_6" STYLEREFS="FONT0"/>
            <SP HEIGHT="19.559055118110237" WIDTH="4.818897637795276" VPOS="620.7874015748032" HPOS="159.8740157480315"/>
            <String HEIGHT="19.559055118110237" WIDTH="39.40157480314961" VPOS="620.7874015748032" HPOS="145.13385826771653" CONTENT="dans" ID="tl_44_7" STYLEREFS="FONT0"/>
            <SP HEIGHT="19.559055118110237" WIDTH="4.818897637795276" VPOS="620.7874015748032" HPOS="184.53543307086613"/>
            <String HEIGHT="19.559055118110237" WIDTH="29.480314960629922" VPOS="620.7874015748032" HPOS="169.79527559055117" CONTENT="le" ID="tl_44_8" STYLEREFS="FONT0"/>
            <SP HEIGHT="19.559055118110237" WIDTH="4.818897637795276" VPOS="620.7874015748032" HPOS="199.2755905511811"/>
            <String HEIGHT="19.559055118110237" WIDTH="44.22047244094488" VPOS="620.7874015748032" HPOS="184.53543307086613" CONTENT="style" ID="tl_44_9" STYLEREFS="FONT0"/>
            <SP HEIGHT="19.559055118110237" WIDTH="4.818897637795276" VPOS="620.7874015748032" HPOS="228.75590551181102"/>
            <String HEIGHT="19.559055118110237" WIDTH="54.14173228346457" VPOS="620.7874015748032" HPOS="214.01574803149606" CONTENT="optique" ID="tl_44_10" STYLEREFS="FONT0"/>
            <SP HEIGHT="19.559055118110237" WIDTH="4.818897637795276" VPOS="620.7874015748032" HPOS="268.15748031496065"/>
            <String HEIGHT="19.559055118110237" WIDTH="19.559055118110237" VPOS="620.7874015748032" HPOS="248.5984251968504" CONTENT="de" ID="tl_44_11" STYLEREFS="FONT0"/>
          </TextLine>
        </TextBlock>
        <TextBlock ID="r_5_1" HEIGHT="6.803149606299213" WIDTH="8.503937007874017" VPOS="639.7795275590552" HPOS="259.37007874015745">
          <TextLine ID="tl_45" BASELINE="2290" HEIGHT="11.622047244094489" WIDTH="11.338582677165354" VPOS="637.511811023622" HPOS="257.6692913385827">
            <String HEIGHT="11.622047244094489" WIDTH="22.677165354330707" VPOS="637.511811023622" HPOS="246.33070866141733" CONTENT="55" ID="tl_45_1" STYLEREFS="FONT0"/>
          </TextLine>
        </TextBlock>
        <GraphicalElement ID="r_6" HEIGHT="0.8503937007874016" WIDTH="124.7244094488189" VPOS="671.8110236220473" HPOS="0.0"/>
        <GraphicalElement ID="r_7" HEIGHT="3.6850393700787403" WIDTH="133.22834645669292" VPOS="668.9763779527559" HPOS="124.7244094488189"/>
      </PrintSpace>
    </Page>
  </Layout>
</alto>
