307.84251968503935 660.7559055118111
27.77952755905512 11.622047244094489 125.5748031496063 17.291338582677167 ÉMISSIONS
129.82677165354332 11.622047244094489 102.04724409448819 17.291338582677167 PUBLIQUES
200.40944881889763 11.622047244094489 62.92913385826772 17.291338582677167 DE

30.614173228346456 20.409448818897637 50.45669291338583 16.440944881889763 L'O.
67.18110236220473 20.409448818897637 27.496062992125985 16.440944881889763 R.
76.53543307086615 20.409448818897637 45.92125984251968 16.440944881889763 T.F.

48.47244094488189 110.83464566929133 38.83464566929134 20.409448818897637 Chaque
75.68503937007874 110.83464566929133 31.181102362204726 20.409448818897637 jour
95.24409448818898 110.83464566929133 23.244094488188978 20.409448818897637 et
106.86614173228347 110.83464566929133 42.803149606299215 20.409448818897637 pendant
138.04724409448818 110.83464566929133 35.1496062992126 20.409448818897637 toute
161.5748031496063 110.83464566929133 23.244094488188978 20.409448818897637 la
173.1968503937008 110.83464566929133 35.1496062992126 20.409448818897637 durée
196.44094488188978 110.83464566929133 23.244094488188978 20.409448818897637 de
208.3464566929134 110.83464566929133 23.244094488188978 20.409448818897637 la
219.96850393700788 110.83464566929133 50.74015748031496 20.409448818897637 Biennale,
255.11811023622047 110.83464566929133 38.83464566929134 20.409448818897637 l’Office

46.77165354330709 125.29133858267717 25.511811023622048 15.307086614173228 de
59.52755905511811 125.29133858267717 76.81889763779527 15.307086614173228 Radiodiffusion
123.59055118110236 125.29133858267717 59.52755905511811 15.307086614173228 Télévision
170.36220472440945 125.29133858267717 55.275590551181104 15.307086614173228 Française
212.88188976377953 125.29133858267717 59.52755905511811 15.307086614173228 présentera
259.93700787401576 125.29133858267717 25.511811023622048 15.307086614173228 de
272.6929133858268 125.29133858267717 25.511811023622048 15.307086614173228 18
281.1968503937008 125.29133858267717 12.755905511811024 15.307086614173228 à

46.488188976377955 134.07874015748033 26.64566929133858 10.771653543307087 20
59.811023622047244 134.07874015748033 44.503937007874015 10.771653543307087 heures
90.99212598425197 134.07874015748033 31.181102362204726 10.771653543307087 une
108.85039370078741 134.07874015748033 53.29133858267716 10.771653543307087 émission
144.28346456692913 134.07874015748033 48.75590551181102 10.771653543307087 publique.

47.05511811023622 146.26771653543307 45.354330708661415 15.874015748031496 Chacune
80.22047244094489 146.26771653543307 24.661417322834644 15.874015748031496 de
92.40944881889764 146.26771653543307 28.913385826771652 15.874015748031496 ces
108.85039370078741 146.26771653543307 53.574803149606296 15.874015748031496 émissions
149.95275590551182 146.26771653543307 32.881889763779526 15.874015748031496 sera
170.64566929133858 146.26771653543307 61.79527559055118 15.874015748031496 retransmise
219.96850393700788 146.26771653543307 70.01574803149606 15.874015748031496 simuitanément
273.25984251968504 146.26771653543307 20.69291338582677 15.874015748031496 sur

46.77165354330709 155.33858267716536 28.062992125984252 17.5748031496063 les
62.645669291338585 155.33858267716536 55.84251968503937 17.5748031496063 récepteurs
106.58267716535433 155.33858267716536 23.811023622047244 17.5748031496063 de
118.48818897637796 155.33858267716536 55.84251968503937 17.5748031496063 télévision
162.4251968503937 155.33858267716536 55.84251968503937 17.5748031496063 disséminés
206.36220472440945 155.33858267716536 32.031496062992126 17.5748031496063 dans
226.48818897637796 155.33858267716536 28.062992125984252 17.5748031496063 les
242.36220472440945 155.33858267716536 39.968503937007874 17.5748031496063 salles
270.4251968503937 155.33858267716536 23.811023622047244 17.5748031496063 de
278.3622047244094 155.33858267716536 15.874015748031496 17.5748031496063 la

41.95275590551181 165.54330708661416 49.32283464566929 12.755905511811024 Biennale.

46.488188976377955 177.73228346456693 32.881889763779526 17.291338582677167 Pour
67.18110236220473 177.73228346456693 24.661417322834644 17.291338582677167 le
79.65354330708661 177.73228346456693 53.574803149606296 17.291338582677167 programme
120.75590551181102 177.73228346456693 49.60629921259842 17.291338582677167 détaillé
157.88976377952756 177.73228346456693 24.661417322834644 17.291338582677167 de
170.36220472440945 177.73228346456693 41.10236220472441 17.291338582677167 chaque
199.2755905511811 177.73228346456693 45.354330708661415 17.291338582677167 séance,
232.15748031496062 177.73228346456693 24.661417322834644 17.291338582677167 se
244.3464566929134 177.73228346456693 49.60629921259842 17.291338582677167 reporter
277.51181102362204 177.73228346456693 16.440944881889763 17.291338582677167 au

46.488188976377955 189.92125984251967 52.44094488188976 13.88976377952756 calendrier
87.59055118110236 189.92125984251967 22.393700787401574 13.88976377952756 de
98.92913385826772 189.92125984251967 22.393700787401574 13.88976377952756 la
110.26771653543307 189.92125984251967 45.07086614173228 13.88976377952756 Biennale
144.0 189.92125984251967 22.393700787401574 13.88976377952756 et
155.33858267716536 189.92125984251967 22.393700787401574 13.88976377952756 au
166.6771653543307 189.92125984251967 41.38582677165354 13.88976377952756 tableau
196.7244094488189 189.92125984251967 56.40944881889764 13.88976377952756 d’affichage
241.79527559055117 189.92125984251967 18.708661417322833 13.88976377952756 à
249.16535433070865 189.92125984251967 45.07086614173228 13.88976377952756 l’entrée
279.21259842519686 189.92125984251967 15.023622047244094 13.88976377952756 du

45.63779527559055 197.29133858267716 43.37007874015748 18.141732283464567 Théâtre
77.10236220472441 197.29133858267716 43.37007874015748 18.141732283464567 d’Essai
108.85039370078741 197.29133858267716 35.43307086614173 18.141732283464567 ainsi
132.3779527559055 197.29133858267716 35.43307086614173 18.141732283464567 qu’au
155.90551181102362 197.29133858267716 51.30708661417323 18.141732283464567 programme
195.30708661417322 197.29133858267716 51.30708661417323 18.141732283464567 distribué
234.70866141732284 197.29133858267716 31.46456692913386 18.141732283464567 dans
254.5511811023622 197.29133858267716 23.52755905511811 18.141732283464567 la
262.48818897637796 197.29133858267716 31.46456692913386 18.141732283464567 salle.

46.488188976377955 207.21259842519686 24.944881889763778 15.307086614173228 Le
58.960629921259844 207.21259842519686 58.110236220472444 15.307086614173228 calendrier
104.5984251968504 207.21259842519686 24.944881889763778 15.307086614173228 de
117.07086614173228 207.21259842519686 28.913385826771652 15.307086614173228 ces
133.51181102362204 207.21259842519686 53.85826771653543 15.307086614173228 émissions
174.89763779527559 207.21259842519686 53.85826771653543 15.307086614173228 s’établit
216.56692913385828 207.21259842519686 37.41732283464567 15.307086614173228 comme
237.25984251968504 207.21259842519686 28.913385826771652 15.307086614173228 suit:

44.22047244094488 268.4409448818898 54.99212598425197 17.5748031496063 JEUNES
86.74015748031496 268.4409448818898 59.24409448818898 17.5748031496063 POETES
133.22834645669292 268.4409448818898 72.0 17.5748031496063 (responsable:
192.4724409448819 268.4409448818898 72.0 17.5748031496063 Jean-Clarence
247.748031496063 268.4409448818898 46.488188976377955 17.5748031496063 Lambert).

43.653543307086615 289.4173228346457 43.08661417322835 15.307086614173228 mardi
72.28346456692914 289.4173228346457 23.811023622047244 15.307086614173228 5
77.10236220472441 289.4173228346457 28.62992125984252 15.307086614173228 oct.

43.37007874015748 309.8267716535433 39.68503937007874 17.291338582677167 mardi
70.01574803149606 309.8267716535433 26.362204724409448 17.291338582677167 12
78.80314960629921 309.8267716535433 26.362204724409448 17.291338582677167 oct.

44.22047244094488 324.8503937007874 39.118110236220474 14.456692913385826 mardi
70.2992125984252 324.8503937007874 26.078740157480315 14.456692913385826 19
79.08661417322834 324.8503937007874 26.078740157480315 14.456692913385826 oct.

43.93700787401575 338.74015748031496 39.118110236220474 13.039370078740157 mardi
70.01574803149606 338.74015748031496 26.078740157480315 13.039370078740157 26
78.80314960629921 338.74015748031496 26.078740157480315 13.039370078740157 oct.

143.1496062992126 290.5511811023622 21.543307086614174 15.874015748031496 La
153.92125984251967 290.5511811023622 43.08661417322835 15.874015748031496 Bataille
186.23622047244095 290.5511811023622 21.543307086614174 15.874015748031496 de
197.00787401574803 290.5511811023622 39.40157480314961 15.874015748031496 Lépante
225.63779527559055 290.5511811023622 21.543307086614174 15.874015748031496 de
236.40944881889763 290.5511811023622 39.40157480314961 15.874015748031496 J.J.
261.6377952755906 290.5511811023622 32.31496062992126 15.874015748031496 Lé

142.58267716535434 301.6062992125984 57.54330708661417 12.755905511811024 vèque.
190.20472440944883 301.6062992125984 34.01574803149607 12.755905511811024 Poésie
210.33070866141733 301.6062992125984 30.614173228346456 12.755905511811024 Action.

141.4488188976378 313.51181102362204 17.858267716535433 15.023622047244094 T
148.8188976377953 313.51181102362204 17.858267716535433 15.023622047244094 L
155.90551181102362 313.51181102362204 24.944881889763778 15.023622047244094 XVI
170.07874015748033 313.51181102362204 21.25984251968504 15.023622047244094 de
180.56692913385828 313.51181102362204 42.803149606299215 15.023622047244094 Alain
209.1968503937008 313.51181102362204 53.29133858267716 15.023622047244094 Jouffroy

141.16535433070865 327.11811023622045 28.913385826771652 12.188976377952756 Zar.

142.58267716535434 339.3070866141732 21.543307086614174 13.606299212598426 Le
153.35433070866142 339.3070866141732 43.37007874015748 13.606299212598426 Principe
185.95275590551182 339.3070866141732 61.22834645669291 13.606299212598426 d’Incertitude
236.40944881889763 339.3070866141732 21.543307086614174 13.606299212598426 de
243.7795275590551 339.3070866141732 50.45669291338583 13.606299212598426 Jean

142.29921259842519 351.21259842519686 55.84251968503937 12.472440944881889 Clarence
183.11811023622047 351.21259842519686 52.15748031496063 12.472440944881889 Lambert.

43.08661417322835 365.38582677165357 43.653543307086615 13.88976377952756 mardi
72.0 365.38582677165357 24.094488188976378 13.88976377952756 2
81.92125984251969 365.38582677165357 38.83464566929134 13.88976377952756 nov.
106.01574803149606 365.38582677165357 62.92913385826772 13.88976377952756 Spectacle
154.48818897637796 365.38582677165357 58.110236220472444 13.88976377952756 présenté
197.85826771653544 365.38582677165357 34.01574803149607 13.88976377952756 par
217.41732283464566 365.38582677165357 28.913385826771652 13.88976377952756 le
231.8740157480315 365.38582677165357 48.47244094488189 13.88976377952756 Groupe
265.8897637795276 365.38582677165357 28.913385826771652 13.88976377952756 de
275.5275590551181 365.38582677165357 19.275590551181104 13.88976377952756 la

140.5984251968504 377.00787401574803 47.05511811023622 14.456692913385826 Galerie
174.89763779527559 377.00787401574803 30.04724409448819 14.456692913385826 des
191.90551181102362 377.00787401574803 47.05511811023622 14.456692913385826 Jeunes.
226.20472440944883 377.00787401574803 42.803149606299215 14.456692913385826 Babel.
255.96850393700788 377.00787401574803 38.55118110236221 14.456692913385826 Opéra
277.51181102362204 377.00787401574803 17.007874015748033 14.456692913385826 de

142.58267716535434 386.3622047244094 44.503937007874015 13.039370078740157 David
172.06299212598427 386.3622047244094 51.874015748031496 13.039370078740157 Guerdon

44.503937007874015 397.98425196850394 32.031496062992126 13.606299212598426 (Le
62.645669291338585 397.98425196850394 54.70866141732284 13.606299212598426 vendredi
103.74803149606299 397.98425196850394 27.212598425196852 13.606299212598426 29
117.35433070866142 397.98425196850394 50.173228346456696 13.606299212598426 octobre
153.92125984251967 397.98425196850394 27.212598425196852 13.606299212598426 au
167.5275590551181 397.98425196850394 50.173228346456696 13.606299212598426 Théâtre
204.09448818897638 397.98425196850394 32.031496062992126 13.606299212598426 102
222.23622047244095 397.98425196850394 27.212598425196852 13.606299212598426 de
235.84251968503938 397.98425196850394 27.212598425196852 13.606299212598426 la
249.4488188976378 397.98425196850394 45.63779527559055 13.606299212598426 Maison
276.9448818897638 397.98425196850394 18.141732283464567 13.606299212598426 de

43.37007874015748 409.03937007874015 54.425196850393704 11.338582677165354 l’O.RT.F.
85.32283464566929 409.03937007874015 20.976377952755904 11.338582677165354 à
93.8267716535433 409.03937007874015 25.228346456692915 11.338582677165354 21
106.2992125984252 409.03937007874015 25.228346456692915 11.338582677165354 h.
119.05511811023622 409.03937007874015 75.4015748031496 11.338582677165354 enregistrement
181.70078740157481 409.03937007874015 41.95275590551181 11.338582677165354 public
211.1811023622047 409.03937007874015 37.7007874015748 11.338582677165354 d’une
236.40944881889763 409.03937007874015 54.425196850393704 11.338582677165354 sélection
274.1102362204724 409.03937007874015 20.976377952755904 11.338582677165354 des

43.653543307086615 419.5275590551181 44.503937007874015 11.622047244094489 séances
75.96850393700787 419.5275590551181 64.91338582677166 11.622047244094489 précédemment
128.69291338582678 419.5275590551181 56.69291338582677 11.622047244094489 présentées
173.48031496062993 419.5275590551181 20.409448818897637 11.622047244094489 à
181.41732283464566 419.5275590551181 24.37795275590551 11.622047244094489 la
193.60629921259843 419.5275590551181 48.75590551181102 11.622047244094489 Biennale
230.17322834645668 419.5275590551181 28.346456692913385 11.622047244094489 les
246.33070866141733 419.5275590551181 24.37795275590551 11.622047244094489 5,
258.5196850393701 419.5275590551181 28.346456692913385 11.622047244094489 12,
270.70866141732284 419.5275590551181 24.37795275590551 11.622047244094489 19et

43.37007874015748 427.18110236220474 26.078740157480315 14.173228346456693 26
51.874015748031496 427.18110236220474 47.62204724409449 14.173228346456693 octobre).

42.23622047244095 458.0787401574803 58.67716535433071 14.456692913385826 JEUNES
87.30708661417323 458.0787401574803 76.53543307086615 14.456692913385826 VIRTUOSES
150.23622047244095 458.0787401574803 72.0 14.456692913385826 (responsable
208.91338582677164 458.0787401574803 22.393700787401574 14.456692913385826 :
217.98425196850394 458.0787401574803 31.46456692913386 14.456692913385826 Guy
231.30708661417322 458.0787401574803 54.14173228346457 14.456692913385826 Erismann).

43.08661417322835 475.65354330708664 51.59055118110236 16.440944881889763 mercredi
81.63779527559055 475.65354330708664 25.79527559055118 16.440944881889763 29
90.4251968503937 475.65354330708664 30.04724409448819 16.440944881889763 sept.

43.37007874015748 490.6771653543307 54.70866141732284 14.173228346456693 mercredi
84.4724409448819 490.6771653543307 22.677165354330707 14.173228346456693 6
89.00787401574803 490.6771653543307 27.212598425196852 14.173228346456693 oct.

43.37007874015748 512.7874015748032 51.59055118110236 13.606299212598426 mercredi
81.92125984251969 512.7874015748032 25.79527559055118 13.606299212598426 13
90.4251968503937 512.7874015748032 25.79527559055118 13.606299212598426 oct.

43.08661417322835 533.1968503937007 51.30708661417323 15.874015748031496 mercredi
81.63779527559055 533.1968503937007 25.511811023622048 15.874015748031496 20
90.14173228346456 533.1968503937007 25.511811023622048 15.874015748031496 oct.

43.653543307086615 566.6456692913385 50.74015748031496 15.023622047244094 mercredi
81.92125984251969 566.6456692913385 25.511811023622048 15.023622047244094 27
90.14173228346456 566.6456692913385 25.511811023622048 15.023622047244094 oct.

43.37007874015748 580.8188976377953 56.125984251968504 12.755905511811024 mercredi
85.32283464566929 580.8188976377953 23.244094488188978 12.755905511811024 3
89.85826771653544 580.8188976377953 28.062992125984252 12.755905511811024 nov.

140.88188976377953 477.07086614173227 53.85826771653543 17.291338582677167 Sébastien
184.8188976377953 477.07086614173227 50.45669291338583 17.291338582677167 Risler<
221.66929133858267 477.07086614173227 43.93700787401575 17.291338582677167 (pianiste).

142.01574803149606 490.96062992125985 37.41732283464567 15.023622047244094 Clara
170.07874015748033 490.96062992125985 46.77165354330709 15.023622047244094 Bonaldi
207.49606299212599 490.96062992125985 49.889763779527556 15.023622047244094 (violoniste)
248.31496062992127 490.96062992125985 18.708661417322833 15.023622047244094 et
254.5511811023622 490.96062992125985 40.53543307086614 15.023622047244094 Syl

140.88188976377953 502.5826771653543 34.86614173228347 13.606299212598426 vain
166.39370078740157 502.5826771653543 47.62204724409449 13.606299212598426 Billier
201.25984251968504 502.5826771653543 41.38582677165354 13.606299212598426 (pianiste).

140.31496062992127 515.0551181102362 53.00787401574803 12.188976377952756 Hélène
180.8503937007874 515.0551181102362 40.818897637795274 12.188976377952756 Boschi
209.48031496062993 515.0551181102362 24.37795275590551 12.188976377952756 et
221.66929133858267 515.0551181102362 49.039370078740156 12.188976377952756 Germaine
254.26771653543307 515.0551181102362 40.818897637795274 12.188976377952756 Mou

140.88188976377953 525.8267716535433 45.63779527559055 13.039370078740157 nier
177.4488188976378 525.8267716535433 18.141732283464567 13.039370078740157 (2
183.68503937007873 525.8267716535433 30.330708661417322 13.039370078740157 pianos).

140.5984251968504 536.3149606299213 52.44094488188976 15.023622047244094 Françoise
183.4015748031496 536.3149606299213 39.40157480314961 15.023622047244094 Doué
212.88188976377953 536.3149606299213 45.92125984251968 15.023622047244094 (soprano),
245.76377952755905 536.3149606299213 49.32283464566929 15.023622047244094 Elisa

139.46456692913387 546.8031496062993 43.93700787401575 11.905511811023622 beth
171.49606299212599 546.8031496062993 87.8740157480315 11.905511811023622 Fontan-Binoche
243.49606299212599 546.8031496062993 51.874015748031496 11.905511811023622 (harpiste),

138.61417322834646 557.5748031496063 50.74015748031496 12.472440944881889 Jacques
178.58267716535434 557.5748031496063 61.511811023622045 12.472440944881889 Castagner
225.63779527559055 557.5748031496063 47.05511811023622 12.472440944881889 (flûtiste).

139.748031496063 570.0472440944882 49.60629921259842 13.88976377952756 Claude
177.73228346456693 570.0472440944882 61.22834645669291 13.88976377952756 Bonneton
223.6535433070866 570.0472440944882 49.60629921259842 13.88976377952756 (pianiste).

139.1811023622047 582.8031496062993 53.29133858267716 14.456692913385826 Georges
181.13385826771653 582.8031496062993 76.25196850393701 14.456692913385826 Pludermacher
242.07874015748033 582.8031496062993 49.60629921259842 14.456692913385826 (pianiste).

39.968503937007874 621.0708661417323 23.244094488188978 18.4251968503937 184
