<alto xmlns:xsi="http://www.w3.org/2001/XMLSchema-instance" xmlns="http://www.loc.gov/standards/alto/ns-v2#" xmlns:page="http://schema.primaresearch.org/PAGE/gts/pagecontent/2013-07-15" xsi:schemaLocation="http://www.loc.gov/standards/alto/ns-v2# http://www.loc.gov/standards/alto/alto.xsd">
  <Description>
    <MeasurementUnit>pixel</MeasurementUnit>
    <sourceImageInformation>
         <fileName>Cat_Paris_1965-0033.xml</fileName>
      </sourceImageInformation>
    <OCRProcessing ID="IdOcr">
      <ocrProcessingStep>
        <processingDateTime>2020-07-02T15:31:34.643+02:00</processingDateTime>
        <processingSoftware>
               <softwareCreator>CONTRIBUTORS</softwareCreator>
               <softwareName>pdfalto</softwareName>
               <softwareVersion>0.1</softwareVersion>
            </processingSoftware>
      </ocrProcessingStep>
    </OCRProcessing>
  </Description>
  <Styles>
     <TextStyle ID="FONT0" FONTFAMILY="unknown" FONTSIZE="unknown" FONTTYPE="unknown" FONTWIDTH="unknown" FONTCOLOR="unknown" FONTSTYLE=""/>
     <TextStyle ID="FONT1" FONTFAMILY="unknown" FONTSIZE="unknown" FONTTYPE="unknown" FONTWIDTH="unknown" FONTCOLOR="unknown" FONTSTYLE="bold"/>
     <TextStyle ID="FONT2" FONTFAMILY="unknown" FONTSIZE="unknown" FONTTYPE="unknown" FONTWIDTH="unknown" FONTCOLOR="unknown" FONTSTYLE="italics"/>
</Styles>
  <Tags/>
  <Layout>
    <Page ID="Page1" PHYSICAL_IMG_NR="1" HEIGHT="645.1653543307086" WIDTH="307.84251968503935">
      <PrintSpace HEIGHT="631.5590551181102" WIDTH="276.9448818897638" VPOS="0.0" HPOS="0.0">
        <TextBlock ID="r_1_1" HEIGHT="67.46456692913385" WIDTH="240.09448818897638" VPOS="49.889763779527556" HPOS="29.480314960629922">
          <TextLine ID="tl_1" BASELINE="228" HEIGHT="15.874015748031496" WIDTH="229.60629921259843" VPOS="48.75590551181102" HPOS="40.25196850393701">
            <String HEIGHT="15.874015748031496" WIDTH="56.125984251968504" VPOS="48.75590551181102" HPOS="35.1496062992126" CONTENT="Antonio" ID="tl_1_1" STYLEREFS="FONT0"/>
            <SP HEIGHT="15.874015748031496" WIDTH="5.102362204724409" VPOS="48.75590551181102" HPOS="91.2755905511811"/>
            <String HEIGHT="15.874015748031496" WIDTH="40.818897637795274" VPOS="48.75590551181102" HPOS="75.96850393700787" CONTENT="Dias" ID="tl_1_2" STYLEREFS="FONT0"/>
            <SP HEIGHT="15.874015748031496" WIDTH="5.102362204724409" VPOS="48.75590551181102" HPOS="116.78740157480316"/>
            <String HEIGHT="15.874015748031496" WIDTH="76.53543307086615" VPOS="48.75590551181102" HPOS="101.48031496062993" CONTENT="s’identifie" ID="tl_1_3" STYLEREFS="FONT0"/>
            <SP HEIGHT="15.874015748031496" WIDTH="5.102362204724409" VPOS="48.75590551181102" HPOS="178.01574803149606"/>
            <String HEIGHT="15.874015748031496" WIDTH="30.614173228346456" VPOS="48.75590551181102" HPOS="162.70866141732284" CONTENT="au" ID="tl_1_4" STYLEREFS="FONT0"/>
            <SP HEIGHT="15.874015748031496" WIDTH="5.102362204724409" VPOS="48.75590551181102" HPOS="193.3228346456693"/>
            <String HEIGHT="15.874015748031496" WIDTH="66.33070866141732" VPOS="48.75590551181102" HPOS="178.01574803149606" CONTENT="mouvement" ID="tl_1_5" STYLEREFS="FONT0"/>
            <SP HEIGHT="15.874015748031496" WIDTH="5.102362204724409" VPOS="48.75590551181102" HPOS="244.3464566929134"/>
            <String HEIGHT="15.874015748031496" WIDTH="45.92125984251968" VPOS="48.75590551181102" HPOS="223.93700787401573" CONTENT="intemas" ID="tl_1_6" STYLEREFS="FONT0"/>
          </TextLine>
          <TextLine ID="tl_2" BASELINE="266" HEIGHT="11.905511811023622" WIDTH="242.07874015748033" VPOS="63.496062992125985" HPOS="28.062992125984252">
            <String HEIGHT="11.905511811023622" WIDTH="48.47244094488189" VPOS="63.496062992125985" HPOS="23.244094488188978" CONTENT="tional" ID="tl_2_1" STYLEREFS="FONT0"/>
            <SP HEIGHT="11.905511811023622" WIDTH="4.818897637795276" VPOS="63.496062992125985" HPOS="71.71653543307086"/>
            <String HEIGHT="11.905511811023622" WIDTH="28.913385826771652" VPOS="63.496062992125985" HPOS="56.976377952755904" CONTENT="du" ID="tl_2_2" STYLEREFS="FONT0"/>
            <SP HEIGHT="11.905511811023622" WIDTH="4.818897637795276" VPOS="63.496062992125985" HPOS="86.1732283464567"/>
            <String HEIGHT="11.905511811023622" WIDTH="24.094488188976378" VPOS="63.496062992125985" HPOS="71.71653543307086" CONTENT="7" ID="tl_2_3" STYLEREFS="FONT0"/>
            <SP HEIGHT="11.905511811023622" WIDTH="4.818897637795276" VPOS="63.496062992125985" HPOS="95.81102362204724"/>
            <String HEIGHT="11.905511811023622" WIDTH="53.29133858267716" VPOS="63.496062992125985" HPOS="81.35433070866142" CONTENT="pop-art" ID="tl_2_4" STYLEREFS="FONT0"/>
            <SP HEIGHT="11.905511811023622" WIDTH="4.818897637795276" VPOS="63.496062992125985" HPOS="134.64566929133858"/>
            <String HEIGHT="11.905511811023622" WIDTH="38.83464566929134" VPOS="63.496062992125985" HPOS="120.18897637795276" CONTENT="Pour" ID="tl_2_5" STYLEREFS="FONT0"/>
            <SP HEIGHT="11.905511811023622" WIDTH="4.818897637795276" VPOS="63.496062992125985" HPOS="158.74015748031496"/>
            <String HEIGHT="11.905511811023622" WIDTH="67.74803149606299" VPOS="63.496062992125985" HPOS="144.28346456692913" CONTENT="construire" ID="tl_2_6" STYLEREFS="FONT0"/>
            <SP HEIGHT="11.905511811023622" WIDTH="4.818897637795276" VPOS="63.496062992125985" HPOS="212.03149606299212"/>
            <String HEIGHT="11.905511811023622" WIDTH="34.01574803149607" VPOS="63.496062992125985" HPOS="197.5748031496063" CONTENT="ses" ID="tl_2_7" STYLEREFS="FONT0"/>
            <SP HEIGHT="11.905511811023622" WIDTH="4.818897637795276" VPOS="63.496062992125985" HPOS="231.30708661417322"/>
            <String HEIGHT="11.905511811023622" WIDTH="58.110236220472444" VPOS="63.496062992125985" HPOS="212.03149606299212" CONTENT="tableauxif" ID="tl_2_8" STYLEREFS="FONT0"/>
          </TextLine>
          <TextLine ID="tl_3" BASELINE="308" HEIGHT="17.5748031496063" WIDTH="242.36220472440945" VPOS="69.73228346456693" HPOS="28.062992125984252">
            <String HEIGHT="17.5748031496063" WIDTH="54.425196850393704" VPOS="69.73228346456693" HPOS="23.244094488188978" CONTENT="découpe" ID="tl_3_1" STYLEREFS="FONT0"/>
            <SP HEIGHT="17.5748031496063" WIDTH="4.818897637795276" VPOS="69.73228346456693" HPOS="77.38582677165354"/>
            <String HEIGHT="17.5748031496063" WIDTH="29.763779527559056" VPOS="69.73228346456693" HPOS="62.645669291338585" CONTENT="et" ID="tl_3_2" STYLEREFS="FONT0"/>
            <SP HEIGHT="17.5748031496063" WIDTH="4.818897637795276" VPOS="69.73228346456693" HPOS="92.40944881889764"/>
            <String HEIGHT="17.5748031496063" WIDTH="49.32283464566929" VPOS="69.73228346456693" HPOS="77.38582677165354" CONTENT="ajoute" ID="tl_3_3" STYLEREFS="FONT0"/>
            <SP HEIGHT="17.5748031496063" WIDTH="4.818897637795276" VPOS="69.73228346456693" HPOS="126.99212598425197"/>
            <String HEIGHT="17.5748031496063" WIDTH="34.58267716535433" VPOS="69.73228346456693" HPOS="112.25196850393701" CONTENT="des" ID="tl_3_4" STYLEREFS="FONT0"/>
            <SP HEIGHT="17.5748031496063" WIDTH="4.818897637795276" VPOS="69.73228346456693" HPOS="146.83464566929135"/>
            <String HEIGHT="17.5748031496063" WIDTH="54.425196850393704" VPOS="69.73228346456693" HPOS="131.81102362204723" CONTENT="objets." ID="tl_3_5" STYLEREFS="FONT0"/>
            <SP HEIGHT="17.5748031496063" WIDTH="4.818897637795276" VPOS="69.73228346456693" HPOS="186.23622047244095"/>
            <String HEIGHT="17.5748031496063" WIDTH="34.58267716535433" VPOS="69.73228346456693" HPOS="171.49606299212599" CONTENT="Son" ID="tl_3_6" STYLEREFS="FONT0"/>
            <SP HEIGHT="17.5748031496063" WIDTH="4.818897637795276" VPOS="69.73228346456693" HPOS="206.07874015748033"/>
            <String HEIGHT="17.5748031496063" WIDTH="49.32283464566929" VPOS="69.73228346456693" HPOS="191.33858267716536" CONTENT="dessin" ID="tl_3_7" STYLEREFS="FONT0"/>
            <SP HEIGHT="17.5748031496063" WIDTH="4.818897637795276" VPOS="69.73228346456693" HPOS="240.66141732283464"/>
            <String HEIGHT="17.5748031496063" WIDTH="49.32283464566929" VPOS="69.73228346456693" HPOS="221.10236220472441" CONTENT="érotique" ID="tl_3_8" STYLEREFS="FONT0"/>
          </TextLine>
          <TextLine ID="tl_4" BASELINE="336" HEIGHT="13.039370078740157" WIDTH="241.22834645669292" VPOS="82.20472440944881" HPOS="28.62992125984252">
            <String HEIGHT="13.039370078740157" WIDTH="43.37007874015748" VPOS="82.20472440944881" HPOS="23.811023622047244" CONTENT="entre" ID="tl_4_1" STYLEREFS="FONT0"/>
            <SP HEIGHT="13.039370078740157" WIDTH="4.818897637795276" VPOS="82.20472440944881" HPOS="67.18110236220473"/>
            <String HEIGHT="13.039370078740157" WIDTH="62.645669291338585" VPOS="82.20472440944881" HPOS="52.724409448818896" CONTENT="fortement" ID="tl_4_2" STYLEREFS="FONT0"/>
            <SP HEIGHT="13.039370078740157" WIDTH="4.818897637795276" VPOS="82.20472440944881" HPOS="115.37007874015748"/>
            <String HEIGHT="13.039370078740157" WIDTH="28.913385826771652" VPOS="82.20472440944881" HPOS="100.91338582677166" CONTENT="en" ID="tl_4_3" STYLEREFS="FONT0"/>
            <SP HEIGHT="13.039370078740157" WIDTH="4.818897637795276" VPOS="82.20472440944881" HPOS="129.82677165354332"/>
            <String HEIGHT="13.039370078740157" WIDTH="53.00787401574803" VPOS="82.20472440944881" HPOS="115.37007874015748" CONTENT="conflit" ID="tl_4_4" STYLEREFS="FONT0"/>
            <SP HEIGHT="13.039370078740157" WIDTH="4.818897637795276" VPOS="82.20472440944881" HPOS="168.66141732283464"/>
            <String HEIGHT="13.039370078740157" WIDTH="38.55118110236221" VPOS="82.20472440944881" HPOS="154.20472440944883" CONTENT="avec" ID="tl_4_5" STYLEREFS="FONT0"/>
            <SP HEIGHT="13.039370078740157" WIDTH="4.818897637795276" VPOS="82.20472440944881" HPOS="192.75590551181102"/>
            <String HEIGHT="13.039370078740157" WIDTH="28.913385826771652" VPOS="82.20472440944881" HPOS="178.29921259842519" CONTENT="la" ID="tl_4_6" STYLEREFS="FONT0"/>
            <SP HEIGHT="13.039370078740157" WIDTH="4.818897637795276" VPOS="82.20472440944881" HPOS="207.21259842519686"/>
            <String HEIGHT="13.039370078740157" WIDTH="53.00787401574803" VPOS="82.20472440944881" HPOS="192.75590551181102" CONTENT="censure" ID="tl_4_7" STYLEREFS="FONT0"/>
            <SP HEIGHT="13.039370078740157" WIDTH="4.818897637795276" VPOS="82.20472440944881" HPOS="245.76377952755905"/>
            <String HEIGHT="13.039370078740157" WIDTH="43.37007874015748" VPOS="82.20472440944881" HPOS="226.48818897637796" CONTENT="convens" ID="tl_4_8" STYLEREFS="FONT0"/>
          </TextLine>
          <TextLine ID="tl_5" BASELINE="381" HEIGHT="11.338582677165354" WIDTH="242.64566929133858" VPOS="96.66141732283465" HPOS="28.062992125984252">
            <String HEIGHT="11.338582677165354" WIDTH="65.19685039370079" VPOS="96.66141732283465" HPOS="23.52755905511811" CONTENT="tionnelle." ID="tl_5_1" STYLEREFS="FONT0"/>
            <SP HEIGHT="11.338582677165354" WIDTH="4.535433070866142" VPOS="96.66141732283465" HPOS="88.7244094488189"/>
            <String HEIGHT="11.338582677165354" WIDTH="28.062992125984252" VPOS="96.66141732283465" HPOS="74.83464566929133" CONTENT="Il" ID="tl_5_2" STYLEREFS="FONT0"/>
            <SP HEIGHT="11.338582677165354" WIDTH="4.535433070866142" VPOS="96.66141732283465" HPOS="102.61417322834646"/>
            <String HEIGHT="11.338582677165354" WIDTH="23.244094488188978" VPOS="96.66141732283465" HPOS="88.7244094488189" CONTENT="a" ID="tl_5_3" STYLEREFS="FONT0"/>
            <SP HEIGHT="11.338582677165354" WIDTH="4.535433070866142" VPOS="96.66141732283465" HPOS="111.96850393700787"/>
            <String HEIGHT="11.338582677165354" WIDTH="32.59842519685039" VPOS="96.66141732283465" HPOS="98.07874015748031" CONTENT="une" ID="tl_5_4" STYLEREFS="FONT0"/>
            <SP HEIGHT="11.338582677165354" WIDTH="4.535433070866142" VPOS="96.66141732283465" HPOS="130.6771653543307"/>
            <String HEIGHT="11.338582677165354" WIDTH="56.125984251968504" VPOS="96.66141732283465" HPOS="116.78740157480316" CONTENT="maîtrise" ID="tl_5_5" STYLEREFS="FONT0"/>
            <SP HEIGHT="11.338582677165354" WIDTH="4.535433070866142" VPOS="96.66141732283465" HPOS="172.62992125984252"/>
            <String HEIGHT="11.338582677165354" WIDTH="65.19685039370079" VPOS="96.66141732283465" HPOS="158.74015748031496" CONTENT="suffisante" ID="tl_5_6" STYLEREFS="FONT0"/>
            <SP HEIGHT="11.338582677165354" WIDTH="4.535433070866142" VPOS="96.66141732283465" HPOS="223.93700787401573"/>
            <String HEIGHT="11.338582677165354" WIDTH="28.062992125984252" VPOS="96.66141732283465" HPOS="210.04724409448818" CONTENT="du" ID="tl_5_7" STYLEREFS="FONT0"/>
            <SP HEIGHT="11.338582677165354" WIDTH="4.535433070866142" VPOS="96.66141732283465" HPOS="238.11023622047244"/>
            <String HEIGHT="11.338582677165354" WIDTH="46.77165354330709" VPOS="96.66141732283465" HPOS="223.93700787401573" CONTENT="dessin" ID="tl_5_8" STYLEREFS="FONT0"/>
            <SP HEIGHT="11.338582677165354" WIDTH="4.535433070866142" VPOS="96.66141732283465" HPOS="270.70866141732284"/>
            <String HEIGHT="11.338582677165354" WIDTH="18.708661417322833" VPOS="96.66141732283465" HPOS="252.0" CONTENT="ef" ID="tl_5_9" STYLEREFS="FONT0"/>
          </TextLine>
          <TextLine ID="tl_6" BASELINE="423" HEIGHT="16.724409448818896" WIDTH="168.66141732283464" VPOS="103.18110236220473" HPOS="28.346456692913385">
            <String HEIGHT="16.724409448818896" WIDTH="58.110236220472444" VPOS="103.18110236220473" HPOS="22.96062992125984" CONTENT="possède" ID="tl_6_1" STYLEREFS="FONT0"/>
            <SP HEIGHT="16.724409448818896" WIDTH="5.3858267716535435" VPOS="103.18110236220473" HPOS="81.07086614173228"/>
            <String HEIGHT="16.724409448818896" WIDTH="31.748031496062993" VPOS="103.18110236220473" HPOS="65.19685039370079" CONTENT="un" ID="tl_6_2" STYLEREFS="FONT0"/>
            <SP HEIGHT="16.724409448818896" WIDTH="5.3858267716535435" VPOS="103.18110236220473" HPOS="96.94488188976378"/>
            <String HEIGHT="16.724409448818896" WIDTH="84.4724409448819" VPOS="103.18110236220473" HPOS="81.07086614173228" CONTENT="discernement" ID="tl_6_3" STYLEREFS="FONT0"/>
            <SP HEIGHT="16.724409448818896" WIDTH="5.3858267716535435" VPOS="103.18110236220473" HPOS="165.25984251968504"/>
            <String HEIGHT="16.724409448818896" WIDTH="52.724409448818896" VPOS="103.18110236220473" HPOS="144.28346456692913" CONTENT="éthique." ID="tl_6_4" STYLEREFS="FONT0"/>
          </TextLine>
        </TextBlock>
        <TextBlock ID="r_1_2" HEIGHT="120.18897637795276" WIDTH="241.51181102362204" VPOS="118.20472440944881" HPOS="29.480314960629922">
          <TextLine ID="tl_7" BASELINE="462" HEIGHT="12.188976377952756" WIDTH="229.60629921259843" VPOS="118.77165354330708" HPOS="41.10236220472441">
            <String HEIGHT="12.188976377952756" WIDTH="49.889763779527556" VPOS="118.77165354330708" HPOS="36.0" CONTENT="Sergio" ID="tl_7_1" STYLEREFS="FONT0"/>
            <SP HEIGHT="12.188976377952756" WIDTH="5.102362204724409" VPOS="118.77165354330708" HPOS="85.88976377952756"/>
            <String HEIGHT="12.188976377952756" WIDTH="49.889763779527556" VPOS="118.77165354330708" HPOS="71.14960629921259" CONTENT="Campos" ID="tl_7_2" STYLEREFS="FONT0"/>
            <SP HEIGHT="12.188976377952756" WIDTH="5.102362204724409" VPOS="118.77165354330708" HPOS="121.03937007874016"/>
            <String HEIGHT="12.188976377952756" WIDTH="44.78740157480315" VPOS="118.77165354330708" HPOS="106.01574803149606" CONTENT="Mello" ID="tl_7_3" STYLEREFS="FONT0"/>
            <SP HEIGHT="12.188976377952756" WIDTH="5.102362204724409" VPOS="118.77165354330708" HPOS="150.8031496062992"/>
            <String HEIGHT="12.188976377952756" WIDTH="24.944881889763778" VPOS="118.77165354330708" HPOS="136.06299212598427" CONTENT="a" ID="tl_7_4" STYLEREFS="FONT0"/>
            <SP HEIGHT="12.188976377952756" WIDTH="5.102362204724409" VPOS="118.77165354330708" HPOS="161.00787401574803"/>
            <String HEIGHT="12.188976377952756" WIDTH="34.86614173228347" VPOS="118.77165354330708" HPOS="145.98425196850394" CONTENT="une" ID="tl_7_5" STYLEREFS="FONT0"/>
            <SP HEIGHT="12.188976377952756" WIDTH="5.102362204724409" VPOS="118.77165354330708" HPOS="180.8503937007874"/>
            <String HEIGHT="12.188976377952756" WIDTH="64.91338582677166" VPOS="118.77165354330708" HPOS="165.82677165354332" CONTENT="formation" ID="tl_7_6" STYLEREFS="FONT0"/>
            <SP HEIGHT="12.188976377952756" WIDTH="5.102362204724409" VPOS="118.77165354330708" HPOS="230.74015748031496"/>
            <String HEIGHT="12.188976377952756" WIDTH="59.811023622047244" VPOS="118.77165354330708" HPOS="210.89763779527559" CONTENT="européenre" ID="tl_7_7" STYLEREFS="FONT0"/>
          </TextLine>
          <TextLine ID="tl_8" BASELINE="502" HEIGHT="13.32283464566929" WIDTH="242.36220472440945" VPOS="128.9763779527559" HPOS="28.62992125984252">
            <String HEIGHT="13.32283464566929" WIDTH="26.929133858267715" VPOS="128.9763779527559" HPOS="24.094488188976378" CONTENT="et" ID="tl_8_1" STYLEREFS="FONT0"/>
            <SP HEIGHT="13.32283464566929" WIDTH="4.535433070866142" VPOS="128.9763779527559" HPOS="51.023622047244096"/>
            <String HEIGHT="13.32283464566929" WIDTH="62.92913385826772" VPOS="128.9763779527559" HPOS="37.7007874015748" CONTENT="représente" ID="tl_8_2" STYLEREFS="FONT0"/>
            <SP HEIGHT="13.32283464566929" WIDTH="4.535433070866142" VPOS="128.9763779527559" HPOS="100.34645669291339"/>
            <String HEIGHT="13.32283464566929" WIDTH="40.53543307086614" VPOS="128.9763779527559" HPOS="87.02362204724409" CONTENT="parmi" ID="tl_8_3" STYLEREFS="FONT0"/>
            <SP HEIGHT="13.32283464566929" WIDTH="4.535433070866142" VPOS="128.9763779527559" HPOS="127.2755905511811"/>
            <String HEIGHT="13.32283464566929" WIDTH="31.46456692913386" VPOS="128.9763779527559" HPOS="113.95275590551181" CONTENT="les" ID="tl_8_4" STYLEREFS="FONT0"/>
            <SP HEIGHT="13.32283464566929" WIDTH="4.535433070866142" VPOS="128.9763779527559" HPOS="145.41732283464566"/>
            <String HEIGHT="13.32283464566929" WIDTH="44.78740157480315" VPOS="128.9763779527559" HPOS="131.81102362204723" CONTENT="jeunes" ID="tl_8_5" STYLEREFS="FONT0"/>
            <SP HEIGHT="13.32283464566929" WIDTH="4.535433070866142" VPOS="128.9763779527559" HPOS="176.88188976377953"/>
            <String HEIGHT="13.32283464566929" WIDTH="67.46456692913385" VPOS="128.9763779527559" HPOS="163.2755905511811" CONTENT="brésiliens," ID="tl_8_6" STYLEREFS="FONT0"/>
            <SP HEIGHT="13.32283464566929" WIDTH="4.535433070866142" VPOS="128.9763779527559" HPOS="230.74015748031496"/>
            <String HEIGHT="13.32283464566929" WIDTH="26.929133858267715" VPOS="128.9763779527559" HPOS="217.13385826771653" CONTENT="la" ID="tl_8_7" STYLEREFS="FONT0"/>
            <SP HEIGHT="13.32283464566929" WIDTH="4.535433070866142" VPOS="128.9763779527559" HPOS="244.06299212598427"/>
            <String HEIGHT="13.32283464566929" WIDTH="44.78740157480315" VPOS="128.9763779527559" HPOS="226.20472440944883" CONTENT="peinture" ID="tl_8_8" STYLEREFS="FONT0"/>
          </TextLine>
          <TextLine ID="tl_9" BASELINE="539" HEIGHT="12.188976377952756" WIDTH="242.36220472440945" VPOS="140.5984251968504" HPOS="28.62992125984252">
            <String HEIGHT="12.188976377952756" WIDTH="57.25984251968504" VPOS="140.5984251968504" HPOS="24.094488188976378" CONTENT="abstraite" ID="tl_9_1" STYLEREFS="FONT0"/>
            <SP HEIGHT="12.188976377952756" WIDTH="4.535433070866142" VPOS="140.5984251968504" HPOS="81.63779527559055"/>
            <String HEIGHT="12.188976377952756" WIDTH="35.1496062992126" VPOS="140.5984251968504" HPOS="68.31496062992126" CONTENT="dans" ID="tl_9_2" STYLEREFS="FONT0"/>
            <SP HEIGHT="12.188976377952756" WIDTH="4.535433070866142" VPOS="140.5984251968504" HPOS="103.46456692913385"/>
            <String HEIGHT="12.188976377952756" WIDTH="26.362204724409448" VPOS="140.5984251968504" HPOS="90.4251968503937" CONTENT="ce" ID="tl_9_3" STYLEREFS="FONT0"/>
            <SP HEIGHT="12.188976377952756" WIDTH="4.535433070866142" VPOS="140.5984251968504" HPOS="116.78740157480316"/>
            <String HEIGHT="12.188976377952756" WIDTH="48.47244094488189" VPOS="140.5984251968504" HPOS="103.46456692913385" CONTENT="qu’elle" ID="tl_9_4" STYLEREFS="FONT0"/>
            <SP HEIGHT="12.188976377952756" WIDTH="4.535433070866142" VPOS="140.5984251968504" HPOS="151.93700787401573"/>
            <String HEIGHT="12.188976377952756" WIDTH="22.11023622047244" VPOS="140.5984251968504" HPOS="138.89763779527559" CONTENT="a" ID="tl_9_5" STYLEREFS="FONT0"/>
            <SP HEIGHT="12.188976377952756" WIDTH="4.535433070866142" VPOS="140.5984251968504" HPOS="160.7244094488189"/>
            <String HEIGHT="12.188976377952756" WIDTH="26.362204724409448" VPOS="140.5984251968504" HPOS="147.68503937007873" CONTENT="de" ID="tl_9_6" STYLEREFS="FONT0"/>
            <SP HEIGHT="12.188976377952756" WIDTH="4.535433070866142" VPOS="140.5984251968504" HPOS="174.04724409448818"/>
            <String HEIGHT="12.188976377952756" WIDTH="35.1496062992126" VPOS="140.5984251968504" HPOS="160.7244094488189" CONTENT="plus" ID="tl_9_7" STYLEREFS="FONT0"/>
            <SP HEIGHT="12.188976377952756" WIDTH="4.535433070866142" VPOS="140.5984251968504" HPOS="196.15748031496062"/>
            <String HEIGHT="12.188976377952756" WIDTH="48.47244094488189" VPOS="140.5984251968504" HPOS="182.83464566929135" CONTENT="achevé," ID="tl_9_8" STYLEREFS="FONT0"/>
            <SP HEIGHT="12.188976377952756" WIDTH="4.535433070866142" VPOS="140.5984251968504" HPOS="231.30708661417322"/>
            <String HEIGHT="12.188976377952756" WIDTH="57.25984251968504" VPOS="140.5984251968504" HPOS="213.73228346456693" CONTENT="cristalisée" ID="tl_9_9" STYLEREFS="FONT0"/>
          </TextLine>
          <TextLine ID="tl_10" BASELINE="578" HEIGHT="11.338582677165354" WIDTH="242.07874015748033" VPOS="152.50393700787401" HPOS="28.913385826771652">
            <String HEIGHT="11.338582677165354" WIDTH="28.346456692913385" VPOS="152.50393700787401" HPOS="24.094488188976378" CONTENT="au" ID="tl_10_1" STYLEREFS="FONT0"/>
            <SP HEIGHT="11.338582677165354" WIDTH="4.818897637795276" VPOS="152.50393700787401" HPOS="52.724409448818896"/>
            <String HEIGHT="11.338582677165354" WIDTH="42.803149606299215" VPOS="152.50393700787401" HPOS="38.267716535433074" CONTENT="cours" ID="tl_10_2" STYLEREFS="FONT0"/>
            <SP HEIGHT="11.338582677165354" WIDTH="4.818897637795276" VPOS="152.50393700787401" HPOS="81.07086614173228"/>
            <String HEIGHT="11.338582677165354" WIDTH="42.803149606299215" VPOS="152.50393700787401" HPOS="66.89763779527559" CONTENT="d’une" ID="tl_10_3" STYLEREFS="FONT0"/>
            <SP HEIGHT="11.338582677165354" WIDTH="4.818897637795276" VPOS="152.50393700787401" HPOS="109.7007874015748"/>
            <String HEIGHT="11.338582677165354" WIDTH="66.33070866141732" VPOS="152.50393700787401" HPOS="95.24409448818898" CONTENT="expérience" ID="tl_10_4" STYLEREFS="FONT0"/>
            <SP HEIGHT="11.338582677165354" WIDTH="4.818897637795276" VPOS="152.50393700787401" HPOS="161.85826771653544"/>
            <String HEIGHT="11.338582677165354" WIDTH="61.79527559055118" VPOS="152.50393700787401" HPOS="147.68503937007873" CONTENT="prolongée" ID="tl_10_5" STYLEREFS="FONT0"/>
            <SP HEIGHT="11.338582677165354" WIDTH="4.818897637795276" VPOS="152.50393700787401" HPOS="209.1968503937008"/>
            <String HEIGHT="11.338582677165354" WIDTH="28.346456692913385" VPOS="152.50393700787401" HPOS="195.0236220472441" CONTENT="et" ID="tl_10_6" STYLEREFS="FONT0"/>
            <SP HEIGHT="11.338582677165354" WIDTH="4.818897637795276" VPOS="152.50393700787401" HPOS="223.6535433070866"/>
            <String HEIGHT="11.338582677165354" WIDTH="33.16535433070866" VPOS="152.50393700787401" HPOS="209.1968503937008" CONTENT="qui" ID="tl_10_7" STYLEREFS="FONT0"/>
            <SP HEIGHT="11.338582677165354" WIDTH="4.818897637795276" VPOS="152.50393700787401" HPOS="242.64566929133858"/>
            <String HEIGHT="11.338582677165354" WIDTH="23.811023622047244" VPOS="152.50393700787401" HPOS="228.18897637795277" CONTENT="a" ID="tl_10_8" STYLEREFS="FONT0"/>
            <SP HEIGHT="11.338582677165354" WIDTH="4.818897637795276" VPOS="152.50393700787401" HPOS="252.0"/>
            <String HEIGHT="11.338582677165354" WIDTH="37.98425196850393" VPOS="152.50393700787401" HPOS="233.00787401574803" CONTENT="aboufe" ID="tl_10_9" STYLEREFS="FONT0"/>
          </TextLine>
          <TextLine ID="tl_11" BASELINE="616" HEIGHT="12.755905511811024" WIDTH="242.64566929133858" VPOS="161.85826771653544" HPOS="28.62992125984252">
            <String HEIGHT="12.755905511811024" WIDTH="22.96062992125984" VPOS="161.85826771653544" HPOS="24.094488188976378" CONTENT="à" ID="tl_11_1" STYLEREFS="FONT0"/>
            <SP HEIGHT="12.755905511811024" WIDTH="4.535433070866142" VPOS="161.85826771653544" HPOS="47.05511811023622"/>
            <String HEIGHT="12.755905511811024" WIDTH="27.496062992125985" VPOS="161.85826771653544" HPOS="33.16535433070866" CONTENT="un" ID="tl_11_2" STYLEREFS="FONT0"/>
            <SP HEIGHT="12.755905511811024" WIDTH="4.535433070866142" VPOS="161.85826771653544" HPOS="60.661417322834644"/>
            <String HEIGHT="12.755905511811024" WIDTH="41.10236220472441" VPOS="161.85826771653544" HPOS="47.05511811023622" CONTENT="style" ID="tl_11_3" STYLEREFS="FONT0"/>
            <SP HEIGHT="12.755905511811024" WIDTH="4.535433070866142" VPOS="161.85826771653544" HPOS="88.15748031496064"/>
            <String HEIGHT="12.755905511811024" WIDTH="64.06299212598425" VPOS="161.85826771653544" HPOS="74.55118110236221" CONTENT="personnel." ID="tl_11_4" STYLEREFS="FONT0"/>
            <SP HEIGHT="12.755905511811024" WIDTH="4.535433070866142" VPOS="161.85826771653544" HPOS="138.61417322834646"/>
            <String HEIGHT="12.755905511811024" WIDTH="27.496062992125985" VPOS="161.85826771653544" HPOS="124.7244094488189" CONTENT="Sa" ID="tl_11_5" STYLEREFS="FONT0"/>
            <SP HEIGHT="12.755905511811024" WIDTH="4.535433070866142" VPOS="161.85826771653544" HPOS="152.2204724409449"/>
            <String HEIGHT="12.755905511811024" WIDTH="54.99212598425197" VPOS="161.85826771653544" HPOS="138.61417322834646" CONTENT="peinture" ID="tl_11_6" STYLEREFS="FONT0"/>
            <SP HEIGHT="12.755905511811024" WIDTH="4.535433070866142" VPOS="161.85826771653544" HPOS="193.3228346456693"/>
            <String HEIGHT="12.755905511811024" WIDTH="32.031496062992126" VPOS="161.85826771653544" HPOS="179.71653543307087" CONTENT="est" ID="tl_11_7" STYLEREFS="FONT0"/>
            <SP HEIGHT="12.755905511811024" WIDTH="4.535433070866142" VPOS="161.85826771653544" HPOS="211.748031496063"/>
            <String HEIGHT="12.755905511811024" WIDTH="59.52755905511811" VPOS="161.85826771653544" HPOS="198.14173228346456" CONTENT="dépourvue" ID="tl_11_8" STYLEREFS="FONT0"/>
            <SP HEIGHT="12.755905511811024" WIDTH="4.535433070866142" VPOS="161.85826771653544" HPOS="257.6692913385827"/>
            <String HEIGHT="12.755905511811024" WIDTH="32.031496062992126" VPOS="161.85826771653544" HPOS="239.24409448818898" CONTENT="d’ems" ID="tl_11_9" STYLEREFS="FONT0"/>
          </TextLine>
          <TextLine ID="tl_12" BASELINE="657" HEIGHT="11.622047244094489" WIDTH="242.07874015748033" VPOS="174.61417322834646" HPOS="29.19685039370079">
            <String HEIGHT="11.622047244094489" WIDTH="49.32283464566929" VPOS="174.61417322834646" HPOS="24.661417322834644" CONTENT="preinte" ID="tl_12_1" STYLEREFS="FONT0"/>
            <SP HEIGHT="11.622047244094489" WIDTH="4.535433070866142" VPOS="174.61417322834646" HPOS="73.98425196850394"/>
            <String HEIGHT="11.622047244094489" WIDTH="67.18110236220473" VPOS="174.61417322834646" HPOS="60.661417322834644" CONTENT="littéraire," ID="tl_12_2" STYLEREFS="FONT0"/>
            <SP HEIGHT="11.622047244094489" WIDTH="4.535433070866142" VPOS="174.61417322834646" HPOS="127.84251968503936"/>
            <String HEIGHT="11.622047244094489" WIDTH="36.0" VPOS="174.61417322834646" HPOS="114.23622047244095" CONTENT="elle" ID="tl_12_3" STYLEREFS="FONT0"/>
            <SP HEIGHT="11.622047244094489" WIDTH="4.535433070866142" VPOS="174.61417322834646" HPOS="150.23622047244095"/>
            <String HEIGHT="11.622047244094489" WIDTH="31.46456692913386" VPOS="174.61417322834646" HPOS="136.91338582677164" CONTENT="est" ID="tl_12_4" STYLEREFS="FONT0"/>
            <SP HEIGHT="11.622047244094489" WIDTH="4.535433070866142" VPOS="174.61417322834646" HPOS="168.09448818897638"/>
            <String HEIGHT="11.622047244094489" WIDTH="76.25196850393701" VPOS="174.61417322834646" HPOS="154.77165354330708" CONTENT="exclusivement" ID="tl_12_5" STYLEREFS="FONT0"/>
            <SP HEIGHT="11.622047244094489" WIDTH="4.535433070866142" VPOS="174.61417322834646" HPOS="231.0236220472441"/>
            <String HEIGHT="11.622047244094489" WIDTH="53.85826771653543" VPOS="174.61417322834646" HPOS="217.41732283464566" CONTENT="ordonnée" ID="tl_12_6" STYLEREFS="FONT0"/>
            <SP HEIGHT="11.622047244094489" WIDTH="4.535433070866142" VPOS="174.61417322834646" HPOS="271.2755905511811"/>
            <String HEIGHT="11.622047244094489" WIDTH="17.858267716535433" VPOS="174.61417322834646" HPOS="253.41732283464566" CONTENT="en" ID="tl_12_7" STYLEREFS="FONT0"/>
          </TextLine>
          <TextLine ID="tl_13" BASELINE="693" HEIGHT="10.771653543307087" WIDTH="242.64566929133858" VPOS="185.66929133858267" HPOS="28.62992125984252">
            <String HEIGHT="10.771653543307087" WIDTH="56.976377952755904" VPOS="185.66929133858267" HPOS="23.811023622047244" CONTENT="éléments" ID="tl_13_1" STYLEREFS="FONT0"/>
            <SP HEIGHT="10.771653543307087" WIDTH="4.818897637795276" VPOS="185.66929133858267" HPOS="81.07086614173228"/>
            <String HEIGHT="10.771653543307087" WIDTH="66.61417322834646" VPOS="185.66929133858267" HPOS="66.61417322834646" CONTENT="plastiques" ID="tl_13_2" STYLEREFS="FONT0"/>
            <SP HEIGHT="10.771653543307087" WIDTH="4.818897637795276" VPOS="185.66929133858267" HPOS="133.22834645669292"/>
            <String HEIGHT="10.771653543307087" WIDTH="28.62992125984252" VPOS="185.66929133858267" HPOS="119.05511811023622" CONTENT="de" ID="tl_13_3" STYLEREFS="FONT0"/>
            <SP HEIGHT="10.771653543307087" WIDTH="4.818897637795276" VPOS="185.66929133858267" HPOS="147.68503937007873"/>
            <String HEIGHT="10.771653543307087" WIDTH="71.43307086614173" VPOS="185.66929133858267" HPOS="133.22834645669292" CONTENT="composition" ID="tl_13_4" STYLEREFS="FONT0"/>
            <SP HEIGHT="10.771653543307087" WIDTH="4.818897637795276" VPOS="185.66929133858267" HPOS="204.66141732283464"/>
            <String HEIGHT="10.771653543307087" WIDTH="28.62992125984252" VPOS="185.66929133858267" HPOS="190.48818897637796" CONTENT="et" ID="tl_13_5" STYLEREFS="FONT0"/>
            <SP HEIGHT="10.771653543307087" WIDTH="4.818897637795276" VPOS="185.66929133858267" HPOS="218.83464566929135"/>
            <String HEIGHT="10.771653543307087" WIDTH="66.61417322834646" VPOS="185.66929133858267" HPOS="204.66141732283464" CONTENT="rigoureuse" ID="tl_13_6" STYLEREFS="FONT0"/>
            <SP HEIGHT="10.771653543307087" WIDTH="4.818897637795276" VPOS="185.66929133858267" HPOS="271.2755905511811"/>
            <String HEIGHT="10.771653543307087" WIDTH="18.992125984251967" VPOS="185.66929133858267" HPOS="252.28346456692913" CONTENT="en" ID="tl_13_7" STYLEREFS="FONT0"/>
          </TextLine>
          <TextLine ID="tl_14" BASELINE="725" HEIGHT="11.05511811023622" WIDTH="242.9291338582677" VPOS="194.45669291338584" HPOS="28.913385826771652">
            <String HEIGHT="11.05511811023622" WIDTH="42.23622047244095" VPOS="194.45669291338584" HPOS="23.52755905511811" CONTENT="tant" ID="tl_14_1" STYLEREFS="FONT0"/>
            <SP HEIGHT="11.05511811023622" WIDTH="5.3858267716535435" VPOS="194.45669291338584" HPOS="65.76377952755905"/>
            <String HEIGHT="11.05511811023622" WIDTH="36.8503937007874" VPOS="194.45669291338584" HPOS="50.173228346456696" CONTENT="que" ID="tl_14_2" STYLEREFS="FONT0"/>
            <SP HEIGHT="11.05511811023622" WIDTH="5.3858267716535435" VPOS="194.45669291338584" HPOS="87.02362204724409"/>
            <String HEIGHT="11.05511811023622" WIDTH="68.5984251968504" VPOS="194.45669291338584" HPOS="71.14960629921259" CONTENT="maniement" ID="tl_14_3" STYLEREFS="FONT0"/>
            <SP HEIGHT="11.05511811023622" WIDTH="5.3858267716535435" VPOS="194.45669291338584" HPOS="139.748031496063"/>
            <String HEIGHT="11.05511811023622" WIDTH="36.8503937007874" VPOS="194.45669291338584" HPOS="123.8740157480315" CONTENT="des" ID="tl_14_4" STYLEREFS="FONT0"/>
            <SP HEIGHT="11.05511811023622" WIDTH="5.3858267716535435" VPOS="194.45669291338584" HPOS="161.00787401574803"/>
            <String HEIGHT="11.05511811023622" WIDTH="63.496062992125985" VPOS="194.45669291338584" HPOS="145.13385826771653" CONTENT="procédés" ID="tl_14_5" STYLEREFS="FONT0"/>
            <SP HEIGHT="11.05511811023622" WIDTH="5.3858267716535435" VPOS="194.45669291338584" HPOS="208.3464566929134"/>
            <String HEIGHT="11.05511811023622" WIDTH="73.98425196850394" VPOS="194.45669291338584" HPOS="192.75590551181102" CONTENT="picturaux." ID="tl_14_6" STYLEREFS="FONT0"/>
            <SP HEIGHT="11.05511811023622" WIDTH="5.3858267716535435" VPOS="194.45669291338584" HPOS="266.45669291338584"/>
            <String HEIGHT="11.05511811023622" WIDTH="26.362204724409448" VPOS="194.45669291338584" HPOS="245.48031496062993" CONTENT="Ses" ID="tl_14_7" STYLEREFS="FONT0"/>
          </TextLine>
          <TextLine ID="tl_15" BASELINE="767" HEIGHT="11.905511811023622" WIDTH="242.9291338582677" VPOS="205.51181102362204" HPOS="28.913385826771652">
            <String HEIGHT="11.905511811023622" WIDTH="42.51968503937008" VPOS="205.51181102362204" HPOS="24.661417322834644" CONTENT="toiles" ID="tl_15_1" STYLEREFS="FONT0"/>
            <SP HEIGHT="11.905511811023622" WIDTH="4.251968503937008" VPOS="205.51181102362204" HPOS="67.18110236220473"/>
            <String HEIGHT="11.905511811023622" WIDTH="34.01574803149607" VPOS="205.51181102362204" HPOS="54.425196850393704" CONTENT="sont" ID="tl_15_2" STYLEREFS="FONT0"/>
            <SP HEIGHT="11.905511811023622" WIDTH="4.251968503937008" VPOS="205.51181102362204" HPOS="88.44094488188976"/>
            <String HEIGHT="11.905511811023622" WIDTH="25.511811023622048" VPOS="205.51181102362204" HPOS="75.68503937007874" CONTENT="le" ID="tl_15_3" STYLEREFS="FONT0"/>
            <SP HEIGHT="11.905511811023622" WIDTH="4.251968503937008" VPOS="205.51181102362204" HPOS="101.48031496062993"/>
            <String HEIGHT="11.905511811023622" WIDTH="51.023622047244096" VPOS="205.51181102362204" HPOS="88.44094488188976" CONTENT="résultat" ID="tl_15_4" STYLEREFS="FONT0"/>
            <SP HEIGHT="11.905511811023622" WIDTH="4.251968503937008" VPOS="205.51181102362204" HPOS="139.748031496063"/>
            <String HEIGHT="11.905511811023622" WIDTH="55.275590551181104" VPOS="205.51181102362204" HPOS="126.99212598425197" CONTENT="définitif" ID="tl_15_5" STYLEREFS="FONT0"/>
            <SP HEIGHT="11.905511811023622" WIDTH="4.251968503937008" VPOS="205.51181102362204" HPOS="182.26771653543307"/>
            <String HEIGHT="11.905511811023622" WIDTH="25.511811023622048" VPOS="205.51181102362204" HPOS="169.51181102362204" CONTENT="de" ID="tl_15_6" STYLEREFS="FONT0"/>
            <SP HEIGHT="11.905511811023622" WIDTH="4.251968503937008" VPOS="205.51181102362204" HPOS="195.0236220472441"/>
            <String HEIGHT="11.905511811023622" WIDTH="59.52755905511811" VPOS="205.51181102362204" HPOS="182.26771653543307" CONTENT="recherches" ID="tl_15_7" STYLEREFS="FONT0"/>
            <SP HEIGHT="11.905511811023622" WIDTH="4.251968503937008" VPOS="205.51181102362204" HPOS="242.07874015748033"/>
            <String HEIGHT="11.905511811023622" WIDTH="46.77165354330709" VPOS="205.51181102362204" HPOS="225.0708661417323" CONTENT="réalisées" ID="tl_15_8" STYLEREFS="FONT0"/>
          </TextLine>
          <TextLine ID="tl_16" BASELINE="809" HEIGHT="11.622047244094489" WIDTH="243.21259842519686" VPOS="217.70078740157481" HPOS="29.19685039370079">
            <String HEIGHT="11.622047244094489" WIDTH="30.330708661417322" VPOS="217.70078740157481" HPOS="24.094488188976378" CONTENT="en" ID="tl_16_1" STYLEREFS="FONT0"/>
            <SP HEIGHT="11.622047244094489" WIDTH="5.102362204724409" VPOS="217.70078740157481" HPOS="54.425196850393704"/>
            <String HEIGHT="11.622047244094489" WIDTH="60.94488188976378" VPOS="217.70078740157481" HPOS="39.40157480314961" CONTENT="collages" ID="tl_16_2" STYLEREFS="FONT0"/>
            <SP HEIGHT="11.622047244094489" WIDTH="5.102362204724409" VPOS="217.70078740157481" HPOS="100.06299212598425"/>
            <String HEIGHT="11.622047244094489" WIDTH="40.53543307086614" VPOS="217.70078740157481" HPOS="85.03937007874016" CONTENT="dans" ID="tl_16_3" STYLEREFS="FONT0"/>
            <SP HEIGHT="11.622047244094489" WIDTH="5.102362204724409" VPOS="217.70078740157481" HPOS="125.5748031496063"/>
            <String HEIGHT="11.622047244094489" WIDTH="60.94488188976378" VPOS="217.70078740157481" HPOS="110.26771653543307" CONTENT="lesquels" ID="tl_16_4" STYLEREFS="FONT0"/>
            <SP HEIGHT="11.622047244094489" WIDTH="5.102362204724409" VPOS="217.70078740157481" HPOS="171.21259842519686"/>
            <String HEIGHT="11.622047244094489" WIDTH="30.330708661417322" VPOS="217.70078740157481" HPOS="155.90551181102362" CONTENT="il" ID="tl_16_5" STYLEREFS="FONT0"/>
            <SP HEIGHT="11.622047244094489" WIDTH="5.102362204724409" VPOS="217.70078740157481" HPOS="186.23622047244095"/>
            <String HEIGHT="11.622047244094489" WIDTH="55.84251968503937" VPOS="217.70078740157481" HPOS="171.21259842519686" CONTENT="obtient" ID="tl_16_6" STYLEREFS="FONT0"/>
            <SP HEIGHT="11.622047244094489" WIDTH="5.102362204724409" VPOS="217.70078740157481" HPOS="226.77165354330708"/>
            <String HEIGHT="11.622047244094489" WIDTH="35.43307086614173" VPOS="217.70078740157481" HPOS="211.748031496063" CONTENT="des" ID="tl_16_7" STYLEREFS="FONT0"/>
            <SP HEIGHT="11.622047244094489" WIDTH="5.102362204724409" VPOS="217.70078740157481" HPOS="247.1811023622047"/>
            <String HEIGHT="11.622047244094489" WIDTH="45.63779527559055" VPOS="217.70078740157481" HPOS="226.77165354330708" CONTENT="valeurs" ID="tl_16_8" STYLEREFS="FONT0"/>
          </TextLine>
          <TextLine ID="tl_17" BASELINE="841" HEIGHT="13.606299212598426" WIDTH="179.1496062992126" VPOS="224.78740157480314" HPOS="29.19685039370079">
            <String HEIGHT="13.606299212598426" WIDTH="67.74803149606299" VPOS="224.78740157480314" HPOS="24.37795275590551" CONTENT="abstraites" ID="tl_17_1" STYLEREFS="FONT0"/>
            <SP HEIGHT="13.606299212598426" WIDTH="4.818897637795276" VPOS="224.78740157480314" HPOS="92.1259842519685"/>
            <String HEIGHT="13.606299212598426" WIDTH="28.913385826771652" VPOS="224.78740157480314" HPOS="77.66929133858268" CONTENT="de" ID="tl_17_2" STYLEREFS="FONT0"/>
            <SP HEIGHT="13.606299212598426" WIDTH="4.818897637795276" VPOS="224.78740157480314" HPOS="106.58267716535433"/>
            <String HEIGHT="13.606299212598426" WIDTH="58.110236220472444" VPOS="224.78740157480314" HPOS="92.1259842519685" CONTENT="paysages" ID="tl_17_3" STYLEREFS="FONT0"/>
            <SP HEIGHT="13.606299212598426" WIDTH="4.818897637795276" VPOS="224.78740157480314" HPOS="150.23622047244095"/>
            <String HEIGHT="13.606299212598426" WIDTH="28.913385826771652" VPOS="224.78740157480314" HPOS="135.7795275590551" CONTENT="et" ID="tl_17_4" STYLEREFS="FONT0"/>
            <SP HEIGHT="13.606299212598426" WIDTH="4.818897637795276" VPOS="224.78740157480314" HPOS="164.69291338582678"/>
            <String HEIGHT="13.606299212598426" WIDTH="28.913385826771652" VPOS="224.78740157480314" HPOS="150.23622047244095" CONTENT="de" ID="tl_17_5" STYLEREFS="FONT0"/>
            <SP HEIGHT="13.606299212598426" WIDTH="4.818897637795276" VPOS="224.78740157480314" HPOS="179.43307086614172"/>
            <String HEIGHT="13.606299212598426" WIDTH="48.47244094488189" VPOS="224.78740157480314" HPOS="159.8740157480315" CONTENT="figures." ID="tl_17_6" STYLEREFS="FONT0"/>
          </TextLine>
        </TextBlock>
        <TextBlock ID="r_1_3" HEIGHT="75.4015748031496" WIDTH="240.66141732283464" VPOS="240.66141732283464" HPOS="30.89763779527559">
          <TextLine ID="tl_18" BASELINE="891" HEIGHT="14.740157480314961" WIDTH="231.59055118110237" VPOS="237.82677165354332" HPOS="41.38582677165354">
            <String HEIGHT="14.740157480314961" WIDTH="42.51968503937008" VPOS="237.82677165354332" HPOS="36.56692913385827" CONTENT="Vilma" ID="tl_18_1" STYLEREFS="FONT0"/>
            <SP HEIGHT="14.740157480314961" WIDTH="4.818897637795276" VPOS="237.82677165354332" HPOS="79.08661417322834"/>
            <String HEIGHT="14.740157480314961" WIDTH="70.86614173228347" VPOS="237.82677165354332" HPOS="64.91338582677166" CONTENT="Pasqualini," ID="tl_18_2" STYLEREFS="FONT0"/>
            <SP HEIGHT="14.740157480314961" WIDTH="4.818897637795276" VPOS="237.82677165354332" HPOS="135.7795275590551"/>
            <String HEIGHT="14.740157480314961" WIDTH="42.51968503937008" VPOS="237.82677165354332" HPOS="121.60629921259843" CONTENT="après" ID="tl_18_3" STYLEREFS="FONT0"/>
            <SP HEIGHT="14.740157480314961" WIDTH="4.818897637795276" VPOS="237.82677165354332" HPOS="164.40944881889763"/>
            <String HEIGHT="14.740157480314961" WIDTH="33.16535433070866" VPOS="237.82677165354332" HPOS="149.95275590551182" CONTENT="une" ID="tl_18_4" STYLEREFS="FONT0"/>
            <SP HEIGHT="14.740157480314961" WIDTH="4.818897637795276" VPOS="237.82677165354332" HPOS="183.11811023622047"/>
            <String HEIGHT="14.740157480314961" WIDTH="61.511811023622045" VPOS="237.82677165354332" HPOS="168.9448818897638" CONTENT="formation" ID="tl_18_5" STYLEREFS="FONT0"/>
            <SP HEIGHT="14.740157480314961" WIDTH="4.818897637795276" VPOS="237.82677165354332" HPOS="230.45669291338584"/>
            <String HEIGHT="14.740157480314961" WIDTH="56.69291338582677" VPOS="237.82677165354332" HPOS="216.28346456692913" CONTENT="scolaire" ID="tl_18_6" STYLEREFS="FONT0"/>
            <SP HEIGHT="14.740157480314961" WIDTH="4.818897637795276" VPOS="237.82677165354332" HPOS="272.9763779527559"/>
            <String HEIGHT="14.740157480314961" WIDTH="18.992125984251967" VPOS="237.82677165354332" HPOS="253.98425196850394" CONTENT="er" ID="tl_18_7" STYLEREFS="FONT0"/>
          </TextLine>
          <TextLine ID="tl_19" BASELINE="930" HEIGHT="12.472440944881889" WIDTH="242.9291338582677" VPOS="251.1496062992126" HPOS="29.763779527559056">
            <String HEIGHT="12.472440944881889" WIDTH="34.01574803149607" VPOS="251.1496062992126" HPOS="24.944881889763778" CONTENT="des" ID="tl_19_1" STYLEREFS="FONT0"/>
            <SP HEIGHT="12.472440944881889" WIDTH="4.818897637795276" VPOS="251.1496062992126" HPOS="58.960629921259844"/>
            <String HEIGHT="12.472440944881889" WIDTH="53.574803149606296" VPOS="251.1496062992126" HPOS="44.22047244094488" CONTENT="voyages" ID="tl_19_2" STYLEREFS="FONT0"/>
            <SP HEIGHT="12.472440944881889" WIDTH="4.818897637795276" VPOS="251.1496062992126" HPOS="97.79527559055119"/>
            <String HEIGHT="12.472440944881889" WIDTH="24.37795275590551" VPOS="251.1496062992126" HPOS="83.33858267716535" CONTENT="à" ID="tl_19_3" STYLEREFS="FONT0"/>
            <SP HEIGHT="12.472440944881889" WIDTH="4.818897637795276" VPOS="251.1496062992126" HPOS="107.43307086614173"/>
            <String HEIGHT="12.472440944881889" WIDTH="72.85039370078741" VPOS="251.1496062992126" HPOS="92.97637795275591" CONTENT="l’étranger," ID="tl_19_4" STYLEREFS="FONT0"/>
            <SP HEIGHT="12.472440944881889" WIDTH="4.818897637795276" VPOS="251.1496062992126" HPOS="165.82677165354332"/>
            <String HEIGHT="12.472440944881889" WIDTH="43.653543307086615" VPOS="251.1496062992126" HPOS="151.37007874015748" CONTENT="s’est" ID="tl_19_5" STYLEREFS="FONT0"/>
            <SP HEIGHT="12.472440944881889" WIDTH="4.818897637795276" VPOS="251.1496062992126" HPOS="195.0236220472441"/>
            <String HEIGHT="12.472440944881889" WIDTH="53.574803149606296" VPOS="251.1496062992126" HPOS="180.28346456692913" CONTENT="engagée" ID="tl_19_6" STYLEREFS="FONT0"/>
            <SP HEIGHT="12.472440944881889" WIDTH="4.818897637795276" VPOS="251.1496062992126" HPOS="233.85826771653544"/>
            <String HEIGHT="12.472440944881889" WIDTH="34.01574803149607" VPOS="251.1496062992126" HPOS="219.11811023622047" CONTENT="sur" ID="tl_19_7" STYLEREFS="FONT0"/>
            <SP HEIGHT="12.472440944881889" WIDTH="4.818897637795276" VPOS="251.1496062992126" HPOS="253.13385826771653"/>
            <String HEIGHT="12.472440944881889" WIDTH="29.19685039370079" VPOS="251.1496062992126" HPOS="238.6771653543307" CONTENT="la" ID="tl_19_8" STYLEREFS="FONT0"/>
            <SP HEIGHT="12.472440944881889" WIDTH="4.818897637795276" VPOS="251.1496062992126" HPOS="267.87401574803147"/>
            <String HEIGHT="12.472440944881889" WIDTH="24.37795275590551" VPOS="251.1496062992126" HPOS="248.31496062992127" CONTENT="vol" ID="tl_19_9" STYLEREFS="FONT0"/>
          </TextLine>
          <TextLine ID="tl_20" BASELINE="969" HEIGHT="11.338582677165354" WIDTH="242.64566929133858" VPOS="263.33858267716533" HPOS="29.763779527559056">
            <String HEIGHT="11.338582677165354" WIDTH="40.53543307086614" VPOS="263.33858267716533" HPOS="25.228346456692915" CONTENT="d’une" ID="tl_20_1" STYLEREFS="FONT0"/>
            <SP HEIGHT="11.338582677165354" WIDTH="4.535433070866142" VPOS="263.33858267716533" HPOS="65.76377952755905"/>
            <String HEIGHT="11.338582677165354" WIDTH="53.85826771653543" VPOS="263.33858267716533" HPOS="52.15748031496063" CONTENT="peinture" ID="tl_20_2" STYLEREFS="FONT0"/>
            <SP HEIGHT="11.338582677165354" WIDTH="4.535433070866142" VPOS="263.33858267716533" HPOS="106.01574803149606"/>
            <String HEIGHT="11.338582677165354" WIDTH="67.46456692913385" VPOS="263.33858267716533" HPOS="92.69291338582677" CONTENT="surprenante" ID="tl_20_3" STYLEREFS="FONT0"/>
            <SP HEIGHT="11.338582677165354" WIDTH="4.535433070866142" VPOS="263.33858267716533" HPOS="160.15748031496062"/>
            <String HEIGHT="11.338582677165354" WIDTH="36.0" VPOS="263.33858267716533" HPOS="146.5511811023622" CONTENT="dont" ID="tl_20_4" STYLEREFS="FONT0"/>
            <SP HEIGHT="11.338582677165354" WIDTH="4.535433070866142" VPOS="263.33858267716533" HPOS="182.5511811023622"/>
            <String HEIGHT="11.338582677165354" WIDTH="26.929133858267715" VPOS="263.33858267716533" HPOS="168.9448818897638" CONTENT="le" ID="tl_20_5" STYLEREFS="FONT0"/>
            <SP HEIGHT="11.338582677165354" WIDTH="4.535433070866142" VPOS="263.33858267716533" HPOS="196.15748031496062"/>
            <String HEIGHT="11.338582677165354" WIDTH="40.53543307086614" VPOS="263.33858267716533" HPOS="182.5511811023622" CONTENT="thème" ID="tl_20_6" STYLEREFS="FONT0"/>
            <SP HEIGHT="11.338582677165354" WIDTH="4.535433070866142" VPOS="263.33858267716533" HPOS="223.08661417322836"/>
            <String HEIGHT="11.338582677165354" WIDTH="31.46456692913386" VPOS="263.33858267716533" HPOS="209.48031496062993" CONTENT="est" ID="tl_20_7" STYLEREFS="FONT0"/>
            <SP HEIGHT="11.338582677165354" WIDTH="4.535433070866142" VPOS="263.33858267716533" HPOS="240.9448818897638"/>
            <String HEIGHT="11.338582677165354" WIDTH="26.929133858267715" VPOS="263.33858267716533" HPOS="227.33858267716536" CONTENT="la" ID="tl_20_8" STYLEREFS="FONT0"/>
            <SP HEIGHT="11.338582677165354" WIDTH="4.535433070866142" VPOS="263.33858267716533" HPOS="254.5511811023622"/>
            <String HEIGHT="11.338582677165354" WIDTH="36.0" VPOS="263.33858267716533" HPOS="236.40944881889763" CONTENT="figure" ID="tl_20_9" STYLEREFS="FONT0"/>
          </TextLine>
          <TextLine ID="tl_21" BASELINE="1007" HEIGHT="11.622047244094489" WIDTH="242.36220472440945" VPOS="273.8267716535433" HPOS="30.04724409448819">
            <String HEIGHT="11.622047244094489" WIDTH="58.110236220472444" VPOS="273.8267716535433" HPOS="25.228346456692915" CONTENT="déformée" ID="tl_21_1" STYLEREFS="FONT0"/>
            <SP HEIGHT="11.622047244094489" WIDTH="4.818897637795276" VPOS="273.8267716535433" HPOS="83.33858267716535"/>
            <String HEIGHT="11.622047244094489" WIDTH="43.653543307086615" VPOS="273.8267716535433" HPOS="68.88188976377953" CONTENT="ayant" ID="tl_21_2" STYLEREFS="FONT0"/>
            <SP HEIGHT="11.622047244094489" WIDTH="4.818897637795276" VPOS="273.8267716535433" HPOS="112.53543307086615"/>
            <String HEIGHT="11.622047244094489" WIDTH="29.19685039370079" VPOS="273.8267716535433" HPOS="97.79527559055119" CONTENT="en" ID="tl_21_3" STYLEREFS="FONT0"/>
            <SP HEIGHT="11.622047244094489" WIDTH="4.818897637795276" VPOS="273.8267716535433" HPOS="126.99212598425197"/>
            <String HEIGHT="11.622047244094489" WIDTH="34.01574803149607" VPOS="273.8267716535433" HPOS="112.53543307086615" CONTENT="vue" ID="tl_21_4" STYLEREFS="FONT0"/>
            <SP HEIGHT="11.622047244094489" WIDTH="4.818897637795276" VPOS="273.8267716535433" HPOS="146.26771653543307"/>
            <String HEIGHT="11.622047244094489" WIDTH="34.01574803149607" VPOS="273.8267716535433" HPOS="131.81102362204723" CONTENT="une" ID="tl_21_5" STYLEREFS="FONT0"/>
            <SP HEIGHT="11.622047244094489" WIDTH="4.818897637795276" VPOS="273.8267716535433" HPOS="165.82677165354332"/>
            <String HEIGHT="11.622047244094489" WIDTH="38.83464566929134" VPOS="273.8267716535433" HPOS="151.37007874015748" CONTENT="plus" ID="tl_21_6" STYLEREFS="FONT0"/>
            <SP HEIGHT="11.622047244094489" WIDTH="4.818897637795276" VPOS="273.8267716535433" HPOS="189.92125984251967"/>
            <String HEIGHT="11.622047244094489" WIDTH="48.47244094488189" VPOS="273.8267716535433" HPOS="175.46456692913387" CONTENT="grande" ID="tl_21_7" STYLEREFS="FONT0"/>
            <SP HEIGHT="11.622047244094489" WIDTH="4.818897637795276" VPOS="273.8267716535433" HPOS="223.93700787401573"/>
            <String HEIGHT="11.622047244094489" WIDTH="67.74803149606299" VPOS="273.8267716535433" HPOS="204.66141732283464" CONTENT="valorisation" ID="tl_21_8" STYLEREFS="FONT0"/>
          </TextLine>
          <TextLine ID="tl_22" BASELINE="1046" HEIGHT="13.039370078740157" WIDTH="242.07874015748033" VPOS="283.46456692913387" HPOS="30.614173228346456">
            <String HEIGHT="13.039370078740157" WIDTH="64.06299212598425" VPOS="283.46456692913387" HPOS="26.078740157480315" CONTENT="plastique." ID="tl_22_1" STYLEREFS="FONT0"/>
            <SP HEIGHT="13.039370078740157" WIDTH="4.535433070866142" VPOS="283.46456692913387" HPOS="89.85826771653544"/>
            <String HEIGHT="13.039370078740157" WIDTH="32.031496062992126" VPOS="283.46456692913387" HPOS="76.25196850393701" CONTENT="Ses" ID="tl_22_2" STYLEREFS="FONT0"/>
            <SP HEIGHT="13.039370078740157" WIDTH="4.535433070866142" VPOS="283.46456692913387" HPOS="108.28346456692914"/>
            <String HEIGHT="13.039370078740157" WIDTH="45.63779527559055" VPOS="283.46456692913387" HPOS="94.67716535433071" CONTENT="toiles" ID="tl_22_3" STYLEREFS="FONT0"/>
            <SP HEIGHT="13.039370078740157" WIDTH="4.535433070866142" VPOS="283.46456692913387" HPOS="140.31496062992127"/>
            <String HEIGHT="13.039370078740157" WIDTH="32.031496062992126" VPOS="283.46456692913387" HPOS="126.4251968503937" CONTENT="ont" ID="tl_22_4" STYLEREFS="FONT0"/>
            <SP HEIGHT="13.039370078740157" WIDTH="4.535433070866142" VPOS="283.46456692913387" HPOS="158.45669291338584"/>
            <String HEIGHT="13.039370078740157" WIDTH="59.24409448818898" VPOS="283.46456692913387" HPOS="144.8503937007874" CONTENT="intéressé" ID="tl_22_5" STYLEREFS="FONT0"/>
            <SP HEIGHT="13.039370078740157" WIDTH="4.535433070866142" VPOS="283.46456692913387" HPOS="204.09448818897638"/>
            <String HEIGHT="13.039370078740157" WIDTH="27.496062992125985" VPOS="283.46456692913387" HPOS="190.48818897637796" CONTENT="la" ID="tl_22_6" STYLEREFS="FONT0"/>
            <SP HEIGHT="13.039370078740157" WIDTH="4.535433070866142" VPOS="283.46456692913387" HPOS="217.98425196850394"/>
            <String HEIGHT="13.039370078740157" WIDTH="54.70866141732284" VPOS="283.46456692913387" HPOS="204.09448818897638" CONTENT="critique" ID="tl_22_7" STYLEREFS="FONT0"/>
            <SP HEIGHT="13.039370078740157" WIDTH="4.535433070866142" VPOS="283.46456692913387" HPOS="259.0866141732283"/>
            <String HEIGHT="13.039370078740157" WIDTH="32.031496062992126" VPOS="283.46456692913387" HPOS="240.66141732283464" CONTENT="ausse" ID="tl_22_8" STYLEREFS="FONT0"/>
          </TextLine>
          <TextLine ID="tl_23" BASELINE="1086" HEIGHT="12.755905511811024" WIDTH="242.07874015748033" VPOS="295.0866141732283" HPOS="30.614173228346456">
            <String HEIGHT="12.755905511811024" WIDTH="37.98425196850393" VPOS="295.0866141732283" HPOS="25.79527559055118" CONTENT="bien" ID="tl_23_1" STYLEREFS="FONT0"/>
            <SP HEIGHT="12.755905511811024" WIDTH="4.818897637795276" VPOS="295.0866141732283" HPOS="63.77952755905512"/>
            <String HEIGHT="12.755905511811024" WIDTH="33.16535433070866" VPOS="295.0866141732283" HPOS="49.60629921259842" CONTENT="par" ID="tl_23_2" STYLEREFS="FONT0"/>
            <SP HEIGHT="12.755905511811024" WIDTH="4.818897637795276" VPOS="295.0866141732283" HPOS="82.77165354330708"/>
            <String HEIGHT="12.755905511811024" WIDTH="33.16535433070866" VPOS="295.0866141732283" HPOS="68.5984251968504" CONTENT="son" ID="tl_23_3" STYLEREFS="FONT0"/>
            <SP HEIGHT="12.755905511811024" WIDTH="4.818897637795276" VPOS="295.0866141732283" HPOS="101.76377952755905"/>
            <String HEIGHT="12.755905511811024" WIDTH="37.98425196850393" VPOS="295.0866141732283" HPOS="87.59055118110236" CONTENT="côté" ID="tl_23_4" STYLEREFS="FONT0"/>
            <SP HEIGHT="12.755905511811024" WIDTH="4.818897637795276" VPOS="295.0866141732283" HPOS="125.5748031496063"/>
            <String HEIGHT="12.755905511811024" WIDTH="66.33070866141732" VPOS="295.0866141732283" HPOS="111.4015748031496" CONTENT="innovateur" ID="tl_23_5" STYLEREFS="FONT0"/>
            <SP HEIGHT="12.755905511811024" WIDTH="4.818897637795276" VPOS="295.0866141732283" HPOS="177.73228346456693"/>
            <String HEIGHT="12.755905511811024" WIDTH="33.16535433070866" VPOS="295.0866141732283" HPOS="163.55905511811022" CONTENT="que" ID="tl_23_6" STYLEREFS="FONT0"/>
            <SP HEIGHT="12.755905511811024" WIDTH="4.818897637795276" VPOS="295.0866141732283" HPOS="196.7244094488189"/>
            <String HEIGHT="12.755905511811024" WIDTH="33.16535433070866" VPOS="295.0866141732283" HPOS="182.5511811023622" CONTENT="par" ID="tl_23_7" STYLEREFS="FONT0"/>
            <SP HEIGHT="12.755905511811024" WIDTH="4.818897637795276" VPOS="295.0866141732283" HPOS="215.71653543307087"/>
            <String HEIGHT="12.755905511811024" WIDTH="28.346456692913385" VPOS="295.0866141732283" HPOS="201.54330708661416" CONTENT="la" ID="tl_23_8" STYLEREFS="FONT0"/>
            <SP HEIGHT="12.755905511811024" WIDTH="4.818897637795276" VPOS="295.0866141732283" HPOS="229.88976377952756"/>
            <String HEIGHT="12.755905511811024" WIDTH="52.15748031496063" VPOS="295.0866141732283" HPOS="215.71653543307087" CONTENT="gravité" ID="tl_23_9" STYLEREFS="FONT0"/>
            <SP HEIGHT="12.755905511811024" WIDTH="4.818897637795276" VPOS="295.0866141732283" HPOS="267.87401574803147"/>
            <String HEIGHT="12.755905511811024" WIDTH="23.811023622047244" VPOS="295.0866141732283" HPOS="248.88188976377953" CONTENT="die" ID="tl_23_10" STYLEREFS="FONT0"/>
          </TextLine>
          <TextLine ID="tl_24" BASELINE="1117" HEIGHT="11.622047244094489" WIDTH="154.77165354330708" VPOS="305.00787401574803" HPOS="30.04724409448819">
            <String HEIGHT="11.622047244094489" WIDTH="47.90551181102362" VPOS="305.00787401574803" HPOS="24.661417322834644" CONTENT="thème" ID="tl_24_1" STYLEREFS="FONT0"/>
            <SP HEIGHT="11.622047244094489" WIDTH="5.3858267716535435" VPOS="305.00787401574803" HPOS="72.85039370078741"/>
            <String HEIGHT="11.622047244094489" WIDTH="32.031496062992126" VPOS="305.00787401574803" HPOS="56.69291338582677" CONTENT="et" ID="tl_24_2" STYLEREFS="FONT0"/>
            <SP HEIGHT="11.622047244094489" WIDTH="5.3858267716535435" VPOS="305.00787401574803" HPOS="88.7244094488189"/>
            <String HEIGHT="11.622047244094489" WIDTH="32.031496062992126" VPOS="305.00787401574803" HPOS="72.85039370078741" CONTENT="de" ID="tl_24_3" STYLEREFS="FONT0"/>
            <SP HEIGHT="11.622047244094489" WIDTH="5.3858267716535435" VPOS="305.00787401574803" HPOS="104.88188976377953"/>
            <String HEIGHT="11.622047244094489" WIDTH="32.031496062992126" VPOS="305.00787401574803" HPOS="88.7244094488189" CONTENT="la" ID="tl_24_4" STYLEREFS="FONT0"/>
            <SP HEIGHT="11.622047244094489" WIDTH="5.3858267716535435" VPOS="305.00787401574803" HPOS="120.75590551181102"/>
            <String HEIGHT="11.622047244094489" WIDTH="85.32283464566929" VPOS="305.00787401574803" HPOS="99.49606299212599" CONTENT="communication." ID="tl_24_5" STYLEREFS="FONT0"/>
          </TextLine>
        </TextBlock>
        <TextBlock ID="r_1_4" HEIGHT="66.61417322834646" WIDTH="240.3779527559055" VPOS="318.61417322834643" HPOS="32.31496062992126">
          <TextLine ID="tl_25" BASELINE="1166" HEIGHT="13.88976377952756" WIDTH="229.3228346456693" VPOS="316.62992125984255" HPOS="43.93700787401575">
            <String HEIGHT="13.88976377952756" WIDTH="31.46456692913386" VPOS="316.62992125984255" HPOS="39.40157480314961" CONTENT="Bin" ID="tl_25_1" STYLEREFS="FONT0"/>
            <SP HEIGHT="13.88976377952756" WIDTH="4.535433070866142" VPOS="316.62992125984255" HPOS="70.86614173228347"/>
            <String HEIGHT="13.88976377952756" WIDTH="45.07086614173228" VPOS="316.62992125984255" HPOS="57.54330708661417" CONTENT="Kondo," ID="tl_25_2" STYLEREFS="FONT0"/>
            <SP HEIGHT="13.88976377952756" WIDTH="4.535433070866142" VPOS="316.62992125984255" HPOS="102.33070866141732"/>
            <String HEIGHT="13.88976377952756" WIDTH="26.929133858267715" VPOS="316.62992125984255" HPOS="89.00787401574803" CONTENT="né" ID="tl_25_3" STYLEREFS="FONT0"/>
            <SP HEIGHT="13.88976377952756" WIDTH="4.535433070866142" VPOS="316.62992125984255" HPOS="115.93700787401575"/>
            <String HEIGHT="13.88976377952756" WIDTH="26.929133858267715" VPOS="316.62992125984255" HPOS="102.33070866141732" CONTENT="en" ID="tl_25_4" STYLEREFS="FONT0"/>
            <SP HEIGHT="13.88976377952756" WIDTH="4.535433070866142" VPOS="316.62992125984255" HPOS="129.25984251968504"/>
            <String HEIGHT="13.88976377952756" WIDTH="40.53543307086614" VPOS="316.62992125984255" HPOS="115.93700787401575" CONTENT="Chine" ID="tl_25_5" STYLEREFS="FONT0"/>
            <SP HEIGHT="13.88976377952756" WIDTH="4.535433070866142" VPOS="316.62992125984255" HPOS="156.4724409448819"/>
            <String HEIGHT="13.88976377952756" WIDTH="26.929133858267715" VPOS="316.62992125984255" HPOS="142.86614173228347" CONTENT="et" ID="tl_25_6" STYLEREFS="FONT0"/>
            <SP HEIGHT="13.88976377952756" WIDTH="4.535433070866142" VPOS="316.62992125984255" HPOS="169.79527559055117"/>
            <String HEIGHT="13.88976377952756" WIDTH="53.85826771653543" VPOS="316.62992125984255" HPOS="156.4724409448819" CONTENT="installé" ID="tl_25_7" STYLEREFS="FONT0"/>
            <SP HEIGHT="13.88976377952756" WIDTH="4.535433070866142" VPOS="316.62992125984255" HPOS="210.33070866141733"/>
            <String HEIGHT="13.88976377952756" WIDTH="22.393700787401574" VPOS="316.62992125984255" HPOS="196.7244094488189" CONTENT="à" ID="tl_25_8" STYLEREFS="FONT0"/>
            <SP HEIGHT="13.88976377952756" WIDTH="4.535433070866142" VPOS="316.62992125984255" HPOS="219.4015748031496"/>
            <String HEIGHT="13.88976377952756" WIDTH="31.46456692913386" VPOS="316.62992125984255" HPOS="205.79527559055117" CONTENT="Sao" ID="tl_25_9" STYLEREFS="FONT0"/>
            <SP HEIGHT="13.88976377952756" WIDTH="4.535433070866142" VPOS="316.62992125984255" HPOS="237.25984251968504"/>
            <String HEIGHT="13.88976377952756" WIDTH="45.07086614173228" VPOS="316.62992125984255" HPOS="223.93700787401573" CONTENT="Paulo," ID="tl_25_10" STYLEREFS="FONT0"/>
            <SP HEIGHT="13.88976377952756" WIDTH="4.535433070866142" VPOS="316.62992125984255" HPOS="268.7244094488189"/>
            <String HEIGHT="13.88976377952756" WIDTH="22.393700787401574" VPOS="316.62992125984255" HPOS="250.86614173228347" CONTENT="de" SUBS_TYPE="HypPart1" SUBS_CONTENT="demine" ID="tl_25_11" STYLEREFS="FONT0"/>
            <HYP CONTENT="-"/>
          </TextLine>
          <TextLine ID="tl_26" BASELINE="1209" HEIGHT="14.173228346456693" WIDTH="242.36220472440945" VPOS="328.53543307086613" HPOS="31.181102362204726">
            <String HEIGHT="14.173228346456693" WIDTH="34.58267716535433" VPOS="328.53543307086613" HPOS="26.929133858267715" CONTENT="mine" SUBS_TYPE="HypPart2" SUBS_CONTENT="demine" ID="tl_26_1" STYLEREFS="FONT0"/>
            <SP HEIGHT="14.173228346456693" WIDTH="4.251968503937008" VPOS="328.53543307086613" HPOS="61.511811023622045"/>
            <String HEIGHT="14.173228346456693" WIDTH="26.078740157480315" VPOS="328.53543307086613" HPOS="48.47244094488189" CONTENT="le" ID="tl_26_2" STYLEREFS="FONT0"/>
            <SP HEIGHT="14.173228346456693" WIDTH="4.251968503937008" VPOS="328.53543307086613" HPOS="74.55118110236221"/>
            <String HEIGHT="14.173228346456693" WIDTH="51.874015748031496" VPOS="328.53543307086613" HPOS="61.511811023622045" CONTENT="problème" ID="tl_26_3" STYLEREFS="FONT0"/>
            <SP HEIGHT="14.173228346456693" WIDTH="4.251968503937008" VPOS="328.53543307086613" HPOS="113.38582677165354"/>
            <String HEIGHT="14.173228346456693" WIDTH="56.125984251968504" VPOS="328.53543307086613" HPOS="100.34645669291339" CONTENT="artisanal" ID="tl_26_4" STYLEREFS="FONT0"/>
            <SP HEIGHT="14.173228346456693" WIDTH="4.251968503937008" VPOS="328.53543307086613" HPOS="156.75590551181102"/>
            <String HEIGHT="14.173228346456693" WIDTH="26.078740157480315" VPOS="328.53543307086613" HPOS="143.71653543307087" CONTENT="de" ID="tl_26_5" STYLEREFS="FONT0"/>
            <SP HEIGHT="14.173228346456693" WIDTH="4.251968503937008" VPOS="328.53543307086613" HPOS="169.79527559055117"/>
            <String HEIGHT="14.173228346456693" WIDTH="26.078740157480315" VPOS="328.53543307086613" HPOS="156.75590551181102" CONTENT="la" ID="tl_26_6" STYLEREFS="FONT0"/>
            <SP HEIGHT="14.173228346456693" WIDTH="4.251968503937008" VPOS="328.53543307086613" HPOS="182.5511811023622"/>
            <String HEIGHT="14.173228346456693" WIDTH="56.125984251968504" VPOS="328.53543307086613" HPOS="169.79527559055117" CONTENT="peinture." ID="tl_26_7" STYLEREFS="FONT0"/>
            <SP HEIGHT="14.173228346456693" WIDTH="4.251968503937008" VPOS="328.53543307086613" HPOS="225.92125984251967"/>
            <String HEIGHT="14.173228346456693" WIDTH="26.078740157480315" VPOS="328.53543307086613" HPOS="212.88188976377953" CONTENT="Il" ID="tl_26_8" STYLEREFS="FONT0"/>
            <SP HEIGHT="14.173228346456693" WIDTH="4.251968503937008" VPOS="328.53543307086613" HPOS="238.96062992125985"/>
            <String HEIGHT="14.173228346456693" WIDTH="34.58267716535433" VPOS="328.53543307086613" HPOS="225.92125984251967" CONTENT="fait" ID="tl_26_9" STYLEREFS="FONT0"/>
            <SP HEIGHT="14.173228346456693" WIDTH="4.251968503937008" VPOS="328.53543307086613" HPOS="260.503937007874"/>
            <String HEIGHT="14.173228346456693" WIDTH="30.330708661417322" VPOS="328.53543307086613" HPOS="243.21259842519686" CONTENT="parie" ID="tl_26_10" STYLEREFS="FONT0"/>
          </TextLine>
          <TextLine ID="tl_27" BASELINE="1242" HEIGHT="13.32283464566929" WIDTH="242.64566929133858" VPOS="338.74015748031496" HPOS="30.89763779527559">
            <String HEIGHT="13.32283464566929" WIDTH="26.929133858267715" VPOS="338.74015748031496" HPOS="26.362204724409448" CONTENT="du" ID="tl_27_1" STYLEREFS="FONT0"/>
            <SP HEIGHT="13.32283464566929" WIDTH="4.535433070866142" VPOS="338.74015748031496" HPOS="53.29133858267716"/>
            <String HEIGHT="13.32283464566929" WIDTH="45.07086614173228" VPOS="338.74015748031496" HPOS="39.968503937007874" CONTENT="groupe" ID="tl_27_2" STYLEREFS="FONT0"/>
            <SP HEIGHT="13.32283464566929" WIDTH="4.535433070866142" VPOS="338.74015748031496" HPOS="84.75590551181102"/>
            <String HEIGHT="13.32283464566929" WIDTH="22.393700787401574" VPOS="338.74015748031496" HPOS="71.43307086614173" CONTENT="7" ID="tl_27_3" STYLEREFS="FONT0"/>
            <SP HEIGHT="13.32283464566929" WIDTH="4.535433070866142" VPOS="338.74015748031496" HPOS="93.8267716535433"/>
            <String HEIGHT="13.32283464566929" WIDTH="45.07086614173228" VPOS="338.74015748031496" HPOS="80.22047244094489" CONTENT="Phases" ID="tl_27_4" STYLEREFS="FONT0"/>
            <SP HEIGHT="13.32283464566929" WIDTH="4.535433070866142" VPOS="338.74015748031496" HPOS="125.29133858267717"/>
            <String HEIGHT="13.32283464566929" WIDTH="22.393700787401574" VPOS="338.74015748031496" HPOS="111.68503937007874" CONTENT="," ID="tl_27_5" STYLEREFS="FONT0"/>
            <SP HEIGHT="13.32283464566929" WIDTH="4.535433070866142" VPOS="338.74015748031496" HPOS="134.36220472440945"/>
            <String HEIGHT="13.32283464566929" WIDTH="26.929133858267715" VPOS="338.74015748031496" HPOS="120.75590551181102" CONTENT="au" ID="tl_27_6" STYLEREFS="FONT0"/>
            <SP HEIGHT="13.32283464566929" WIDTH="4.535433070866142" VPOS="338.74015748031496" HPOS="147.68503937007873"/>
            <String HEIGHT="13.32283464566929" WIDTH="49.32283464566929" VPOS="338.74015748031496" HPOS="134.36220472440945" CONTENT="Brésil." ID="tl_27_7" STYLEREFS="FONT0"/>
            <SP HEIGHT="13.32283464566929" WIDTH="4.535433070866142" VPOS="338.74015748031496" HPOS="183.68503937007873"/>
            <String HEIGHT="13.32283464566929" WIDTH="26.929133858267715" VPOS="338.74015748031496" HPOS="170.07874015748033" CONTENT="Il" ID="tl_27_8" STYLEREFS="FONT0"/>
            <SP HEIGHT="13.32283464566929" WIDTH="4.535433070866142" VPOS="338.74015748031496" HPOS="197.29133858267716"/>
            <String HEIGHT="13.32283464566929" WIDTH="26.929133858267715" VPOS="338.74015748031496" HPOS="183.68503937007873" CONTENT="se" ID="tl_27_9" STYLEREFS="FONT0"/>
            <SP HEIGHT="13.32283464566929" WIDTH="4.535433070866142" VPOS="338.74015748031496" HPOS="210.61417322834646"/>
            <String HEIGHT="13.32283464566929" WIDTH="49.32283464566929" VPOS="338.74015748031496" HPOS="197.29133858267716" CONTENT="signale" ID="tl_27_10" STYLEREFS="FONT0"/>
            <SP HEIGHT="13.32283464566929" WIDTH="4.535433070866142" VPOS="338.74015748031496" HPOS="246.61417322834646"/>
            <String HEIGHT="13.32283464566929" WIDTH="31.46456692913386" VPOS="338.74015748031496" HPOS="233.00787401574803" CONTENT="par" ID="tl_27_11" STYLEREFS="FONT0"/>
            <SP HEIGHT="13.32283464566929" WIDTH="4.535433070866142" VPOS="338.74015748031496" HPOS="264.4724409448819"/>
            <String HEIGHT="13.32283464566929" WIDTH="26.929133858267715" VPOS="338.74015748031496" HPOS="246.61417322834646" CONTENT="dri." ID="tl_27_12" STYLEREFS="FONT0"/>
          </TextLine>
          <TextLine ID="tl_28" BASELINE="1284" HEIGHT="12.472440944881889" WIDTH="242.64566929133858" VPOS="351.496062992126" HPOS="30.89763779527559">
            <String HEIGHT="12.472440944881889" WIDTH="41.95275590551181" VPOS="351.496062992126" HPOS="26.362204724409448" CONTENT="style" ID="tl_28_1" STYLEREFS="FONT0"/>
            <SP HEIGHT="12.472440944881889" WIDTH="4.535433070866142" VPOS="351.496062992126" HPOS="68.31496062992126"/>
            <String HEIGHT="12.472440944881889" WIDTH="60.661417322834644" VPOS="351.496062992126" HPOS="54.14173228346457" CONTENT="personnel" ID="tl_28_2" STYLEREFS="FONT0"/>
            <SP HEIGHT="12.472440944881889" WIDTH="4.535433070866142" VPOS="351.496062992126" HPOS="114.80314960629921"/>
            <String HEIGHT="12.472440944881889" WIDTH="28.062992125984252" VPOS="351.496062992126" HPOS="100.91338582677166" CONTENT="au" ID="tl_28_3" STYLEREFS="FONT0"/>
            <SP HEIGHT="12.472440944881889" WIDTH="4.535433070866142" VPOS="351.496062992126" HPOS="128.9763779527559"/>
            <String HEIGHT="12.472440944881889" WIDTH="60.661417322834644" VPOS="351.496062992126" HPOS="114.80314960629921" CONTENT="caractère" ID="tl_28_4" STYLEREFS="FONT0"/>
            <SP HEIGHT="12.472440944881889" WIDTH="4.535433070866142" VPOS="351.496062992126" HPOS="175.46456692913387"/>
            <String HEIGHT="12.472440944881889" WIDTH="60.661417322834644" VPOS="351.496062992126" HPOS="161.5748031496063" CONTENT="inventif," ID="tl_28_5" STYLEREFS="FONT0"/>
            <SP HEIGHT="12.472440944881889" WIDTH="4.535433070866142" VPOS="351.496062992126" HPOS="222.23622047244095"/>
            <String HEIGHT="12.472440944881889" WIDTH="32.59842519685039" VPOS="351.496062992126" HPOS="208.3464566929134" CONTENT="aux" ID="tl_28_6" STYLEREFS="FONT0"/>
            <SP HEIGHT="12.472440944881889" WIDTH="4.535433070866142" VPOS="351.496062992126" HPOS="240.9448818897638"/>
            <String HEIGHT="12.472440944881889" WIDTH="51.30708661417323" VPOS="351.496062992126" HPOS="222.23622047244095" CONTENT="solutiors" ID="tl_28_7" STYLEREFS="FONT0"/>
          </TextLine>
          <TextLine ID="tl_29" BASELINE="1316" HEIGHT="12.472440944881889" WIDTH="242.36220472440945" VPOS="360.56692913385825" HPOS="31.46456692913386">
            <String HEIGHT="12.472440944881889" WIDTH="77.66929133858268" VPOS="360.56692913385825" HPOS="26.64566929133858" CONTENT="chromatiques" ID="tl_29_1" STYLEREFS="FONT0"/>
            <SP HEIGHT="12.472440944881889" WIDTH="4.818897637795276" VPOS="360.56692913385825" HPOS="104.03149606299213"/>
            <String HEIGHT="12.472440944881889" WIDTH="48.47244094488189" VPOS="360.56692913385825" HPOS="89.5748031496063" CONTENT="graves" ID="tl_29_2" STYLEREFS="FONT0"/>
            <SP HEIGHT="12.472440944881889" WIDTH="4.818897637795276" VPOS="360.56692913385825" HPOS="138.04724409448818"/>
            <String HEIGHT="12.472440944881889" WIDTH="29.19685039370079" VPOS="360.56692913385825" HPOS="123.59055118110236" CONTENT="et" ID="tl_29_3" STYLEREFS="FONT0"/>
            <SP HEIGHT="12.472440944881889" WIDTH="4.818897637795276" VPOS="360.56692913385825" HPOS="152.78740157480314"/>
            <String HEIGHT="12.472440944881889" WIDTH="38.83464566929134" VPOS="360.56692913385825" HPOS="138.04724409448818" CONTENT="avec" ID="tl_29_4" STYLEREFS="FONT0"/>
            <SP HEIGHT="12.472440944881889" WIDTH="4.818897637795276" VPOS="360.56692913385825" HPOS="176.88188976377953"/>
            <String HEIGHT="12.472440944881889" WIDTH="34.01574803149607" VPOS="360.56692913385825" HPOS="162.4251968503937" CONTENT="une" ID="tl_29_5" STYLEREFS="FONT0"/>
            <SP HEIGHT="12.472440944881889" WIDTH="4.818897637795276" VPOS="360.56692913385825" HPOS="196.15748031496062"/>
            <String HEIGHT="12.472440944881889" WIDTH="38.83464566929134" VPOS="360.56692913385825" HPOS="181.70078740157481" CONTENT="idée" ID="tl_29_6" STYLEREFS="FONT0"/>
            <SP HEIGHT="12.472440944881889" WIDTH="4.818897637795276" VPOS="360.56692913385825" HPOS="220.53543307086613"/>
            <String HEIGHT="12.472440944881889" WIDTH="43.653543307086615" VPOS="360.56692913385825" HPOS="206.07874015748033" CONTENT="nette" ID="tl_29_7" STYLEREFS="FONT0"/>
            <SP HEIGHT="12.472440944881889" WIDTH="4.818897637795276" VPOS="360.56692913385825" HPOS="249.73228346456693"/>
            <String HEIGHT="12.472440944881889" WIDTH="29.19685039370079" VPOS="360.56692913385825" HPOS="234.99212598425197" CONTENT="de" ID="tl_29_8" STYLEREFS="FONT0"/>
            <SP HEIGHT="12.472440944881889" WIDTH="4.818897637795276" VPOS="360.56692913385825" HPOS="264.18897637795277"/>
            <String HEIGHT="12.472440944881889" WIDTH="29.19685039370079" VPOS="360.56692913385825" HPOS="244.62992125984252" CONTENT="nous" ID="tl_29_9" STYLEREFS="FONT0"/>
          </TextLine>
          <TextLine ID="tl_30" BASELINE="1364" HEIGHT="14.173228346456693" WIDTH="78.80314960629921" VPOS="372.4724409448819" HPOS="31.181102362204726">
            <String HEIGHT="14.173228346456693" WIDTH="41.669291338582674" VPOS="372.4724409448819" HPOS="26.64566929133858" CONTENT="velle" ID="tl_30_1" STYLEREFS="FONT0"/>
            <SP HEIGHT="14.173228346456693" WIDTH="4.535433070866142" VPOS="372.4724409448819" HPOS="68.31496062992126"/>
            <String HEIGHT="14.173228346456693" WIDTH="60.37795275590551" VPOS="372.4724409448819" HPOS="49.60629921259842" CONTENT="figuration." ID="tl_30_2" STYLEREFS="FONT0"/>
          </TextLine>
        </TextBlock>
        <TextBlock ID="r_1_5" HEIGHT="119.62204724409449" WIDTH="240.09448818897638" VPOS="385.2283464566929" HPOS="34.01574803149607">
          <TextLine ID="tl_31" BASELINE="1408" HEIGHT="15.590551181102363" WIDTH="228.75590551181102" VPOS="383.5275590551181" HPOS="44.78740157480315">
            <String HEIGHT="15.590551181102363" WIDTH="69.16535433070867" VPOS="383.5275590551181" HPOS="39.40157480314961" CONTENT="Tomoshige" ID="tl_31_1" STYLEREFS="FONT0"/>
            <SP HEIGHT="15.590551181102363" WIDTH="5.3858267716535435" VPOS="383.5275590551181" HPOS="108.56692913385827"/>
            <String HEIGHT="15.590551181102363" WIDTH="58.39370078740158" VPOS="383.5275590551181" HPOS="92.69291338582677" CONTENT="Kusuno," ID="tl_31_2" STYLEREFS="FONT0"/>
            <SP HEIGHT="15.590551181102363" WIDTH="5.3858267716535435" VPOS="383.5275590551181" HPOS="151.08661417322836"/>
            <String HEIGHT="15.590551181102363" WIDTH="69.16535433070867" VPOS="383.5275590551181" HPOS="135.21259842519686" CONTENT="d’origine" ID="tl_31_3" STYLEREFS="FONT0"/>
            <SP HEIGHT="15.590551181102363" WIDTH="5.3858267716535435" VPOS="383.5275590551181" HPOS="204.3779527559055"/>
            <String HEIGHT="15.590551181102363" WIDTH="74.55118110236221" VPOS="383.5275590551181" HPOS="188.50393700787401" CONTENT="japonaise," ID="tl_31_4" STYLEREFS="FONT0"/>
            <SP HEIGHT="15.590551181102363" WIDTH="5.3858267716535435" VPOS="383.5275590551181" HPOS="262.7716535433071"/>
            <String HEIGHT="15.590551181102363" WIDTH="32.031496062992126" VPOS="383.5275590551181" HPOS="241.51181102362204" CONTENT="vi" ID="tl_31_5" STYLEREFS="FONT0"/>
          </TextLine>
          <TextLine ID="tl_32" BASELINE="1447" HEIGHT="15.874015748031496" WIDTH="241.22834645669292" VPOS="394.2992125984252" HPOS="32.881889763779526">
            <String HEIGHT="15.874015748031496" WIDTH="31.748031496062993" VPOS="394.2992125984252" HPOS="28.346456692913385" CONTENT="Sao" ID="tl_32_1" STYLEREFS="FONT0"/>
            <SP HEIGHT="15.874015748031496" WIDTH="4.535433070866142" VPOS="394.2992125984252" HPOS="60.09448818897638"/>
            <String HEIGHT="15.874015748031496" WIDTH="45.63779527559055" VPOS="394.2992125984252" HPOS="46.488188976377955" CONTENT="Paulo." ID="tl_32_2" STYLEREFS="FONT0"/>
            <SP HEIGHT="15.874015748031496" WIDTH="4.535433070866142" VPOS="394.2992125984252" HPOS="92.1259842519685"/>
            <String HEIGHT="15.874015748031496" WIDTH="27.212598425196852" VPOS="394.2992125984252" HPOS="78.51968503937007" CONTENT="Il" ID="tl_32_3" STYLEREFS="FONT0"/>
            <SP HEIGHT="15.874015748031496" WIDTH="4.535433070866142" VPOS="394.2992125984252" HPOS="105.73228346456693"/>
            <String HEIGHT="15.874015748031496" WIDTH="31.748031496062993" VPOS="394.2992125984252" HPOS="92.1259842519685" CONTENT="est" ID="tl_32_4" STYLEREFS="FONT0"/>
            <SP HEIGHT="15.874015748031496" WIDTH="4.535433070866142" VPOS="394.2992125984252" HPOS="123.8740157480315"/>
            <String HEIGHT="15.874015748031496" WIDTH="54.70866141732284" VPOS="394.2992125984252" HPOS="110.26771653543307" CONTENT="l’auteur" ID="tl_32_5" STYLEREFS="FONT0"/>
            <SP HEIGHT="15.874015748031496" WIDTH="4.535433070866142" VPOS="394.2992125984252" HPOS="164.9763779527559"/>
            <String HEIGHT="15.874015748031496" WIDTH="36.28346456692913" VPOS="394.2992125984252" HPOS="151.08661417322836" CONTENT="d’un" ID="tl_32_6" STYLEREFS="FONT0"/>
            <SP HEIGHT="15.874015748031496" WIDTH="4.535433070866142" VPOS="394.2992125984252" HPOS="187.6535433070866"/>
            <String HEIGHT="15.874015748031496" WIDTH="45.63779527559055" VPOS="394.2992125984252" HPOS="174.04724409448818" CONTENT="dessin" ID="tl_32_7" STYLEREFS="FONT0"/>
            <SP HEIGHT="15.874015748031496" WIDTH="4.535433070866142" VPOS="394.2992125984252" HPOS="219.4015748031496"/>
            <String HEIGHT="15.874015748031496" WIDTH="27.212598425196852" VPOS="394.2992125984252" HPOS="205.79527559055117" CONTENT="et" ID="tl_32_8" STYLEREFS="FONT0"/>
            <SP HEIGHT="15.874015748031496" WIDTH="4.535433070866142" VPOS="394.2992125984252" HPOS="233.00787401574803"/>
            <String HEIGHT="15.874015748031496" WIDTH="41.10236220472441" VPOS="394.2992125984252" HPOS="219.4015748031496" CONTENT="d’une" ID="tl_32_9" STYLEREFS="FONT0"/>
            <SP HEIGHT="15.874015748031496" WIDTH="4.535433070866142" VPOS="394.2992125984252" HPOS="260.503937007874"/>
            <String HEIGHT="15.874015748031496" WIDTH="31.748031496062993" VPOS="394.2992125984252" HPOS="242.36220472440945" CONTENT="peire" ID="tl_32_10" STYLEREFS="FONT0"/>
          </TextLine>
          <TextLine ID="tl_33" BASELINE="1478" HEIGHT="11.338582677165354" WIDTH="241.22834645669292" VPOS="407.62204724409446" HPOS="32.881889763779526">
            <String HEIGHT="11.338582677165354" WIDTH="35.71653543307087" VPOS="407.62204724409446" HPOS="28.346456692913385" CONTENT="ture" ID="tl_33_1" STYLEREFS="FONT0"/>
            <SP HEIGHT="11.338582677165354" WIDTH="4.535433070866142" VPOS="407.62204724409446" HPOS="64.06299212598425"/>
            <String HEIGHT="11.338582677165354" WIDTH="31.181102362204726" VPOS="407.62204724409446" HPOS="50.74015748031496" CONTENT="qui" ID="tl_33_2" STYLEREFS="FONT0"/>
            <SP HEIGHT="11.338582677165354" WIDTH="4.535433070866142" VPOS="407.62204724409446" HPOS="81.92125984251969"/>
            <String HEIGHT="11.338582677165354" WIDTH="31.181102362204726" VPOS="407.62204724409446" HPOS="68.5984251968504" CONTENT="ont" ID="tl_33_3" STYLEREFS="FONT0"/>
            <SP HEIGHT="11.338582677165354" WIDTH="4.535433070866142" VPOS="407.62204724409446" HPOS="99.77952755905511"/>
            <String HEIGHT="11.338582677165354" WIDTH="31.181102362204726" VPOS="407.62204724409446" HPOS="86.45669291338582" CONTENT="été" ID="tl_33_4" STYLEREFS="FONT0"/>
            <SP HEIGHT="11.338582677165354" WIDTH="4.535433070866142" VPOS="407.62204724409446" HPOS="117.63779527559055"/>
            <String HEIGHT="11.338582677165354" WIDTH="53.574803149606296" VPOS="407.62204724409446" HPOS="104.31496062992126" CONTENT="analysés" ID="tl_33_5" STYLEREFS="FONT0"/>
            <SP HEIGHT="11.338582677165354" WIDTH="4.535433070866142" VPOS="407.62204724409446" HPOS="157.88976377952756"/>
            <String HEIGHT="11.338582677165354" WIDTH="31.181102362204726" VPOS="407.62204724409446" HPOS="144.56692913385828" CONTENT="par" ID="tl_33_6" STYLEREFS="FONT0"/>
            <SP HEIGHT="11.338582677165354" WIDTH="4.535433070866142" VPOS="407.62204724409446" HPOS="175.748031496063"/>
            <String HEIGHT="11.338582677165354" WIDTH="53.574803149606296" VPOS="407.62204724409446" HPOS="162.4251968503937" CONTENT="certains" ID="tl_33_7" STYLEREFS="FONT0"/>
            <SP HEIGHT="11.338582677165354" WIDTH="4.535433070866142" VPOS="407.62204724409446" HPOS="216.0"/>
            <String HEIGHT="11.338582677165354" WIDTH="58.110236220472444" VPOS="407.62204724409446" HPOS="202.6771653543307" CONTENT="critiques" ID="tl_33_8" STYLEREFS="FONT0"/>
            <SP HEIGHT="11.338582677165354" WIDTH="4.535433070866142" VPOS="407.62204724409446" HPOS="260.78740157480314"/>
            <String HEIGHT="11.338582677165354" WIDTH="31.181102362204726" VPOS="407.62204724409446" HPOS="242.9291338582677" CONTENT="comme" ID="tl_33_9" STYLEREFS="FONT0"/>
          </TextLine>
          <TextLine ID="tl_34" BASELINE="1520" HEIGHT="14.456692913385826" WIDTH="240.66141732283464" VPOS="416.40944881889766" HPOS="33.44881889763779">
            <String HEIGHT="14.456692913385826" WIDTH="28.346456692913385" VPOS="416.40944881889766" HPOS="28.62992125984252" CONTENT="un" ID="tl_34_1" STYLEREFS="FONT0"/>
            <SP HEIGHT="14.456692913385826" WIDTH="4.818897637795276" VPOS="416.40944881889766" HPOS="56.976377952755904"/>
            <String HEIGHT="14.456692913385826" WIDTH="61.22834645669291" VPOS="416.40944881889766" HPOS="42.803149606299215" CONTENT="vigoureux" ID="tl_34_2" STYLEREFS="FONT0"/>
            <SP HEIGHT="14.456692913385826" WIDTH="4.818897637795276" VPOS="416.40944881889766" HPOS="104.31496062992126"/>
            <String HEIGHT="14.456692913385826" WIDTH="51.874015748031496" VPOS="416.40944881889766" HPOS="90.14173228346456" CONTENT="exemple" ID="tl_34_3" STYLEREFS="FONT0"/>
            <SP HEIGHT="14.456692913385826" WIDTH="4.818897637795276" VPOS="416.40944881889766" HPOS="142.01574803149606"/>
            <String HEIGHT="14.456692913385826" WIDTH="108.56692913385827" VPOS="416.40944881889766" HPOS="127.84251968503936" CONTENT="d’occidentalisation" ID="tl_34_4" STYLEREFS="FONT0"/>
            <SP HEIGHT="14.456692913385826" WIDTH="4.818897637795276" VPOS="416.40944881889766" HPOS="236.40944881889763"/>
            <String HEIGHT="14.456692913385826" WIDTH="28.346456692913385" VPOS="416.40944881889766" HPOS="222.23622047244095" CONTENT="de" ID="tl_34_5" STYLEREFS="FONT0"/>
            <SP HEIGHT="14.456692913385826" WIDTH="4.818897637795276" VPOS="416.40944881889766" HPOS="250.58267716535434"/>
            <String HEIGHT="14.456692913385826" WIDTH="42.51968503937008" VPOS="416.40944881889766" HPOS="231.59055118110237" CONTENT="l’oners" ID="tl_34_6" STYLEREFS="FONT0"/>
          </TextLine>
          <TextLine ID="tl_35" BASELINE="1554" HEIGHT="13.32283464566929" WIDTH="241.79527559055117" VPOS="427.18110236220474" HPOS="32.59842519685039">
            <String HEIGHT="13.32283464566929" WIDTH="37.98425196850393" VPOS="427.18110236220474" HPOS="27.77952755905512" CONTENT="tal." ID="tl_35_1" STYLEREFS="FONT0"/>
            <SP HEIGHT="13.32283464566929" WIDTH="4.818897637795276" VPOS="427.18110236220474" HPOS="65.76377952755905"/>
            <String HEIGHT="13.32283464566929" WIDTH="42.803149606299215" VPOS="427.18110236220474" HPOS="51.59055118110236" CONTENT="C’est" ID="tl_35_2" STYLEREFS="FONT0"/>
            <SP HEIGHT="13.32283464566929" WIDTH="4.818897637795276" VPOS="427.18110236220474" HPOS="94.11023622047244"/>
            <String HEIGHT="13.32283464566929" WIDTH="56.976377952755904" VPOS="427.18110236220474" HPOS="79.93700787401575" CONTENT="l’opposé" ID="tl_35_3" STYLEREFS="FONT0"/>
            <SP HEIGHT="13.32283464566929" WIDTH="4.818897637795276" VPOS="427.18110236220474" HPOS="136.91338582677164"/>
            <String HEIGHT="13.32283464566929" WIDTH="28.346456692913385" VPOS="427.18110236220474" HPOS="122.74015748031496" CONTENT="de" ID="tl_35_4" STYLEREFS="FONT0"/>
            <SP HEIGHT="13.32283464566929" WIDTH="4.818897637795276" VPOS="427.18110236220474" HPOS="151.08661417322836"/>
            <String HEIGHT="13.32283464566929" WIDTH="28.346456692913385" VPOS="427.18110236220474" HPOS="136.91338582677164" CONTENT="ce" ID="tl_35_5" STYLEREFS="FONT0"/>
            <SP HEIGHT="13.32283464566929" WIDTH="4.818897637795276" VPOS="427.18110236220474" HPOS="165.25984251968504"/>
            <String HEIGHT="13.32283464566929" WIDTH="33.16535433070866" VPOS="427.18110236220474" HPOS="151.08661417322836" CONTENT="qui" ID="tl_35_6" STYLEREFS="FONT0"/>
            <SP HEIGHT="13.32283464566929" WIDTH="4.818897637795276" VPOS="427.18110236220474" HPOS="184.251968503937"/>
            <String HEIGHT="13.32283464566929" WIDTH="47.338582677165356" VPOS="427.18110236220474" HPOS="170.07874015748033" CONTENT="arrive" ID="tl_35_7" STYLEREFS="FONT0"/>
            <SP HEIGHT="13.32283464566929" WIDTH="4.818897637795276" VPOS="427.18110236220474" HPOS="217.41732283464566"/>
            <String HEIGHT="13.32283464566929" WIDTH="75.96850393700787" VPOS="427.18110236220474" HPOS="198.4251968503937" CONTENT="habituellemere" ID="tl_35_8" STYLEREFS="FONT0"/>
          </TextLine>
          <TextLine ID="tl_36" BASELINE="1596" HEIGHT="15.590551181102363" WIDTH="240.66141732283464" VPOS="436.81889763779526" HPOS="34.01574803149607">
            <String HEIGHT="15.590551181102363" WIDTH="61.22834645669291" VPOS="436.81889763779526" HPOS="29.19685039370079" CONTENT="Identifié" ID="tl_36_1" STYLEREFS="FONT0"/>
            <SP HEIGHT="15.590551181102363" WIDTH="4.818897637795276" VPOS="436.81889763779526" HPOS="90.70866141732283"/>
            <String HEIGHT="15.590551181102363" WIDTH="80.22047244094489" VPOS="436.81889763779526" HPOS="76.53543307086615" CONTENT="pratiquemment" ID="tl_36_2" STYLEREFS="FONT0"/>
            <SP HEIGHT="15.590551181102363" WIDTH="4.818897637795276" VPOS="436.81889763779526" HPOS="156.75590551181102"/>
            <String HEIGHT="15.590551181102363" WIDTH="37.7007874015748" VPOS="436.81889763779526" HPOS="142.58267716535434" CONTENT="avec" ID="tl_36_3" STYLEREFS="FONT0"/>
            <SP HEIGHT="15.590551181102363" WIDTH="4.818897637795276" VPOS="436.81889763779526" HPOS="180.28346456692913"/>
            <String HEIGHT="15.590551181102363" WIDTH="28.346456692913385" VPOS="436.81889763779526" HPOS="166.11023622047244" CONTENT="la" ID="tl_36_4" STYLEREFS="FONT0"/>
            <SP HEIGHT="15.590551181102363" WIDTH="4.818897637795276" VPOS="436.81889763779526" HPOS="194.45669291338584"/>
            <String HEIGHT="15.590551181102363" WIDTH="56.69291338582677" VPOS="436.81889763779526" HPOS="180.28346456692913" CONTENT="nouvelle" ID="tl_36_5" STYLEREFS="FONT0"/>
            <SP HEIGHT="15.590551181102363" WIDTH="4.818897637795276" VPOS="436.81889763779526" HPOS="236.9763779527559"/>
            <String HEIGHT="15.590551181102363" WIDTH="56.69291338582677" VPOS="436.81889763779526" HPOS="217.98425196850394" CONTENT="figurafior" ID="tl_36_6" STYLEREFS="FONT0"/>
          </TextLine>
          <TextLine ID="tl_37" BASELINE="1632" HEIGHT="13.606299212598426" WIDTH="240.3779527559055" VPOS="449.00787401574803" HPOS="34.01574803149607">
            <String HEIGHT="13.606299212598426" WIDTH="28.346456692913385" VPOS="449.00787401574803" HPOS="29.19685039370079" CONTENT="et" ID="tl_37_1" STYLEREFS="FONT0"/>
            <SP HEIGHT="13.606299212598426" WIDTH="4.818897637795276" VPOS="449.00787401574803" HPOS="57.54330708661417"/>
            <String HEIGHT="13.606299212598426" WIDTH="28.346456692913385" VPOS="449.00787401574803" HPOS="43.37007874015748" CONTENT="le" ID="tl_37_2" STYLEREFS="FONT0"/>
            <SP HEIGHT="13.606299212598426" WIDTH="4.818897637795276" VPOS="449.00787401574803" HPOS="71.71653543307086"/>
            <String HEIGHT="13.606299212598426" WIDTH="51.874015748031496" VPOS="449.00787401574803" HPOS="57.54330708661417" CONTENT="pop-art" ID="tl_37_3" STYLEREFS="FONT0"/>
            <SP HEIGHT="13.606299212598426" WIDTH="4.818897637795276" VPOS="449.00787401574803" HPOS="109.41732283464567"/>
            <String HEIGHT="13.606299212598426" WIDTH="42.51968503937008" VPOS="449.00787401574803" HPOS="95.24409448818898" CONTENT="qu’il" ID="tl_37_4" STYLEREFS="FONT0"/>
            <SP HEIGHT="13.606299212598426" WIDTH="4.818897637795276" VPOS="449.00787401574803" HPOS="137.76377952755905"/>
            <String HEIGHT="13.606299212598426" WIDTH="51.874015748031496" VPOS="449.00787401574803" HPOS="123.59055118110236" CONTENT="utilise" ID="tl_37_5" STYLEREFS="FONT0"/>
            <SP HEIGHT="13.606299212598426" WIDTH="4.818897637795276" VPOS="449.00787401574803" HPOS="175.46456692913387"/>
            <String HEIGHT="13.606299212598426" WIDTH="42.51968503937008" VPOS="449.00787401574803" HPOS="161.29133858267716" CONTENT="comme" ID="tl_37_6" STYLEREFS="FONT0"/>
            <SP HEIGHT="13.606299212598426" WIDTH="4.818897637795276" VPOS="449.00787401574803" HPOS="203.81102362204723"/>
            <String HEIGHT="13.606299212598426" WIDTH="28.346456692913385" VPOS="449.00787401574803" HPOS="189.63779527559055" CONTENT="un" ID="tl_37_7" STYLEREFS="FONT0"/>
            <SP HEIGHT="13.606299212598426" WIDTH="4.818897637795276" VPOS="449.00787401574803" HPOS="217.70078740157481"/>
            <String HEIGHT="13.606299212598426" WIDTH="51.874015748031496" VPOS="449.00787401574803" HPOS="203.81102362204723" CONTENT="langage" ID="tl_37_8" STYLEREFS="FONT0"/>
            <SP HEIGHT="13.606299212598426" WIDTH="4.818897637795276" VPOS="449.00787401574803" HPOS="255.4015748031496"/>
            <String HEIGHT="13.606299212598426" WIDTH="37.7007874015748" VPOS="449.00787401574803" HPOS="236.69291338582678" CONTENT="estré" SUBS_TYPE="HypPart1" SUBS_CONTENT="estrétique" ID="tl_37_9" STYLEREFS="FONT0"/>
            <HYP CONTENT="-"/>
          </TextLine>
          <TextLine ID="tl_38" BASELINE="1668" HEIGHT="11.905511811023622" WIDTH="240.66141732283464" VPOS="460.9133858267717" HPOS="33.732283464566926">
            <String HEIGHT="11.905511811023622" WIDTH="42.51968503937008" VPOS="460.9133858267717" HPOS="28.913385826771652" CONTENT="tique" SUBS_TYPE="HypPart2" SUBS_CONTENT="estrétique" ID="tl_38_1" STYLEREFS="FONT0"/>
            <SP HEIGHT="11.905511811023622" WIDTH="4.818897637795276" VPOS="460.9133858267717" HPOS="71.43307086614173"/>
            <String HEIGHT="11.905511811023622" WIDTH="56.69291338582677" VPOS="460.9133858267717" HPOS="57.25984251968504" CONTENT="conforme" ID="tl_38_2" STYLEREFS="FONT0"/>
            <SP HEIGHT="11.905511811023622" WIDTH="4.818897637795276" VPOS="460.9133858267717" HPOS="113.95275590551181"/>
            <String HEIGHT="11.905511811023622" WIDTH="23.52755905511811" VPOS="460.9133858267717" HPOS="99.77952755905511" CONTENT="à" ID="tl_38_3" STYLEREFS="FONT0"/>
            <SP HEIGHT="11.905511811023622" WIDTH="4.818897637795276" VPOS="460.9133858267717" HPOS="123.30708661417323"/>
            <String HEIGHT="11.905511811023622" WIDTH="33.16535433070866" VPOS="460.9133858267717" HPOS="109.13385826771653" CONTENT="son" ID="tl_38_4" STYLEREFS="FONT0"/>
            <SP HEIGHT="11.905511811023622" WIDTH="4.818897637795276" VPOS="460.9133858267717" HPOS="142.29921259842519"/>
            <String HEIGHT="11.905511811023622" WIDTH="51.874015748031496" VPOS="460.9133858267717" HPOS="128.1259842519685" CONTENT="message" ID="tl_38_5" STYLEREFS="FONT0"/>
            <SP HEIGHT="11.905511811023622" WIDTH="4.818897637795276" VPOS="460.9133858267717" HPOS="180.0"/>
            <String HEIGHT="11.905511811023622" WIDTH="56.69291338582677" VPOS="460.9133858267717" HPOS="165.82677165354332" CONTENT="poétique" ID="tl_38_6" STYLEREFS="FONT0"/>
            <SP HEIGHT="11.905511811023622" WIDTH="4.818897637795276" VPOS="460.9133858267717" HPOS="222.51968503937007"/>
            <String HEIGHT="11.905511811023622" WIDTH="28.346456692913385" VPOS="460.9133858267717" HPOS="208.3464566929134" CONTENT="et" ID="tl_38_7" STYLEREFS="FONT0"/>
            <SP HEIGHT="11.905511811023622" WIDTH="4.818897637795276" VPOS="460.9133858267717" HPOS="236.69291338582678"/>
            <String HEIGHT="11.905511811023622" WIDTH="56.69291338582677" VPOS="460.9133858267717" HPOS="217.70078740157481" CONTENT="satirique." ID="tl_38_8" STYLEREFS="FONT0"/>
          </TextLine>
          <TextLine ID="tl_39" BASELINE="1710" HEIGHT="14.740157480314961" WIDTH="240.09448818897638" VPOS="469.98425196850394" HPOS="34.86614173228347">
            <String HEIGHT="14.740157480314961" WIDTH="29.480314960629922" VPOS="469.98425196850394" HPOS="30.04724409448819" CONTENT="il" ID="tl_39_1" STYLEREFS="FONT0"/>
            <SP HEIGHT="14.740157480314961" WIDTH="4.818897637795276" VPOS="469.98425196850394" HPOS="59.24409448818898"/>
            <String HEIGHT="14.740157480314961" WIDTH="63.77952755905512" VPOS="469.98425196850394" HPOS="44.78740157480315" CONTENT="participe" ID="tl_39_2" STYLEREFS="FONT0"/>
            <SP HEIGHT="14.740157480314961" WIDTH="4.818897637795276" VPOS="469.98425196850394" HPOS="108.28346456692914"/>
            <String HEIGHT="14.740157480314961" WIDTH="39.118110236220474" VPOS="469.98425196850394" HPOS="93.54330708661418" CONTENT="avec" ID="tl_39_3" STYLEREFS="FONT0"/>
            <SP HEIGHT="14.740157480314961" WIDTH="4.818897637795276" VPOS="469.98425196850394" HPOS="132.9448818897638"/>
            <String HEIGHT="14.740157480314961" WIDTH="29.480314960629922" VPOS="469.98425196850394" HPOS="118.20472440944881" CONTENT="un" ID="tl_39_4" STYLEREFS="FONT0"/>
            <SP HEIGHT="14.740157480314961" WIDTH="4.818897637795276" VPOS="469.98425196850394" HPOS="147.68503937007873"/>
            <String HEIGHT="14.740157480314961" WIDTH="78.51968503937007" VPOS="469.98425196850394" HPOS="132.9448818897638" CONTENT="objet-dessin" ID="tl_39_5" STYLEREFS="FONT0"/>
            <SP HEIGHT="14.740157480314961" WIDTH="4.818897637795276" VPOS="469.98425196850394" HPOS="211.1811023622047"/>
            <String HEIGHT="14.740157480314961" WIDTH="44.22047244094488" VPOS="469.98425196850394" HPOS="196.44094488188978" CONTENT="(cube" ID="tl_39_6" STYLEREFS="FONT0"/>
            <SP HEIGHT="14.740157480314961" WIDTH="4.818897637795276" VPOS="469.98425196850394" HPOS="240.66141732283464"/>
            <String HEIGHT="14.740157480314961" WIDTH="49.039370078740156" VPOS="469.98425196850394" HPOS="225.92125984251967" CONTENT="ouvert" ID="tl_39_7" STYLEREFS="FONT0"/>
            <SP HEIGHT="14.740157480314961" WIDTH="4.818897637795276" VPOS="469.98425196850394" HPOS="274.96062992125985"/>
            <String HEIGHT="14.740157480314961" WIDTH="19.559055118110237" VPOS="469.98425196850394" HPOS="255.4015748031496" CONTENT="er" ID="tl_39_8" STYLEREFS="FONT0"/>
          </TextLine>
          <TextLine ID="tl_40" BASELINE="1748" HEIGHT="16.440944881889763" WIDTH="239.81102362204723" VPOS="479.0551181102362" HPOS="35.43307086614173">
            <String HEIGHT="16.440944881889763" WIDTH="36.28346456692913" VPOS="479.0551181102362" HPOS="30.89763779527559" CONTENT="neuf" ID="tl_40_1" STYLEREFS="FONT0"/>
            <SP HEIGHT="16.440944881889763" WIDTH="4.535433070866142" VPOS="479.0551181102362" HPOS="67.18110236220473"/>
            <String HEIGHT="16.440944881889763" WIDTH="58.960629921259844" VPOS="479.0551181102362" HPOS="53.574803149606296" CONTENT="feuilles)" ID="tl_40_2" STYLEREFS="FONT0"/>
            <SP HEIGHT="16.440944881889763" WIDTH="4.535433070866142" VPOS="479.0551181102362" HPOS="112.25196850393701"/>
            <String HEIGHT="16.440944881889763" WIDTH="31.748031496062993" VPOS="479.0551181102362" HPOS="98.64566929133858" CONTENT="qui" ID="tl_40_3" STYLEREFS="FONT0"/>
            <SP HEIGHT="16.440944881889763" WIDTH="4.535433070866142" VPOS="479.0551181102362" HPOS="130.39370078740157"/>
            <String HEIGHT="16.440944881889763" WIDTH="45.354330708661415" VPOS="479.0551181102362" HPOS="116.78740157480316" CONTENT="essaie" ID="tl_40_4" STYLEREFS="FONT0"/>
            <SP HEIGHT="16.440944881889763" WIDTH="4.535433070866142" VPOS="479.0551181102362" HPOS="162.14173228346456"/>
            <String HEIGHT="16.440944881889763" WIDTH="58.960629921259844" VPOS="479.0551181102362" HPOS="148.53543307086613" CONTENT="d’exposer" ID="tl_40_5" STYLEREFS="FONT0"/>
            <SP HEIGHT="16.440944881889763" WIDTH="4.535433070866142" VPOS="479.0551181102362" HPOS="207.49606299212599"/>
            <String HEIGHT="16.440944881889763" WIDTH="27.212598425196852" VPOS="479.0551181102362" HPOS="193.88976377952756" CONTENT="le" ID="tl_40_6" STYLEREFS="FONT0"/>
            <SP HEIGHT="16.440944881889763" WIDTH="4.535433070866142" VPOS="479.0551181102362" HPOS="220.8188976377953"/>
            <String HEIGHT="16.440944881889763" WIDTH="49.889763779527556" VPOS="479.0551181102362" HPOS="207.49606299212599" CONTENT="procédé" ID="tl_40_7" STYLEREFS="FONT0"/>
            <SP HEIGHT="16.440944881889763" WIDTH="4.535433070866142" VPOS="479.0551181102362" HPOS="257.1023622047244"/>
            <String HEIGHT="16.440944881889763" WIDTH="36.28346456692913" VPOS="479.0551181102362" HPOS="238.96062992125985" CONTENT="naratf" ID="tl_40_8" STYLEREFS="FONT0"/>
          </TextLine>
          <TextLine ID="tl_41" BASELINE="1779" HEIGHT="11.905511811023622" WIDTH="191.90551181102362" VPOS="492.37795275590554" HPOS="34.58267716535433">
            <String HEIGHT="11.905511811023622" WIDTH="28.062992125984252" VPOS="492.37795275590554" HPOS="29.763779527559056" CONTENT="du" ID="tl_41_1" STYLEREFS="FONT0"/>
            <SP HEIGHT="11.905511811023622" WIDTH="4.818897637795276" VPOS="492.37795275590554" HPOS="58.110236220472444"/>
            <String HEIGHT="11.905511811023622" WIDTH="46.77165354330709" VPOS="492.37795275590554" HPOS="43.93700787401575" CONTENT="dessin" ID="tl_41_2" STYLEREFS="FONT0"/>
            <SP HEIGHT="11.905511811023622" WIDTH="4.818897637795276" VPOS="492.37795275590554" HPOS="90.70866141732283"/>
            <String HEIGHT="11.905511811023622" WIDTH="28.062992125984252" VPOS="492.37795275590554" HPOS="76.81889763779527" CONTENT="de" ID="tl_41_3" STYLEREFS="FONT0"/>
            <SP HEIGHT="11.905511811023622" WIDTH="4.818897637795276" VPOS="492.37795275590554" HPOS="104.88188976377953"/>
            <String HEIGHT="11.905511811023622" WIDTH="28.062992125984252" VPOS="492.37795275590554" HPOS="90.70866141732283" CONTENT="la" ID="tl_41_4" STYLEREFS="FONT0"/>
            <SP HEIGHT="11.905511811023622" WIDTH="4.818897637795276" VPOS="492.37795275590554" HPOS="118.77165354330708"/>
            <String HEIGHT="11.905511811023622" WIDTH="74.83464566929133" VPOS="492.37795275590554" HPOS="104.88188976377953" CONTENT="civilisation" ID="tl_41_5" STYLEREFS="FONT0"/>
            <SP HEIGHT="11.905511811023622" WIDTH="4.818897637795276" VPOS="492.37795275590554" HPOS="179.71653543307087"/>
            <String HEIGHT="11.905511811023622" WIDTH="65.48031496062993" VPOS="492.37795275590554" HPOS="161.00787401574803" CONTENT="occidentale." ID="tl_41_6" STYLEREFS="FONT0"/>
          </TextLine>
        </TextBlock>
        <TextBlock ID="r_1_6" HEIGHT="90.4251968503937" WIDTH="237.82677165354332" VPOS="504.8503937007874" HPOS="36.56692913385827">
          <TextLine ID="tl_42" BASELINE="1835" HEIGHT="17.007874015748033" WIDTH="226.48818897637796" VPOS="503.1496062992126" HPOS="48.75590551181102">
            <String HEIGHT="17.007874015748033" WIDTH="59.24409448818898" VPOS="503.1496062992126" HPOS="43.37007874015748" CONTENT="Roberto" ID="tl_42_1" STYLEREFS="FONT0"/>
            <SP HEIGHT="17.007874015748033" WIDTH="5.3858267716535435" VPOS="503.1496062992126" HPOS="102.61417322834646"/>
            <String HEIGHT="17.007874015748033" WIDTH="75.4015748031496" VPOS="503.1496062992126" HPOS="86.45669291338582" CONTENT="Magalhaes," ID="tl_42_2" STYLEREFS="FONT0"/>
            <SP HEIGHT="17.007874015748033" WIDTH="5.3858267716535435" VPOS="503.1496062992126" HPOS="162.14173228346456"/>
            <String HEIGHT="17.007874015748033" WIDTH="48.47244094488189" VPOS="503.1496062992126" HPOS="145.70078740157481" CONTENT="jeune" ID="tl_42_3" STYLEREFS="FONT0"/>
            <SP HEIGHT="17.007874015748033" WIDTH="5.3858267716535435" VPOS="503.1496062992126" HPOS="194.45669291338584"/>
            <String HEIGHT="17.007874015748033" WIDTH="59.24409448818898" VPOS="503.1496062992126" HPOS="178.29921259842519" CONTENT="graveur" ID="tl_42_4" STYLEREFS="FONT0"/>
            <SP HEIGHT="17.007874015748033" WIDTH="5.3858267716535435" VPOS="503.1496062992126" HPOS="237.54330708661416"/>
            <String HEIGHT="17.007874015748033" WIDTH="32.31496062992126" VPOS="503.1496062992126" HPOS="221.38582677165354" CONTENT="de" ID="tl_42_5" STYLEREFS="FONT0"/>
            <SP HEIGHT="17.007874015748033" WIDTH="5.3858267716535435" VPOS="503.1496062992126" HPOS="253.70078740157481"/>
            <String HEIGHT="17.007874015748033" WIDTH="37.7007874015748" VPOS="503.1496062992126" HPOS="237.54330708661416" CONTENT="Rio" ID="tl_42_6" STYLEREFS="FONT0"/>
            <SP HEIGHT="17.007874015748033" WIDTH="5.3858267716535435" VPOS="503.1496062992126" HPOS="275.244094488189"/>
            <String HEIGHT="17.007874015748033" WIDTH="21.543307086614174" VPOS="503.1496062992126" HPOS="253.70078740157481" CONTENT="de" ID="tl_42_7" STYLEREFS="FONT0"/>
          </TextLine>
          <TextLine ID="tl_43" BASELINE="1867" HEIGHT="14.740157480314961" WIDTH="240.66141732283464" VPOS="514.488188976378" HPOS="35.1496062992126">
            <String HEIGHT="14.740157480314961" WIDTH="60.09448818897638" VPOS="514.488188976378" HPOS="30.04724409448819" CONTENT="Janeiro," ID="tl_43_1" STYLEREFS="FONT0"/>
            <SP HEIGHT="14.740157480314961" WIDTH="5.102362204724409" VPOS="514.488188976378" HPOS="90.4251968503937"/>
            <String HEIGHT="14.740157480314961" WIDTH="65.19685039370079" VPOS="514.488188976378" HPOS="75.4015748031496" CONTENT="s’exprime" ID="tl_43_2" STYLEREFS="FONT0"/>
            <SP HEIGHT="14.740157480314961" WIDTH="5.102362204724409" VPOS="514.488188976378" HPOS="140.31496062992127"/>
            <String HEIGHT="14.740157480314961" WIDTH="70.2992125984252" VPOS="514.488188976378" HPOS="125.29133858267717" CONTENT="uniquement" ID="tl_43_3" STYLEREFS="FONT0"/>
            <SP HEIGHT="14.740157480314961" WIDTH="5.102362204724409" VPOS="514.488188976378" HPOS="195.59055118110237"/>
            <String HEIGHT="14.740157480314961" WIDTH="35.1496062992126" VPOS="514.488188976378" HPOS="180.56692913385828" CONTENT="par" ID="tl_43_4" STYLEREFS="FONT0"/>
            <SP HEIGHT="14.740157480314961" WIDTH="5.102362204724409" VPOS="514.488188976378" HPOS="215.71653543307087"/>
            <String HEIGHT="14.740157480314961" WIDTH="30.04724409448819" VPOS="514.488188976378" HPOS="200.69291338582678" CONTENT="la" ID="tl_43_5" STYLEREFS="FONT0"/>
            <SP HEIGHT="14.740157480314961" WIDTH="5.102362204724409" VPOS="514.488188976378" HPOS="230.74015748031496"/>
            <String HEIGHT="14.740157480314961" WIDTH="55.275590551181104" VPOS="514.488188976378" HPOS="215.71653543307087" CONTENT="gravure" ID="tl_43_6" STYLEREFS="FONT0"/>
            <SP HEIGHT="14.740157480314961" WIDTH="5.102362204724409" VPOS="514.488188976378" HPOS="270.70866141732284"/>
            <String HEIGHT="14.740157480314961" WIDTH="24.944881889763778" VPOS="514.488188976378" HPOS="250.86614173228347" CONTENT="ser" ID="tl_43_7" STYLEREFS="FONT0"/>
          </TextLine>
          <TextLine ID="tl_44" BASELINE="1912" HEIGHT="17.858267716535433" WIDTH="239.5275590551181" VPOS="524.1259842519685" HPOS="36.0">
            <String HEIGHT="17.858267716535433" WIDTH="40.53543307086614" VPOS="524.1259842519685" HPOS="31.46456692913386" CONTENT="bois." ID="tl_44_1" STYLEREFS="FONT0"/>
            <SP HEIGHT="17.858267716535433" WIDTH="4.535433070866142" VPOS="524.1259842519685" HPOS="72.28346456692914"/>
            <String HEIGHT="17.858267716535433" WIDTH="31.748031496062993" VPOS="524.1259842519685" HPOS="58.67716535433071" CONTENT="Son" ID="tl_44_2" STYLEREFS="FONT0"/>
            <SP HEIGHT="17.858267716535433" WIDTH="4.535433070866142" VPOS="524.1259842519685" HPOS="90.14173228346456"/>
            <String HEIGHT="17.858267716535433" WIDTH="49.60629921259842" VPOS="524.1259842519685" HPOS="76.53543307086615" CONTENT="message" ID="tl_44_3" STYLEREFS="FONT0"/>
            <SP HEIGHT="17.858267716535433" WIDTH="4.535433070866142" VPOS="524.1259842519685" HPOS="126.4251968503937"/>
            <String HEIGHT="17.858267716535433" WIDTH="27.212598425196852" VPOS="524.1259842519685" HPOS="112.81889763779527" CONTENT="se" ID="tl_44_4" STYLEREFS="FONT0"/>
            <SP HEIGHT="17.858267716535433" WIDTH="4.535433070866142" VPOS="524.1259842519685" HPOS="140.03149606299212"/>
            <String HEIGHT="17.858267716535433" WIDTH="40.53543307086614" VPOS="524.1259842519685" HPOS="126.4251968503937" CONTENT="situe" ID="tl_44_5" STYLEREFS="FONT0"/>
            <SP HEIGHT="17.858267716535433" WIDTH="4.535433070866142" VPOS="524.1259842519685" HPOS="166.96062992125985"/>
            <String HEIGHT="17.858267716535433" WIDTH="40.53543307086614" VPOS="524.1259842519685" HPOS="153.63779527559055" CONTENT="entre" ID="tl_44_6" STYLEREFS="FONT0"/>
            <SP HEIGHT="17.858267716535433" WIDTH="4.535433070866142" VPOS="524.1259842519685" HPOS="194.17322834645668"/>
            <String HEIGHT="17.858267716535433" WIDTH="27.212598425196852" VPOS="524.1259842519685" HPOS="180.56692913385828" CONTENT="la" ID="tl_44_7" STYLEREFS="FONT0"/>
            <SP HEIGHT="17.858267716535433" WIDTH="4.535433070866142" VPOS="524.1259842519685" HPOS="207.7795275590551"/>
            <String HEIGHT="17.858267716535433" WIDTH="22.677165354330707" VPOS="524.1259842519685" HPOS="194.17322834645668" CONTENT="7" ID="tl_44_8" STYLEREFS="FONT0"/>
            <SP HEIGHT="17.858267716535433" WIDTH="4.535433070866142" VPOS="524.1259842519685" HPOS="216.8503937007874"/>
            <String HEIGHT="17.858267716535433" WIDTH="45.07086614173228" VPOS="524.1259842519685" HPOS="203.24409448818898" CONTENT="charge" ID="tl_44_9" STYLEREFS="FONT0"/>
            <SP HEIGHT="17.858267716535433" WIDTH="4.535433070866142" VPOS="524.1259842519685" HPOS="248.31496062992127"/>
            <String HEIGHT="17.858267716535433" WIDTH="22.677165354330707" VPOS="524.1259842519685" HPOS="234.99212598425197" CONTENT="?" ID="tl_44_10" STYLEREFS="FONT0"/>
            <SP HEIGHT="17.858267716535433" WIDTH="4.535433070866142" VPOS="524.1259842519685" HPOS="257.38582677165357"/>
            <String HEIGHT="17.858267716535433" WIDTH="27.212598425196852" VPOS="524.1259842519685" HPOS="243.7795275590551" CONTENT="et" ID="tl_44_11" STYLEREFS="FONT0"/>
            <SP HEIGHT="17.858267716535433" WIDTH="4.535433070866142" VPOS="524.1259842519685" HPOS="270.99212598425197"/>
            <String HEIGHT="17.858267716535433" WIDTH="22.677165354330707" VPOS="524.1259842519685" HPOS="252.8503937007874" CONTENT="la" SUBS_TYPE="HypPart1" SUBS_CONTENT="laconstruction" ID="tl_44_12" STYLEREFS="FONT0"/>
            <HYP CONTENT="-"/>
          </TextLine>
          <TextLine ID="tl_45" BASELINE="1947" HEIGHT="15.023622047244094" WIDTH="239.5275590551181" VPOS="536.8818897637796" HPOS="36.28346456692913">
            <String HEIGHT="15.023622047244094" WIDTH="76.53543307086615" VPOS="536.8818897637796" HPOS="31.46456692913386" CONTENT="construction" SUBS_TYPE="HypPart2" SUBS_CONTENT="laconstruction" ID="tl_45_1" STYLEREFS="FONT0"/>
            <SP HEIGHT="15.023622047244094" WIDTH="4.818897637795276" VPOS="536.8818897637796" HPOS="108.28346456692914"/>
            <String HEIGHT="15.023622047244094" WIDTH="67.18110236220473" VPOS="536.8818897637796" HPOS="93.8267716535433" CONTENT="plastique." ID="tl_45_2" STYLEREFS="FONT0"/>
            <SP HEIGHT="15.023622047244094" WIDTH="4.818897637795276" VPOS="536.8818897637796" HPOS="160.7244094488189"/>
            <String HEIGHT="15.023622047244094" WIDTH="28.62992125984252" VPOS="536.8818897637796" HPOS="146.5511811023622" CONTENT="Il" ID="tl_45_3" STYLEREFS="FONT0"/>
            <SP HEIGHT="15.023622047244094" WIDTH="4.818897637795276" VPOS="536.8818897637796" HPOS="175.1811023622047"/>
            <String HEIGHT="15.023622047244094" WIDTH="43.08661417322835" VPOS="536.8818897637796" HPOS="160.7244094488189" CONTENT="n’est" ID="tl_45_4" STYLEREFS="FONT0"/>
            <SP HEIGHT="15.023622047244094" WIDTH="4.818897637795276" VPOS="536.8818897637796" HPOS="204.09448818897638"/>
            <String HEIGHT="15.023622047244094" WIDTH="33.44881889763779" VPOS="536.8818897637796" HPOS="189.63779527559055" CONTENT="pas" ID="tl_45_5" STYLEREFS="FONT0"/>
            <SP HEIGHT="15.023622047244094" WIDTH="4.818897637795276" VPOS="536.8818897637796" HPOS="223.08661417322836"/>
            <String HEIGHT="15.023622047244094" WIDTH="62.36220472440945" VPOS="536.8818897637796" HPOS="208.62992125984252" CONTENT="préoccupé" ID="tl_45_6" STYLEREFS="FONT0"/>
            <SP HEIGHT="15.023622047244094" WIDTH="4.818897637795276" VPOS="536.8818897637796" HPOS="270.99212598425197"/>
            <String HEIGHT="15.023622047244094" WIDTH="24.094488188976378" VPOS="536.8818897637796" HPOS="252.0" CONTENT="des" ID="tl_45_7" STYLEREFS="FONT0"/>
          </TextLine>
          <TextLine ID="tl_46" BASELINE="1978" HEIGHT="14.173228346456693" WIDTH="238.96062992125985" VPOS="546.5196850393701" HPOS="36.8503937007874">
            <String HEIGHT="14.173228346456693" WIDTH="46.77165354330709" VPOS="546.5196850393701" HPOS="32.031496062992126" CONTENT="moyens" ID="tl_46_1" STYLEREFS="FONT0"/>
            <SP HEIGHT="14.173228346456693" WIDTH="4.818897637795276" VPOS="546.5196850393701" HPOS="79.08661417322834"/>
            <String HEIGHT="14.173228346456693" WIDTH="56.125984251968504" VPOS="546.5196850393701" HPOS="64.91338582677166" CONTENT="inusités" ID="tl_46_2" STYLEREFS="FONT0"/>
            <SP HEIGHT="14.173228346456693" WIDTH="4.818897637795276" VPOS="546.5196850393701" HPOS="121.32283464566929"/>
            <String HEIGHT="14.173228346456693" WIDTH="28.062992125984252" VPOS="546.5196850393701" HPOS="107.14960629921259" CONTENT="de" ID="tl_46_3" STYLEREFS="FONT0"/>
            <SP HEIGHT="14.173228346456693" WIDTH="4.818897637795276" VPOS="546.5196850393701" HPOS="135.21259842519686"/>
            <String HEIGHT="14.173228346456693" WIDTH="74.83464566929133" VPOS="546.5196850393701" HPOS="121.32283464566929" CONTENT="construction" ID="tl_46_4" STYLEREFS="FONT0"/>
            <SP HEIGHT="14.173228346456693" WIDTH="4.818897637795276" VPOS="546.5196850393701" HPOS="196.15748031496062"/>
            <String HEIGHT="14.173228346456693" WIDTH="37.41732283464567" VPOS="546.5196850393701" HPOS="181.98425196850394" CONTENT="mais" ID="tl_46_5" STYLEREFS="FONT0"/>
            <SP HEIGHT="14.173228346456693" WIDTH="4.818897637795276" VPOS="546.5196850393701" HPOS="219.68503937007873"/>
            <String HEIGHT="14.173228346456693" WIDTH="28.062992125984252" VPOS="546.5196850393701" HPOS="205.51181102362204" CONTENT="de" ID="tl_46_6" STYLEREFS="FONT0"/>
            <SP HEIGHT="14.173228346456693" WIDTH="4.818897637795276" VPOS="546.5196850393701" HPOS="233.5748031496063"/>
            <String HEIGHT="14.173228346456693" WIDTH="56.125984251968504" VPOS="546.5196850393701" HPOS="219.68503937007873" CONTENT="l’esprit" ID="tl_46_7" STYLEREFS="FONT0"/>
            <SP HEIGHT="14.173228346456693" WIDTH="4.818897637795276" VPOS="546.5196850393701" HPOS="275.81102362204723"/>
            <String HEIGHT="14.173228346456693" WIDTH="18.708661417322833" VPOS="546.5196850393701" HPOS="257.1023622047244" CONTENT="de" ID="tl_46_8" STYLEREFS="FONT0"/>
          </TextLine>
          <TextLine ID="tl_47" BASELINE="2021" HEIGHT="15.023622047244094" WIDTH="238.39370078740157" VPOS="557.8582677165355" HPOS="37.13385826771653">
            <String HEIGHT="15.023622047244094" WIDTH="59.52755905511811" VPOS="557.8582677165355" HPOS="32.59842519685039" CONTENT="modernité" ID="tl_47_1" STYLEREFS="FONT0"/>
            <SP HEIGHT="15.023622047244094" WIDTH="4.535433070866142" VPOS="557.8582677165355" HPOS="92.1259842519685"/>
            <String HEIGHT="15.023622047244094" WIDTH="50.45669291338583" VPOS="557.8582677165355" HPOS="78.51968503937007" CONTENT="contenu" ID="tl_47_2" STYLEREFS="FONT0"/>
            <SP HEIGHT="15.023622047244094" WIDTH="4.535433070866142" VPOS="557.8582677165355" HPOS="128.69291338582678"/>
            <String HEIGHT="15.023622047244094" WIDTH="36.56692913385827" VPOS="557.8582677165355" HPOS="115.08661417322834" CONTENT="dans" ID="tl_47_3" STYLEREFS="FONT0"/>
            <SP HEIGHT="15.023622047244094" WIDTH="4.535433070866142" VPOS="557.8582677165355" HPOS="151.6535433070866"/>
            <String HEIGHT="15.023622047244094" WIDTH="27.496062992125985" VPOS="557.8582677165355" HPOS="138.04724409448818" CONTENT="la" ID="tl_47_4" STYLEREFS="FONT0"/>
            <SP HEIGHT="15.023622047244094" WIDTH="4.535433070866142" VPOS="557.8582677165355" HPOS="165.54330708661416"/>
            <String HEIGHT="15.023622047244094" WIDTH="50.45669291338583" VPOS="557.8582677165355" HPOS="151.6535433070866" CONTENT="satire," ID="tl_47_5" STYLEREFS="FONT0"/>
            <SP HEIGHT="15.023622047244094" WIDTH="4.535433070866142" VPOS="557.8582677165355" HPOS="202.11023622047244"/>
            <String HEIGHT="15.023622047244094" WIDTH="27.496062992125985" VPOS="557.8582677165355" HPOS="188.50393700787401" CONTENT="en" ID="tl_47_6" STYLEREFS="FONT0"/>
            <SP HEIGHT="15.023622047244094" WIDTH="4.535433070866142" VPOS="557.8582677165355" HPOS="216.0"/>
            <String HEIGHT="15.023622047244094" WIDTH="41.38582677165354" VPOS="557.8582677165355" HPOS="202.11023622047244" CONTENT="quête" ID="tl_47_7" STYLEREFS="FONT0"/>
            <SP HEIGHT="15.023622047244094" WIDTH="4.535433070866142" VPOS="557.8582677165355" HPOS="243.49606299212599"/>
            <String HEIGHT="15.023622047244094" WIDTH="41.38582677165354" VPOS="557.8582677165355" HPOS="229.60629921259843" CONTENT="d’une" ID="tl_47_8" STYLEREFS="FONT0"/>
            <SP HEIGHT="15.023622047244094" WIDTH="4.535433070866142" VPOS="557.8582677165355" HPOS="270.99212598425197"/>
            <String HEIGHT="15.023622047244094" WIDTH="22.96062992125984" VPOS="557.8582677165355" HPOS="252.56692913385828" CONTENT="see" ID="tl_47_9" STYLEREFS="FONT0"/>
          </TextLine>
          <TextLine ID="tl_48" BASELINE="2057" HEIGHT="16.15748031496063" WIDTH="238.11023622047244" VPOS="566.9291338582677" HPOS="37.41732283464567">
            <String HEIGHT="16.15748031496063" WIDTH="47.62204724409449" VPOS="566.9291338582677" HPOS="32.59842519685039" CONTENT="lution" ID="tl_48_1" STYLEREFS="FONT0"/>
            <SP HEIGHT="16.15748031496063" WIDTH="4.818897637795276" VPOS="566.9291338582677" HPOS="80.22047244094489"/>
            <String HEIGHT="16.15748031496063" WIDTH="57.25984251968504" VPOS="566.9291338582677" HPOS="66.04724409448819" CONTENT="vraiment" ID="tl_48_2" STYLEREFS="FONT0"/>
            <SP HEIGHT="16.15748031496063" WIDTH="4.818897637795276" VPOS="566.9291338582677" HPOS="123.02362204724409"/>
            <String HEIGHT="16.15748031496063" WIDTH="61.79527559055118" VPOS="566.9291338582677" HPOS="108.85039370078741" CONTENT="plastique" ID="tl_48_3" STYLEREFS="FONT0"/>
            <SP HEIGHT="16.15748031496063" WIDTH="4.818897637795276" VPOS="566.9291338582677" HPOS="170.64566929133858"/>
            <String HEIGHT="16.15748031496063" WIDTH="37.98425196850393" VPOS="566.9291338582677" HPOS="156.4724409448819" CONTENT="pour" ID="tl_48_4" STYLEREFS="FONT0"/>
            <SP HEIGHT="16.15748031496063" WIDTH="4.818897637795276" VPOS="566.9291338582677" HPOS="194.45669291338584"/>
            <String HEIGHT="16.15748031496063" WIDTH="33.44881889763779" VPOS="566.9291338582677" HPOS="180.28346456692913" CONTENT="une" ID="tl_48_5" STYLEREFS="FONT0"/>
            <SP HEIGHT="16.15748031496063" WIDTH="4.818897637795276" VPOS="566.9291338582677" HPOS="213.73228346456693"/>
            <String HEIGHT="16.15748031496063" WIDTH="57.25984251968504" VPOS="566.9291338582677" HPOS="199.2755905511811" CONTENT="nouvelle" ID="tl_48_6" STYLEREFS="FONT0"/>
            <SP HEIGHT="16.15748031496063" WIDTH="4.818897637795276" VPOS="566.9291338582677" HPOS="256.53543307086613"/>
            <String HEIGHT="16.15748031496063" WIDTH="37.98425196850393" VPOS="566.9291338582677" HPOS="237.54330708661416" CONTENT="compé" SUBS_TYPE="HypPart1" SUBS_CONTENT="compéhension" ID="tl_48_7" STYLEREFS="FONT0"/>
            <HYP CONTENT="-"/>
          </TextLine>
          <TextLine ID="tl_49" BASELINE="2106" HEIGHT="14.740157480314961" WIDTH="101.19685039370079" VPOS="582.2362204724409" HPOS="37.41732283464567">
            <String HEIGHT="14.740157480314961" WIDTH="53.00787401574803" VPOS="582.2362204724409" HPOS="32.59842519685039" CONTENT="hension" SUBS_TYPE="HypPart2" SUBS_CONTENT="compéhension" ID="tl_49_1" STYLEREFS="FONT0"/>
            <SP HEIGHT="14.740157480314961" WIDTH="4.818897637795276" VPOS="582.2362204724409" HPOS="85.60629921259843"/>
            <String HEIGHT="14.740157480314961" WIDTH="28.913385826771652" VPOS="582.2362204724409" HPOS="71.14960629921259" CONTENT="de" ID="tl_49_2" STYLEREFS="FONT0"/>
            <SP HEIGHT="14.740157480314961" WIDTH="4.818897637795276" VPOS="582.2362204724409" HPOS="100.06299212598425"/>
            <String HEIGHT="14.740157480314961" WIDTH="28.913385826771652" VPOS="582.2362204724409" HPOS="85.60629921259843" CONTENT="la" ID="tl_49_3" STYLEREFS="FONT0"/>
            <SP HEIGHT="14.740157480314961" WIDTH="4.818897637795276" VPOS="582.2362204724409" HPOS="114.51968503937007"/>
            <String HEIGHT="14.740157480314961" WIDTH="43.37007874015748" VPOS="582.2362204724409" HPOS="95.24409448818898" CONTENT="figure." ID="tl_49_4" STYLEREFS="FONT0"/>
          </TextLine>
        </TextBlock>
        <TextBlock ID="r_1_7" HEIGHT="37.41732283464567" WIDTH="234.99212598425197" VPOS="592.7244094488188" HPOS="40.25196850393701">
          <TextLine ID="tl_50" BASELINE="2140" HEIGHT="16.15748031496063" WIDTH="224.78740157480314" VPOS="590.4566929133858" HPOS="51.30708661417323">
            <String HEIGHT="16.15748031496063" WIDTH="58.67716535433071" VPOS="590.4566929133858" HPOS="46.488188976377955" CONTENT="Mauricio" ID="tl_50_1" STYLEREFS="FONT0"/>
            <SP HEIGHT="16.15748031496063" WIDTH="4.818897637795276" VPOS="590.4566929133858" HPOS="105.16535433070867"/>
            <String HEIGHT="16.15748031496063" WIDTH="63.496062992125985" VPOS="590.4566929133858" HPOS="90.4251968503937" CONTENT="Salgueiro" ID="tl_50_2" STYLEREFS="FONT0"/>
            <SP HEIGHT="16.15748031496063" WIDTH="4.818897637795276" VPOS="590.4566929133858" HPOS="153.92125984251967"/>
            <String HEIGHT="16.15748031496063" WIDTH="39.118110236220474" VPOS="590.4566929133858" HPOS="139.1811023622047" CONTENT="fait" ID="tl_50_3" STYLEREFS="FONT0"/>
            <SP HEIGHT="16.15748031496063" WIDTH="4.818897637795276" VPOS="590.4566929133858" HPOS="178.29921259842519"/>
            <String HEIGHT="16.15748031496063" WIDTH="34.2992125984252" VPOS="590.4566929133858" HPOS="163.84251968503938" CONTENT="une" ID="tl_50_4" STYLEREFS="FONT0"/>
            <SP HEIGHT="16.15748031496063" WIDTH="4.818897637795276" VPOS="590.4566929133858" HPOS="197.85826771653544"/>
            <String HEIGHT="16.15748031496063" WIDTH="63.496062992125985" VPOS="590.4566929133858" HPOS="183.11811023622047" CONTENT="sculpture" ID="tl_50_5" STYLEREFS="FONT0"/>
            <SP HEIGHT="16.15748031496063" WIDTH="4.818897637795276" VPOS="590.4566929133858" HPOS="246.89763779527559"/>
            <String HEIGHT="16.15748031496063" WIDTH="39.118110236220474" VPOS="590.4566929133858" HPOS="232.15748031496062" CONTENT="avec" ID="tl_50_6" STYLEREFS="FONT0"/>
            <SP HEIGHT="16.15748031496063" WIDTH="4.818897637795276" VPOS="590.4566929133858" HPOS="271.2755905511811"/>
            <String HEIGHT="16.15748031496063" WIDTH="24.37795275590551" VPOS="590.4566929133858" HPOS="251.71653543307087" CONTENT="des" ID="tl_50_7" STYLEREFS="FONT0"/>
          </TextLine>
          <TextLine ID="tl_51" BASELINE="2187" HEIGHT="17.858267716535433" WIDTH="237.54330708661416" VPOS="602.0787401574803" HPOS="38.83464566929134">
            <String HEIGHT="17.858267716535433" WIDTH="51.30708661417323" VPOS="602.0787401574803" HPOS="34.2992125984252" CONTENT="plaques" ID="tl_51_1" STYLEREFS="FONT0"/>
            <SP HEIGHT="17.858267716535433" WIDTH="4.535433070866142" VPOS="602.0787401574803" HPOS="85.32283464566929"/>
            <String HEIGHT="17.858267716535433" WIDTH="51.30708661417323" VPOS="602.0787401574803" HPOS="71.43307086614173" CONTENT="soudées" ID="tl_51_2" STYLEREFS="FONT0"/>
            <SP HEIGHT="17.858267716535433" WIDTH="4.535433070866142" VPOS="602.0787401574803" HPOS="122.74015748031496"/>
            <String HEIGHT="17.858267716535433" WIDTH="28.062992125984252" VPOS="602.0787401574803" HPOS="108.56692913385827" CONTENT="et" ID="tl_51_3" STYLEREFS="FONT0"/>
            <SP HEIGHT="17.858267716535433" WIDTH="4.535433070866142" VPOS="602.0787401574803" HPOS="136.62992125984252"/>
            <String HEIGHT="17.858267716535433" WIDTH="32.59842519685039" VPOS="602.0787401574803" HPOS="122.74015748031496" CONTENT="des" ID="tl_51_4" STYLEREFS="FONT0"/>
            <SP HEIGHT="17.858267716535433" WIDTH="4.535433070866142" VPOS="602.0787401574803" HPOS="155.33858267716536"/>
            <String HEIGHT="17.858267716535433" WIDTH="46.488188976377955" VPOS="602.0787401574803" HPOS="141.16535433070865" CONTENT="objets" ID="tl_51_5" STYLEREFS="FONT0"/>
            <SP HEIGHT="17.858267716535433" WIDTH="4.535433070866142" VPOS="602.0787401574803" HPOS="187.93700787401573"/>
            <String HEIGHT="17.858267716535433" WIDTH="69.73228346456693" VPOS="602.0787401574803" HPOS="174.04724409448818" CONTENT="incorporés," ID="tl_51_6" STYLEREFS="FONT0"/>
            <SP HEIGHT="17.858267716535433" WIDTH="4.535433070866142" VPOS="602.0787401574803" HPOS="243.7795275590551"/>
            <String HEIGHT="17.858267716535433" WIDTH="32.59842519685039" VPOS="602.0787401574803" HPOS="229.88976377952756" CONTENT="qui" ID="tl_51_7" STYLEREFS="FONT0"/>
            <SP HEIGHT="17.858267716535433" WIDTH="4.535433070866142" VPOS="602.0787401574803" HPOS="262.48818897637796"/>
            <String HEIGHT="17.858267716535433" WIDTH="32.59842519685039" VPOS="602.0787401574803" HPOS="243.7795275590551" CONTENT="admet" ID="tl_51_8" STYLEREFS="FONT0"/>
          </TextLine>
          <TextLine ID="tl_52" BASELINE="2225" HEIGHT="17.5748031496063" WIDTH="236.9763779527559" VPOS="613.1338582677165" HPOS="39.40157480314961">
            <String HEIGHT="17.5748031496063" WIDTH="53.574803149606296" VPOS="613.1338582677165" HPOS="34.86614173228347" CONTENT="lumières" ID="tl_52_1" STYLEREFS="FONT0"/>
            <SP HEIGHT="17.5748031496063" WIDTH="4.535433070866142" VPOS="613.1338582677165" HPOS="88.7244094488189"/>
            <String HEIGHT="17.5748031496063" WIDTH="26.929133858267715" VPOS="613.1338582677165" HPOS="75.11811023622047" CONTENT="et" ID="tl_52_2" STYLEREFS="FONT0"/>
            <SP HEIGHT="17.5748031496063" WIDTH="4.535433070866142" VPOS="613.1338582677165" HPOS="102.04724409448819"/>
            <String HEIGHT="17.5748031496063" WIDTH="35.71653543307087" VPOS="613.1338582677165" HPOS="88.7244094488189" CONTENT="sons" ID="tl_52_3" STYLEREFS="FONT0"/>
            <SP HEIGHT="17.5748031496063" WIDTH="4.535433070866142" VPOS="613.1338582677165" HPOS="124.44094488188976"/>
            <String HEIGHT="17.5748031496063" WIDTH="35.71653543307087" VPOS="613.1338582677165" HPOS="110.83464566929133" CONTENT="dans" ID="tl_52_4" STYLEREFS="FONT0"/>
            <SP HEIGHT="17.5748031496063" WIDTH="4.535433070866142" VPOS="613.1338582677165" HPOS="146.83464566929135"/>
            <String HEIGHT="17.5748031496063" WIDTH="26.929133858267715" VPOS="613.1338582677165" HPOS="133.22834645669292" CONTENT="un" ID="tl_52_5" STYLEREFS="FONT0"/>
            <SP HEIGHT="17.5748031496063" WIDTH="4.535433070866142" VPOS="613.1338582677165" HPOS="160.15748031496062"/>
            <String HEIGHT="17.5748031496063" WIDTH="44.78740157480315" VPOS="613.1338582677165" HPOS="146.83464566929135" CONTENT="esprit" ID="tl_52_6" STYLEREFS="FONT0"/>
            <SP HEIGHT="17.5748031496063" WIDTH="4.535433070866142" VPOS="613.1338582677165" HPOS="191.33858267716536"/>
            <String HEIGHT="17.5748031496063" WIDTH="53.574803149606296" VPOS="613.1338582677165" HPOS="178.01574803149606" CONTENT="pop-art." ID="tl_52_7" STYLEREFS="FONT0"/>
            <SP HEIGHT="17.5748031496063" WIDTH="4.535433070866142" VPOS="613.1338582677165" HPOS="231.59055118110237"/>
            <String HEIGHT="17.5748031496063" WIDTH="26.929133858267715" VPOS="613.1338582677165" HPOS="218.26771653543307" CONTENT="Il" ID="tl_52_8" STYLEREFS="FONT0"/>
            <SP HEIGHT="17.5748031496063" WIDTH="4.535433070866142" VPOS="613.1338582677165" HPOS="245.1968503937008"/>
            <String HEIGHT="17.5748031496063" WIDTH="49.32283464566929" VPOS="613.1338582677165" HPOS="227.0551181102362" CONTENT="rechercie" ID="tl_52_9" STYLEREFS="FONT0"/>
          </TextLine>
        </TextBlock>
        <GraphicalElement ID="r_2" HEIGHT="3.1181102362204722" WIDTH="96.94488188976378" VPOS="0.0" HPOS="135.21259842519686"/>
        <GraphicalElement ID="r_3" HEIGHT="297.6377952755906" WIDTH="1.1338582677165354" VPOS="303.87401574803147" HPOS="0.0"/>
        <GraphicalElement ID="r_4" HEIGHT="243.49606299212599" WIDTH="2.267716535433071" VPOS="60.37795275590551" HPOS="0.0"/>
      </PrintSpace>
    </Page>
  </Layout>
</alto>
