307.84251968503935 672.6614173228346
5.952755905511811 22.393700787401574 72.0 17.5748031496063 MAROC

52.724409448818896 164.69291338582678 75.11811023622047 18.4251968503937 Commissaire
113.10236220472441 164.69291338582678 55.275590551181104 18.4251968503937 général
153.0708661417323 164.69291338582678 24.944881889763778 18.4251968503937 :
163.2755905511811 164.69291338582678 45.07086614173228 18.4251968503937 Naïma
188.2204724409449 164.69291338582678 85.32283464566929 18.4251968503937 Khatib

54.14173228346457 176.5984251968504 54.70866141732284 17.858267716535433 Directeur
96.37795275590551 176.5984251968504 29.480314960629922 17.858267716535433 des
113.10236220472441 176.5984251968504 42.23622047244095 17.858267716535433 Musées
142.58267716535434 176.5984251968504 25.228346456692915 17.858267716535433 et
155.33858267716536 176.5984251968504 29.480314960629922 17.858267716535433 des
168.09448818897638 176.5984251968504 54.70866141732284 17.858267716535433 Antiquités.

36.8503937007874 222.51968503937007 31.46456692913386 15.307086614173228 La
52.724409448818896 222.51968503937007 62.92913385826772 15.307086614173228 peinture
100.06299212598425 222.51968503937007 73.41732283464567 15.307086614173228 marocaine,
157.88976377952756 222.51968503937007 36.8503937007874 15.307086614173228 qui
178.86614173228347 222.51968503937007 26.362204724409448 15.307086614173228 a
189.35433070866142 222.51968503937007 26.362204724409448 15.307086614173228 à
199.84251968503938 222.51968503937007 47.338582677165356 15.307086614173228 peine
231.30708661417322 222.51968503937007 41.95275590551181 15.307086614173228 plus
252.28346456692913 222.51968503937007 20.976377952755904 15.307086614173228 de

23.811023622047244 235.2755905511811 49.889763779527556 14.740157480314961 quinze
58.960629921259844 235.2755905511811 34.86614173228347 14.740157480314961 ans
78.80314960629921 235.2755905511811 79.65354330708661 14.740157480314961 d’existence,
143.71653543307087 235.2755905511811 59.811023622047244 14.740157480314961 traverse
188.50393700787401 235.2755905511811 84.75590551181102 14.740157480314961 actuellement,
253.41732283464566 235.2755905511811 19.84251968503937 14.740157480314961 le

24.37795275590551 247.1811023622047 53.85826771653543 13.606299212598426 premier
63.496062992125985 247.1811023622047 87.8740157480315 13.606299212598426 émerveillement
136.62992125984252 247.1811023622047 48.75590551181102 13.606299212598426 passé,
170.9291338582677 247.1811023622047 34.2992125984252 13.606299212598426 une
190.48818897637796 247.1811023622047 43.93700787401575 13.606299212598426 crise
219.68503937007873 247.1811023622047 39.118110236220474 13.606299212598426 sans
239.24409448818898 247.1811023622047 34.2992125984252 13.606299212598426 doute

24.944881889763778 256.251968503937 66.33070866141732 13.606299212598426 inévitable,
78.23622047244095 256.251968503937 35.43307086614173 13.606299212598426 mais
100.34645669291339 256.251968503937 30.89763779527559 13.606299212598426 qui
117.92125984251969 256.251968503937 30.89763779527559 13.606299212598426 est
135.49606299212599 256.251968503937 26.64566929133858 13.606299212598426 la
148.8188976377953 256.251968503937 44.22047244094488 13.606299212598426 preuve
179.71653543307087 256.251968503937 35.43307086614173 13.606299212598426 même
201.82677165354332 256.251968503937 26.64566929133858 13.606299212598426 de
215.1496062992126 256.251968503937 26.64566929133858 13.606299212598426 sa
223.93700787401573 256.251968503937 48.75590551181102 13.606299212598426 vitalité.

36.8503937007874 269.5748031496063 31.748031496062993 15.590551181102363 Les
54.99212598425197 269.5748031496063 45.354330708661415 15.590551181102363 jeunes
86.74015748031496 269.5748031496063 54.425196850393704 15.590551181102363 peintres
127.84251968503936 269.5748031496063 68.31496062992126 15.590551181102363 travaillent
182.26771653543307 269.5748031496063 36.28346456692913 15.590551181102363 dans
204.9448818897638 269.5748031496063 31.748031496062993 15.590551181102363 des
218.83464566929135 269.5748031496063 54.425196850393704 15.590551181102363 conditions

24.094488188976378 281.1968503937008 64.34645669291339 14.173228346456693 difficiles
74.55118110236221 281.1968503937008 27.496062992125985 14.173228346456693 et
88.44094488188976 281.1968503937008 36.8503937007874 14.173228346456693 avec
111.4015748031496 281.1968503937008 32.31496062992126 14.173228346456693 des
129.82677165354332 281.1968503937008 45.92125984251968 14.173228346456693 moyens
162.14173228346456 281.1968503937008 50.45669291338583 14.173228346456693 souvent
198.70866141732284 281.1968503937008 64.34645669291339 14.173228346456693 précaires,
244.91338582677164 281.1968503937008 27.496062992125985 14.173228346456693 fai-

23.244094488188978 291.40157480314963 38.55118110236221 13.606299212598426 sant
47.338582677165356 291.40157480314963 47.90551181102362 13.606299212598426 encore
80.78740157480316 291.40157480314963 38.55118110236221 13.606299212598426 trop
104.88188976377953 291.40157480314963 76.81889763779527 13.606299212598426 généralement
167.24409448818898 291.40157480314963 47.90551181102362 13.606299212598426 figure
200.9763779527559 291.40157480314963 28.913385826771652 13.606299212598426 de
210.61417322834646 291.40157480314963 62.36220472440945 13.606299212598426 précurseurs

24.37795275590551 301.3228346456693 66.61417322834646 13.606299212598426 incompris,
76.81889763779527 301.3228346456693 28.62992125984252 13.606299212598426 et
90.99212598425197 301.3228346456693 33.44881889763779 13.606299212598426 ils
110.26771653543307 301.3228346456693 33.44881889763779 13.606299212598426 ont
129.25984251968504 301.3228346456693 57.25984251968504 13.606299212598426 beaucoup
172.06299212598427 301.3228346456693 28.62992125984252 13.606299212598426 de
186.51968503937007 301.3228346456693 52.44094488188976 13.606299212598426 courage
224.50393700787401 301.3228346456693 28.62992125984252 13.606299212598426 et
238.6771653543307 301.3228346456693 28.62992125984252 13.606299212598426 de
248.31496062992127 301.3228346456693 23.811023622047244 13.606299212598426 mé-

23.811023622047244 313.2283464566929 38.267716535433074 14.740157480314961 rite
47.62204724409449 313.2283464566929 23.811023622047244 14.740157480314961 à
57.25984251968504 313.2283464566929 66.89763779527559 14.740157480314961 rechercher
109.7007874015748 313.2283464566929 57.25984251968504 14.740157480314961 toujours
152.78740157480314 313.2283464566929 28.62992125984252 14.740157480314961 de
166.96062992125985 313.2283464566929 57.25984251968504 14.740157480314961 nouveaux
210.04724409448818 313.2283464566929 47.62204724409449 14.740157480314961 moyens
238.6771653543307 313.2283464566929 33.44881889763779 14.740157480314961 d’ex-

24.094488188976378 325.13385826771656 43.93700787401575 13.606299212598426 primer
54.99212598425197 325.13385826771656 26.362204724409448 13.606299212598426 ce
68.31496062992126 325.13385826771656 43.93700787401575 13.606299212598426 qu’ils
98.92913385826772 325.13385826771656 48.47244094488189 13.606299212598426 sentent
134.07874015748033 325.13385826771656 26.362204724409448 13.606299212598426 et
147.4015748031496 325.13385826771656 26.362204724409448 13.606299212598426 ce
160.7244094488189 325.13385826771656 22.11023622047244 13.606299212598426 à
169.51181102362204 325.13385826771656 35.1496062992126 13.606299212598426 quoi
191.33858267716536 325.13385826771656 30.89763779527559 13.606299212598426 ils
204.66141732283464 325.13385826771656 43.93700787401575 13.606299212598426 croient.

35.1496062992126 336.4724409448819 32.31496062992126 13.88976377952756 En
51.30708661417323 336.4724409448819 54.14173228346457 13.88976377952756 effet,
89.29133858267717 336.4724409448819 48.75590551181102 13.88976377952756 comme
121.60629921259843 336.4724409448819 43.37007874015748 13.88976377952756 sans
148.53543307086613 336.4724409448819 48.75590551181102 13.88976377952756 doute
181.13385826771653 336.4724409448819 43.37007874015748 13.88976377952756 dans
208.06299212598427 336.4724409448819 32.31496062992126 13.88976377952756 de
218.83464566929135 336.4724409448819 54.14173228346457 13.88976377952756 nombreux

23.244094488188978 350.3622047244094 37.7007874015748 11.905511811023622 pays
46.77165354330709 350.3622047244094 28.346456692913385 11.905511811023622 où
60.94488188976378 350.3622047244094 28.346456692913385 11.905511811023622 le
75.11811023622047 350.3622047244094 37.7007874015748 11.905511811023622 mode
98.64566929133858 350.3622047244094 75.4015748031496 11.905511811023622 d’expression
159.8740157480315 350.3622047244094 56.40944881889764 11.905511811023622 pictural
202.11023622047244 350.3622047244094 32.881889763779526 11.905511811023622 est
220.8188976377953 350.3622047244094 51.874015748031496 11.905511811023622 récent,
253.98425196850394 350.3622047244094 18.708661417322833 11.905511811023622 le

23.244094488188978 361.13385826771656 54.70866141732284 12.188976377952756 peintre
63.21259842519685 361.13385826771656 34.86614173228347 12.188976377952756 non
83.05511811023622 361.13385826771656 94.67716535433071 12.188976377952756 scrupuleusement
162.70866141732284 361.13385826771656 64.62992125984252 12.188976377952756 figuratif
212.5984251968504 361.13385826771656 34.86614173228347 12.188976377952756 est
232.44094488188978 361.13385826771656 39.968503937007874 12.188976377952756 tout
252.56692913385828 361.13385826771656 19.84251968503937 12.188976377952756 de

23.244094488188978 371.33858267716533 43.08661417322835 11.05511811023622 suite
52.15748031496063 371.33858267716533 47.90551181102362 11.05511811023622 accusé
85.60629921259843 371.33858267716533 28.913385826771652 11.05511811023622 de
100.06299212598425 371.33858267716533 52.724409448818896 11.05511811023622 plagier
138.33070866141733 371.33858267716533 33.44881889763779 11.05511811023622 ses
157.60629921259843 371.33858267716533 52.724409448818896 11.05511811023622 maîtres
195.8740157480315 371.33858267716533 62.36220472440945 11.05511811023622 étrangers
243.7795275590551 371.33858267716533 28.913385826771652 11.05511811023622 et
253.41732283464566 371.33858267716533 19.275590551181104 11.05511811023622 de

23.244094488188978 379.84251968503935 64.62992125984252 15.307086614173228 s’éloigner
73.98425196850394 379.84251968503935 27.77952755905512 15.307086614173228 de
87.8740157480315 379.84251968503935 27.77952755905512 15.307086614173228 la
106.2992125984252 379.84251968503935 51.023622047244096 15.307086614173228 réalité
143.43307086614172 379.84251968503935 60.09448818897638 15.307086614173228 marocaine
189.63779527559055 379.84251968503935 23.244094488188978 15.307086614173228 ,
198.99212598425197 379.84251968503935 41.669291338582674 15.307086614173228 alors
226.77165354330708 379.84251968503935 41.669291338582674 15.307086614173228 qu’il
249.73228346456693 379.84251968503935 23.244094488188978 15.307086614173228 est

22.677165354330707 390.8976377952756 49.889763779527556 13.606299212598426 depuis
57.826771653543304 390.8976377952756 64.91338582677166 13.606299212598426 longtemps
107.43307086614173 390.8976377952756 44.78740157480315 13.606299212598426 admis
137.48031496062993 390.8976377952756 34.86614173228347 13.606299212598426 que
157.3228346456693 390.8976377952756 84.75590551181102 13.606299212598426 l’abstraction
227.33858267716536 390.8976377952756 34.86614173228347 13.606299212598426 est
242.07874015748033 390.8976377952756 30.04724409448819 13.606299212598426 très

23.244094488188978 402.8031496062992 47.90551181102362 14.740157480314961 proche
56.69291338582677 402.8031496062992 28.62992125984252 14.740157480314961 et
71.14960629921259 402.8031496062992 38.267716535433074 14.740157480314961 même
94.96062992125984 402.8031496062992 52.724409448818896 14.740157480314961 incluse
133.22834645669292 402.8031496062992 38.267716535433074 14.740157480314961 dans
157.3228346456693 402.8031496062992 28.62992125984252 14.740157480314961 la
171.49606299212599 402.8031496062992 52.724409448818896 14.740157480314961 culture
210.04724409448818 402.8031496062992 43.08661417322835 14.740157480314961 arabe
233.85826771653544 402.8031496062992 38.267716535433074 14.740157480314961 tradi

18.141732283464567 411.59055118110234 54.425196850393704 13.606299212598426 tionnelle.

35.1496062992126 422.6456692913386 34.01574803149607 12.755905511811024 Les
54.425196850393704 422.6456692913386 58.110236220472444 12.755905511811024 peintres
98.07874015748031 422.6456692913386 29.19685039370079 12.755905511811024 de
112.53543307086615 422.6456692913386 29.19685039370079 12.755905511811024 la
127.2755905511811 422.6456692913386 53.29133858267716 12.755905511811024 réalité
165.82677165354332 422.6456692913386 92.1259842519685 12.755905511811024 conventionnelle
238.39370078740157 422.6456692913386 34.01574803149607 12.755905511811024 d’une

23.244094488188978 434.8346456692913 39.968503937007874 13.32283464566929 part,
50.173228346456696 434.8346456692913 26.64566929133858 13.32283464566929 et
63.496062992125985 434.8346456692913 31.181102362204726 13.32283464566929 les
81.35433070866142 434.8346456692913 53.574803149606296 13.32283464566929 peintres
121.32283464566929 434.8346456692913 22.393700787401574 13.32283464566929 7
130.11023622047244 434.8346456692913 39.968503937007874 13.32283464566929 naïfs
161.29133858267716 434.8346456692913 26.64566929133858 13.32283464566929 et
174.61417322834646 434.8346456692913 22.393700787401574 13.32283464566929 7
183.68503937007873 434.8346456692913 57.826771653543304 13.32283464566929 primitifs
228.18897637795277 434.8346456692913 22.393700787401574 13.32283464566929 «
232.7244094488189 434.8346456692913 39.968503937007874 13.32283464566929 d’autre

22.96062992125984 445.03937007874015 42.51968503937008 12.755905511811024 part,
51.30708661417323 445.03937007874015 28.346456692913385 12.755905511811024 se
65.48031496062993 445.03937007874015 56.40944881889764 12.755905511811024 trouvent
107.71653543307086 445.03937007874015 61.22834645669291 12.755905511811024 nettement
155.0551181102362 445.03937007874015 37.7007874015748 12.755905511811024 plus
178.58267716535434 445.03937007874015 61.22834645669291 12.755905511811024 appréciés
225.63779527559055 445.03937007874015 28.346456692913385 12.755905511811024 du
234.99212598425197 445.03937007874015 37.7007874015748 12.755905511811024 public

23.52755905511811 454.96062992125985 31.181102362204726 12.472440944881889 non
41.38582677165354 454.96062992125985 48.75590551181102 12.472440944881889 averti,
76.81889763779527 454.96062992125985 26.64566929133858 12.472440944881889 et
90.14173228346456 454.96062992125985 26.64566929133858 12.472440944881889 la
103.46456692913385 454.96062992125985 62.07874015748032 12.472440944881889 préférence
152.2204724409449 454.96062992125985 26.64566929133858 12.472440944881889 de
165.54330708661416 454.96062992125985 66.61417322834646 12.472440944881889 l’étranger,
218.83464566929135 454.96062992125985 53.29133858267716 12.472440944881889 résidant
254.26771653543307 454.96062992125985 17.858267716535433 12.472440944881889 ou

22.677165354330707 465.1653543307087 28.346456692913385 17.291338582677167 de
36.8503937007874 465.1653543307087 56.40944881889764 17.291338582677167 passage,
79.37007874015748 465.1653543307087 42.23622047244095 17.291338582677167 n’est
107.43307086614173 465.1653543307087 32.881889763779526 17.291338582677167 pas
126.4251968503937 465.1653543307087 42.23622047244095 17.291338582677167 faite
154.48818897637796 465.1653543307087 37.7007874015748 17.291338582677167 pour
178.01574803149606 465.1653543307087 56.40944881889764 17.291338582677167 corriger
220.251968503937 465.1653543307087 42.23622047244095 17.291338582677167 cette
243.7795275590551 465.1653543307087 28.346456692913385 17.291338582677167 ten

16.15748031496063 475.93700787401576 43.93700787401575 13.88976377952756 dance.

34.58267716535433 489.8267716535433 39.68503937007874 12.472440944881889 Nous
59.24409448818898 489.8267716535433 44.503937007874015 12.472440944881889 avons
88.7244094488189 489.8267716535433 39.68503937007874 12.472440944881889 donc
113.66929133858268 489.8267716535433 49.32283464566929 12.472440944881889 choisi
148.251968503937 489.8267716535433 44.503937007874015 12.472440944881889 cette
178.01574803149606 489.8267716535433 49.32283464566929 12.472440944881889 année,
212.5984251968504 489.8267716535433 39.68503937007874 12.472440944881889 pour
232.15748031496062 489.8267716535433 39.68503937007874 12.472440944881889 repré-

22.677165354330707 502.01574803149606 49.039370078740156 13.606299212598426 senter
56.976377952755904 502.01574803149606 29.480314960629922 13.606299212598426 le
71.71653543307086 502.01574803149606 49.039370078740156 13.606299212598426 Maroc,
105.73228346456693 502.01574803149606 34.2992125984252 13.606299212598426 des
125.5748031496063 502.01574803149606 58.67716535433071 13.606299212598426 peintres
169.51181102362204 502.01574803149606 68.5984251968504 13.606299212598426 résolument
223.37007874015748 502.01574803149606 34.2992125984252 13.606299212598426 non
238.11023622047244 502.01574803149606 34.2992125984252 13.606299212598426 figu-

22.96062992125984 512.503937007874 45.354330708661415 12.188976377952756 ratifs
54.70866141732284 512.503937007874 31.748031496062993 12.188976377952756 qui
72.85039370078741 512.503937007874 31.748031496062993 12.188976377952756 ont
90.99212598425197 512.503937007874 27.212598425196852 12.188976377952756 le
104.5984251968504 512.503937007874 49.889763779527556 12.188976377952756 courage
140.88188976377953 512.503937007874 27.212598425196852 12.188976377952756 de
154.77165354330708 512.503937007874 36.28346456692913 12.188976377952756 leur
177.4488188976378 512.503937007874 58.960629921259844 12.188976377952756 position.
218.26771653543307 512.503937007874 54.425196850393704 12.188976377952756 Cherkaoui,

21.826771653543307 522.4251968503937 51.023622047244096 13.88976377952756 devenu
57.54330708661417 522.4251968503937 61.22834645669291 13.88976377952756 parisien
103.46456692913385 522.4251968503937 76.53543307086615 13.88976377952756 d’adoption,
164.9763779527559 522.4251968503937 40.818897637795274 13.88976377952756 n’en
190.48818897637796 522.4251968503937 45.92125984251968 13.88976377952756 reste
221.10236220472441 522.4251968503937 35.71653543307087 13.88976377952756 pas
236.40944881889763 522.4251968503937 35.71653543307087 13.88976377952756 moins

22.96062992125984 534.3307086614174 78.23622047244095 12.755905511811024 profondément
86.45669291338582 534.3307086614174 53.574803149606296 12.755905511811024 attaché
125.29133858267717 534.3307086614174 34.2992125984252 12.755905511811024 aux
144.8503937007874 534.3307086614174 48.75590551181102 12.755905511811024 signes
179.1496062992126 534.3307086614174 73.13385826771653 12.755905511811024 ancestraux;
232.7244094488189 534.3307086614174 39.118110236220474 12.755905511811024 Elbaz,

22.393700787401574 545.9527559055118 79.93700787401575 10.204724409448819 actuellement
87.59055118110236 545.9527559055118 24.944881889763778 10.204724409448819 à
97.51181102362204 545.9527559055118 60.09448818897638 10.204724409448819 Londres,
142.58267716535434 545.9527559055118 30.04724409448819 10.204724409448819 se
157.60629921259843 545.9527559055118 45.07086614173228 10.204724409448819 lance
187.6535433070866 545.9527559055118 39.968503937007874 10.204724409448819 avec
212.5984251968504 545.9527559055118 50.173228346456696 10.204724409448819 fougue
242.64566929133858 545.9527559055118 30.04724409448819 10.204724409448819 dans

21.826771653543307 555.5905511811023 49.039370078740156 11.622047244094489 toutes
56.125984251968504 555.5905511811023 34.2992125984252 11.622047244094489 les
75.68503937007874 555.5905511811023 78.51968503937007 11.622047244094489 possibilités
139.46456692913387 555.5905511811023 58.960629921259844 11.622047244094489 qu’offre
183.68503937007873 555.5905511811023 29.480314960629922 11.622047244094489 la
198.4251968503937 555.5905511811023 63.77952755905512 11.622047244094489 peinture.
242.64566929133858 555.5905511811023 29.480314960629922 11.622047244094489 Meki

22.677165354330707 564.6614173228346 62.36220472440945 13.039370078740157 Meghara,
69.44881889763779 564.6614173228346 31.181102362204726 13.039370078740157 de
85.03937007874016 564.6614173228346 67.74803149606299 13.039370078740157 formation
137.1968503937008 564.6614173228346 41.669291338582674 13.039370078740157 plus
162.99212598425197 564.6614173228346 72.85039370078741 13.039370078740157 espagnole,
220.251968503937 564.6614173228346 31.181102362204726 13.039370078740157 se
230.74015748031496 564.6614173228346 41.669291338582674 13.039370078740157 révèle

22.96062992125984 574.8661417322835 38.267716535433074 14.740157480314961 l’un
47.05511811023622 574.8661417322835 33.44881889763779 14.740157480314961 des
66.04724409448819 574.8661417322835 38.267716535433074 14.740157480314961 plus
90.14173228346456 574.8661417322835 67.18110236220473 14.740157480314961 talentueux
142.86614173228347 574.8661417322835 28.62992125984252 14.740157480314961 et
157.03937007874015 574.8661417322835 47.90551181102362 14.740157480314961 semble
190.77165354330708 574.8661417322835 43.08661417322835 14.740157480314961 avoir
219.4015748031496 574.8661417322835 47.90551181102362 14.740157480314961 trouvé
248.03149606299212 574.8661417322835 24.094488188976378 14.740157480314961 son

21.826771653543307 585.6377952755905 66.61417322834646 11.905511811023622 équilibre
72.85039370078741 585.6377952755905 71.71653543307086 11.905511811023622 dynamique;
129.25984251968504 585.6377952755905 56.125984251968504 11.905511811023622 Bennani
170.07874015748033 585.6377952755905 45.92125984251968 11.905511811023622 reste
200.69291338582678 585.6377952755905 30.614173228346456 11.905511811023622 au
216.28346456692913 585.6377952755905 45.92125984251968 11.905511811023622 Maroc
241.79527559055117 585.6377952755905 30.614173228346456 11.905511811023622 pour

23.244094488188978 596.6929133858267 44.503937007874015 13.606299212598426 lutter
54.425196850393704 596.6929133858267 26.64566929133858 13.606299212598426 et
67.74803149606299 596.6929133858267 39.968503937007874 13.606299212598426 faire
94.39370078740157 596.6929133858267 53.29133858267716 13.606299212598426 admettre
134.36220472440945 596.6929133858267 26.64566929133858 13.606299212598426 au
147.68503937007873 596.6929133858267 44.503937007874015 13.606299212598426 public
178.86614173228347 596.6929133858267 26.64566929133858 13.606299212598426 la
192.18897637795277 596.6929133858267 48.75590551181102 13.606299212598426 liberté
227.6220472440945 596.6929133858267 26.64566929133858 13.606299212598426 de
236.69291338582678 596.6929133858267 35.43307086614173 13.606299212598426 l’art;

22.393700787401574 608.0314960629921 42.51968503937008 11.05511811023622 Amar,
50.74015748031496 608.0314960629921 37.7007874015748 11.05511811023622 sans
74.26771653543307 608.0314960629921 42.51968503937008 11.05511811023622 cesse
102.61417322834646 608.0314960629921 23.52755905511811 11.05511811023622 à
111.96850393700787 608.0314960629921 28.346456692913385 11.05511811023622 la
126.14173228346456 608.0314960629921 61.22834645669291 11.05511811023622 recherche
173.1968503937008 608.0314960629921 42.51968503937008 11.05511811023622 d’une
201.54330708661416 608.0314960629921 56.40944881889764 11.05511811023622 nouvelle
239.24409448818898 608.0314960629921 32.881889763779526 11.05511811023622 tech-

22.393700787401574 617.9527559055118 51.023622047244096 17.5748031496063 nique,
58.110236220472444 617.9527559055118 30.614173228346456 17.5748031496063 se
73.41732283464567 617.9527559055118 71.43307086614173 17.5748031496063 spécialise
129.54330708661416 617.9527559055118 71.43307086614173 17.5748031496063 maintenant
185.38582677165354 617.9527559055118 40.818897637795274 17.5748031496063 dans
210.89763779527559 617.9527559055118 30.614173228346456 17.5748031496063 la
221.10236220472441 617.9527559055118 51.023622047244096 17.5748031496063 gravure;

18.992125984251967 635.2440944881889 19.275590551181104 12.188976377952756 84
