307.84251968503935 660.7559055118111
27.212598425196852 26.362204724409448 37.98425196850393 17.007874015748033 FORUM

46.488188976377955 83.33858267716535 24.094488188976378 20.976377952755904 Un
58.39370078740158 83.33858267716535 44.22047244094488 20.976377952755904 certain
90.70866141732283 83.33858267716535 40.25196850393701 20.976377952755904 nombre
118.77165354330708 83.33858267716535 24.094488188976378 20.976377952755904 de
130.96062992125985 83.33858267716535 40.25196850393701 20.976377952755904 points
159.0236220472441 83.33858267716535 60.37795275590551 20.976377952755904 d’animation
207.21259842519686 83.33858267716535 28.062992125984252 20.976377952755904 ont
223.37007874015748 83.33858267716535 28.062992125984252 20.976377952755904 été
239.5275590551181 83.33858267716535 56.40944881889764 20.976377952755904 distribués
279.496062992126 83.33858267716535 12.188976377952756 20.976377952755904 à

45.07086614173228 94.39370078740157 45.92125984251968 19.559055118110237 travers
78.51968503937007 94.39370078740157 29.19685039370079 19.559055118110237 les
95.24409448818898 94.39370078740157 41.95275590551181 19.559055118110237 salles
124.7244094488189 94.39370078740157 25.228346456692915 19.559055118110237 de
137.1968503937008 94.39370078740157 25.228346456692915 19.559055118110237 la
149.66929133858267 94.39370078740157 50.173228346456696 19.559055118110237 Biennale
187.37007874015748 94.39370078740157 58.67716535433071 19.559055118110237 concernant
233.29133858267716 94.39370078740157 58.67716535433071 19.559055118110237 notamment:
275.244094488189 94.39370078740157 16.724409448818896 19.559055118110237 le

44.78740157480315 106.01574803149606 36.28346456692913 16.15748031496063 tirage
70.2992125984252 106.01574803149606 25.511811023622048 16.15748031496063 des
84.75590551181102 106.01574803149606 47.05511811023622 16.15748031496063 gravures,
121.03937007874016 106.01574803149606 25.511811023622048 16.15748031496063 les
135.49606299212599 106.01574803149606 36.28346456692913 16.15748031496063 postes
161.00787401574803 106.01574803149606 21.826771653543307 16.15748031496063 de
171.7795275590551 106.01574803149606 54.425196850393704 16.15748031496063 télévision,
215.1496062992126 106.01574803149606 21.826771653543307 16.15748031496063 la
226.20472440944883 106.01574803149606 36.28346456692913 16.15748031496063 cabine
248.03149606299212 106.01574803149606 43.37007874015748 16.15748031496063 d’audition

44.503937007874015 115.37007874015748 33.732283464566926 15.023622047244094 pour
65.48031496062993 115.37007874015748 29.480314960629922 15.023622047244094 les
82.48818897637796 115.37007874015748 41.95275590551181 15.023622047244094 œuvres
111.68503937007874 115.37007874015748 67.18110236220473 15.023622047244094 enregistrées
166.39370078740157 115.37007874015748 25.228346456692915 15.023622047244094 de
179.1496062992126 115.37007874015748 62.92913385826772 15.023622047244094 Composition
225.35433070866142 115.37007874015748 46.20472440944882 15.023622047244094 Musicale.

44.22047244094488 126.99212598425197 25.228346456692915 18.708661417322833 On
56.976377952755904 126.99212598425197 50.45669291338583 18.708661417322833 trouvera
94.67716535433071 126.99212598425197 20.976377952755904 18.708661417322833 à
102.89763779527559 126.99212598425197 33.44881889763779 18.708661417322833 leur
123.8740157480315 126.99212598425197 37.7007874015748 18.708661417322833 place
149.10236220472441 126.99212598425197 41.95275590551181 18.708661417322833 toutes
178.58267716535434 126.99212598425197 62.92913385826772 18.708661417322833 indications
228.75590551181102 126.99212598425197 58.67716535433071 18.708661417322833 concernant
270.70866141732284 126.99212598425197 20.976377952755904 18.708661417322833 ces

43.08661417322835 137.76377952755905 58.110236220472444 16.440944881889763 différents
88.7244094488189 137.76377952755905 45.63779527559055 16.440944881889763 centres
121.88976377952756 137.76377952755905 66.33070866141732 16.440944881889763 d’animation.
175.748031496063 137.76377952755905 58.110236220472444 16.440944881889763 Néanmoins,
221.38582677165354 137.76377952755905 49.889763779527556 16.440944881889763 d’autres
258.8031496062992 137.76377952755905 28.913385826771652 16.440944881889763 ont
271.2755905511811 137.76377952755905 20.69291338582677 16.440944881889763 été

43.37007874015748 146.26771653543307 37.13385826771653 15.023622047244094 créés
68.31496062992126 146.26771653543307 32.881889763779526 15.023622047244094 dont
88.7244094488189 146.26771653543307 24.661417322834644 15.023622047244094 on
101.19685039370079 146.26771653543307 49.32283464566929 15.023622047244094 trouvera
138.33070866141733 146.26771653543307 24.661417322834644 15.023622047244094 la
150.51968503937007 146.26771653543307 37.13385826771653 15.023622047244094 liste
171.21259842519686 146.26771653543307 53.574803149606296 15.023622047244094 ci

20.69291338582677 172.91338582677164 99.77952755905511 20.125984251968504 PROPOSITION
104.03149606299213 172.91338582677164 44.22047244094488 20.125984251968504 POUR
131.5275590551181 172.91338582677164 38.83464566929134 20.125984251968504 UNE
153.92125984251967 172.91338582677164 49.889763779527556 20.125984251968504 SALLE
187.08661417322836 172.91338582677164 33.16535433070866 20.125984251968504 DE
198.14173228346456 172.91338582677164 49.889763779527556 20.125984251968504 JEU

20.69291338582677 186.51968503937007 103.46456692913385 18.4251968503937 PARTICIPATION
108.56692913385827 186.51968503937007 51.59055118110236 18.4251968503937 ACTIVE
144.56692913385828 186.51968503937007 30.89763779527559 18.4251968503937 DU
155.0551181102362 186.51968503937007 87.8740157480315 18.4251968503937 SPECTATEUR

42.23622047244095 207.49606299212599 23.811023622047244 16.440944881889763 Le
54.14173228346457 207.49606299212599 35.71653543307087 16.440944881889763 forum
77.95275590551181 207.49606299212599 23.811023622047244 16.440944881889763 de
89.5748031496063 207.49606299212599 23.811023622047244 16.440944881889763 la
101.48031496062993 207.49606299212599 47.338582677165356 16.440944881889763 Biennale
137.1968503937008 207.49606299212599 23.811023622047244 16.440944881889763 de
149.10236220472441 207.49606299212599 35.71653543307087 16.440944881889763 Paris
172.62992125984252 207.49606299212599 19.84251968503937 16.440944881889763 a
180.56692913385828 207.49606299212599 27.77952755905512 16.440944881889763 été
196.44094488188978 207.49606299212599 43.37007874015748 16.440944881889763 utilisé
228.18897637795277 207.49606299212599 35.71653543307087 16.440944881889763 cette
251.71653543307087 207.49606299212599 35.71653543307087 16.440944881889763 année
271.5590551181102 207.49606299212599 19.84251968503937 16.440944881889763 par

41.95275590551181 216.28346456692913 23.244094488188978 19.559055118110237 le
53.574803149606296 216.28346456692913 31.181102362204726 19.559055118110237 G.R.
73.13385826771653 216.28346456692913 27.212598425196852 19.559055118110237 AV.
88.7244094488189 216.28346456692913 31.181102362204726 19.559055118110237 pour
108.0 216.28346456692913 34.86614173228347 19.559055118110237 créer
131.5275590551181 216.28346456692913 23.244094488188978 19.559055118110237 un
143.1496062992126 216.28346456692913 31.181102362204726 19.559055118110237 lieu
162.4251968503937 216.28346456692913 23.244094488188978 19.559055118110237 de
174.33070866141733 216.28346456692913 66.04724409448819 19.559055118110237 participation
228.75590551181102 216.28346456692913 38.83464566929134 19.559055118110237 active
255.96850393700788 216.28346456692913 23.244094488188978 19.559055118110237 du
263.62204724409446 216.28346456692913 27.212598425196852 19.559055118110237 spec

36.56692913385827 225.63779527559055 37.13385826771653 12.755905511811024 tateur.

41.38582677165354 241.51181102362204 40.818897637795274 17.858267716535433 Depuis
70.01574803149606 241.51181102362204 53.29133858267716 17.858267716535433 plusieurs
110.83464566929133 241.51181102362204 40.818897637795274 17.858267716535433 années
139.46456692913387 241.51181102362204 24.661417322834644 17.858267716535433 le
151.6535433070866 241.51181102362204 40.818897637795274 17.858267716535433 Groupe
180.28346456692913 241.51181102362204 40.818897637795274 17.858267716535433 dirige
208.91338582677164 241.51181102362204 28.62992125984252 17.858267716535433 ses
225.35433070866142 241.51181102362204 45.07086614173228 17.858267716535433 efforts
258.23622047244095 241.51181102362204 32.59842519685039 17.858267716535433 vers
274.3937007874016 241.51181102362204 16.440944881889763 17.858267716535433 la

40.818897637795274 254.5511811023622 72.0 13.88976377952756 démystification
101.48031496062993 254.5511811023622 22.677165354330707 13.88976377952756 de
112.81889763779527 254.5511811023622 41.669291338582674 13.88976377952756 l’œuvre
143.1496062992126 254.5511811023622 34.01574803149607 13.88976377952756 d’art
165.82677165354332 254.5511811023622 22.677165354330707 13.88976377952756 et
177.16535433070865 254.5511811023622 22.677165354330707 13.88976377952756 de
188.50393700787401 254.5511811023622 37.98425196850393 13.88976377952756 l’acte
215.1496062992126 254.5511811023622 45.354330708661415 13.88976377952756 créateur
249.16535433070865 254.5511811023622 22.677165354330707 13.88976377952756 et
260.503937007874 254.5511811023622 30.330708661417322 13.88976377952756 vers
275.81102362204723 254.5511811023622 15.023622047244094 13.88976377952756 la

40.818897637795274 263.33858267716533 77.95275590551181 15.874015748031496 reconsidération
106.2992125984252 263.33858267716533 24.661417322834644 15.874015748031496 du
118.48818897637796 263.33858267716533 57.54330708661417 15.874015748031496 spectateur
163.84251968503938 263.33858267716533 24.661417322834644 15.874015748031496 en
176.03149606299212 263.33858267716533 61.511811023622045 15.874015748031496 s’efforçant
225.35433070866142 263.33858267716533 24.661417322834644 15.874015748031496 de
237.54330708661416 263.33858267716533 53.29133858267716 15.874015748031496 remplacer
274.3937007874016 263.33858267716533 16.440944881889763 15.874015748031496 la

40.25196850393701 272.40944881889766 52.44094488188976 13.88976377952756 situation
80.50393700787401 272.40944881889766 44.503937007874015 13.88976377952756 passive
112.81889763779527 272.40944881889766 56.40944881889764 13.88976377952756 habituelle
157.3228346456693 272.40944881889766 28.346456692913385 13.88976377952756 par
173.48031496062993 272.40944881889766 28.346456692913385 13.88976377952756 des
189.63779527559055 272.40944881889766 72.56692913385827 13.88976377952756 sollicitations
250.29921259842519 272.40944881889766 24.094488188976378 13.88976377952756 ou
258.23622047244095 272.40944881889766 32.31496062992126 13.88976377952756 provo-

39.968503937007874 280.62992125984255 43.93700787401575 13.88976377952756 cations
71.71653543307086 280.62992125984255 19.84251968503937 13.88976377952756 à
75.68503937007874 280.62992125984255 43.93700787401575 13.88976377952756 l’action.

40.25196850393701 297.6377952755906 42.23622047244095 17.291338582677167 L’œuvre
71.14960629921259 297.6377952755906 49.889763779527556 17.291338582677167 disparaît
109.7007874015748 297.6377952755906 22.96062992125984 17.291338582677167 au
121.03937007874016 297.6377952755906 38.55118110236221 17.291338582677167 profit
147.96850393700788 297.6377952755906 53.85826771653543 17.291338582677167 d’éléments
190.20472440944883 297.6377952755906 26.929133858267715 17.291338582677167 qui
205.79527559055117 297.6377952755906 57.54330708661417 17.291338582677167 contribuent
251.71653543307087 297.6377952755906 19.275590551181104 17.291338582677167 à
255.68503937007873 297.6377952755906 34.58267716535433 17.291338582677167 l’orga-

39.68503937007874 308.12598425196853 43.653543307086615 15.590551181102363 nisation
72.56692913385827 308.12598425196853 29.19685039370079 15.590551181102363 d’un
90.70866141732283 308.12598425196853 29.19685039370079 15.590551181102363 lieu
108.85039370078741 308.12598425196853 21.826771653543307 15.590551181102363 de
119.62204724409449 308.12598425196853 36.28346456692913 15.590551181102363 loisir
145.13385826771653 308.12598425196853 21.826771653543307 15.590551181102363 et
156.18897637795277 308.12598425196853 58.110236220472444 15.590551181102363 d’activation
203.24409448818898 308.12598425196853 21.826771653543307 15.590551181102363 où
214.29921259842519 308.12598425196853 25.511811023622048 15.590551181102363 les
228.75590551181102 308.12598425196853 43.653543307086615 15.590551181102363 éléments
261.3543307086614 308.12598425196853 21.826771653543307 15.590551181102363 ne
268.7244094488189 308.12598425196853 21.826771653543307 15.590551181102363 sont

38.55118110236221 316.62992125984255 36.56692913385827 12.755905511811024 plus
61.511811023622045 316.62992125984255 32.031496062992126 12.755905511811024 des
79.65354330708661 316.62992125984255 45.63779527559055 12.755905511811024 œuvres
107.14960629921259 316.62992125984255 45.63779527559055 12.755905511811024 fermées.

39.68503937007874 333.3543307086614 26.64566929133858 16.724409448818896 Ils
54.70866141732284 333.3543307086614 64.62992125984252 16.724409448818896 interviennent
108.0 333.3543307086614 22.677165354330707 16.724409448818896 en
119.33858267716535 333.3543307086614 26.64566929133858 16.724409448818896 vue
134.64566929133858 333.3543307086614 22.677165354330707 16.724409448818896 de
145.98425196850394 333.3543307086614 34.2992125984252 16.724409448818896 créer
168.9448818897638 333.3543307086614 26.64566929133858 16.724409448818896 des
183.96850393700788 333.3543307086614 53.29133858267716 16.724409448818896 situations
225.92125984251967 333.3543307086614 22.677165354330707 16.724409448818896 où
237.25984251968504 333.3543307086614 22.677165354330707 16.724409448818896 le
244.91338582677164 333.3543307086614 45.63779527559055 16.724409448818896 spectateur

38.83464566929134 345.54330708661416 50.173228346456696 12.472440944881889 participe
77.66929133858268 345.54330708661416 34.86614173228347 12.472440944881889 d’une
100.91338582677166 345.54330708661416 34.86614173228347 12.472440944881889 façon
123.8740157480315 345.54330708661416 38.55118110236221 12.472440944881889 active
151.08661417322836 345.54330708661416 23.244094488188978 12.472440944881889 et
162.70866141732284 345.54330708661416 42.51968503937008 12.472440944881889 directe
193.60629921259843 345.54330708661416 23.244094488188978 12.472440944881889 en
205.22834645669292 345.54330708661416 26.929133858267715 12.472440944881889 les
220.53543307086613 345.54330708661416 42.51968503937008 12.472440944881889 faisant
251.71653543307087 345.54330708661416 38.55118110236221 12.472440944881889 réagir
274.6771653543307 345.54330708661416 15.590551181102363 12.472440944881889 et

37.98425196850393 354.0472440944882 27.496062992125985 14.456692913385826 en
51.59055118110236 354.0472440944882 63.77952755905512 14.456692913385826 réagissant
97.22834645669292 354.0472440944882 50.173228346456696 14.456692913385826 lui

17.007874015748033 378.70866141732284 49.60629921259842 15.874015748031496 ART
51.874015748031496 378.70866141732284 64.62992125984252 15.874015748031496 DYNAMIQUE
96.66141732283465 378.70866141732284 59.52755905511811 15.874015748031496 VISUEL

38.55118110236221 398.5511811023622 62.645669291338585 15.307086614173228 MachineMee
87.8740157480315 398.5511811023622 62.645669291338585 15.307086614173228 dispositif
137.1968503937008 398.5511811023622 49.32283464566929 15.307086614173228 optique
173.1968503937008 398.5511811023622 49.32283464566929 15.307086614173228 destiné
208.91338582677164 398.5511811023622 22.393700787401574 15.307086614173228 à
217.98425196850394 398.5511811023622 53.85826771653543 15.307086614173228 projeter
258.23622047244095 398.5511811023622 31.46456692913386 15.307086614173228 sur
271.84251968503935 398.5511811023622 17.858267716535433 15.307086614173228 un

37.98425196850393 409.8897637795276 39.118110236220474 12.188976377952756 écran
63.77952755905512 409.8897637795276 30.330708661417322 12.188976377952756 des
81.35433070866142 409.8897637795276 47.62204724409449 12.188976377952756 figures
115.93700787401575 409.8897637795276 60.661417322834644 12.188976377952756 lumineuses
163.55905511811022 409.8897637795276 26.078740157480315 12.188976377952756 en
176.5984251968504 409.8897637795276 64.91338582677166 12.188976377952756 perpétuelle
224.50393700787401 409.8897637795276 64.91338582677166 12.188976377952756 métamorphose.

37.7007874015748 416.9763779527559 28.62992125984252 14.456692913385826 Le
52.15748031496063 416.9763779527559 61.79527559055118 14.456692913385826 mouvement
99.49606299212599 416.9763779527559 28.62992125984252 14.456692913385826 et
113.95275590551181 416.9763779527559 71.43307086614173 14.456692913385826 l’évolution
170.9291338582677 416.9763779527559 33.16535433070866 14.456692913385826 des
189.92125984251967 416.9763779527559 52.15748031496063 14.456692913385826 figures
227.90551181102362 416.9763779527559 52.15748031496063 14.456692913385826 peuvent
261.07086614173227 416.9763779527559 28.62992125984252 14.456692913385826 être

37.41732283464567 427.18110236220474 53.29133858267716 13.32283464566929 dirigées
77.38582677165354 427.18110236220474 22.11023622047244 13.32283464566929 à
86.1732283464567 427.18110236220474 48.75590551181102 13.32283464566929 volonté
121.60629921259843 427.18110236220474 39.968503937007874 13.32283464566929 selon
148.251968503937 427.18110236220474 26.64566929133858 13.32283464566929 un
161.5748031496063 427.18110236220474 57.54330708661417 13.32283464566929 programme
205.79527559055117 427.18110236220474 57.54330708661417 13.32283464566929 préétabli
250.01574803149606 427.18110236220474 35.43307086614173 13.32283464566929 dont
267.87401574803147 427.18110236220474 22.11023622047244 13.32283464566929 les

37.98425196850393 436.53543307086613 68.31496062992126 15.874015748031496 combinaisons
93.54330708661418 436.53543307086613 34.2992125984252 15.874015748031496 sont
114.80314960629921 436.53543307086613 59.811023622047244 15.874015748031496 illimitées
161.85826771653544 436.53543307086613 25.511811023622048 15.874015748031496 et
174.61417322834646 436.53543307086613 59.811023622047244 15.874015748031496 permettent
221.66929133858267 436.53543307086613 25.511811023622048 15.874015748031496 de
234.4251968503937 436.53543307086613 51.30708661417323 15.874015748031496 réaliser
268.7244094488189 436.53543307086613 21.25984251968504 15.874015748031496 des

37.13385826771653 447.3070866141732 70.2992125984252 17.007874015748033 compositions
94.11023622047244 447.3070866141732 56.976377952755904 17.007874015748033 précises.
137.76377952755905 447.3070866141732 52.724409448818896 17.007874015748033 L’auteur
177.4488188976378 447.3070866141732 26.362204724409448 17.007874015748033 de
190.48818897637796 447.3070866141732 39.40157480314961 17.007874015748033 cette
216.8503937007874 447.3070866141732 48.188976377952756 17.007874015748033 machine
247.46456692913387 447.3070866141732 26.362204724409448 17.007874015748033 est:

37.7007874015748 458.0787401574803 75.68503937007874 18.708661417322833 Hans-Walter
100.91338582677166 458.0787401574803 63.21259842519685 18.708661417322833 MULLER
151.37007874015748 458.0787401574803 25.228346456692915 18.708661417322833 né
164.1259842519685 458.0787401574803 25.228346456692915 18.708661417322833 en
176.5984251968504 458.0787401574803 33.732283464566926 18.708661417322833 1935
197.5748031496063 458.0787401574803 20.976377952755904 18.708661417322833 à
206.07874015748033 458.0787401574803 37.98425196850393 18.708661417322833 Worms
227.0551181102362 458.0787401574803 58.960629921259844 18.708661417322833 (Allemagne).

16.15748031496063 484.4409448818898 28.913385826771652 14.173228346456693 BAR

37.13385826771653 508.81889763779526 23.811023622047244 15.023622047244094 Un
49.039370078740156 508.81889763779526 27.496062992125985 15.023622047244094 bar
64.91338582677166 508.81889763779526 27.496062992125985 15.023622047244094 est
80.50393700787401 508.81889763779526 19.84251968503937 15.023622047244094 à
88.44094488188976 508.81889763779526 23.811023622047244 15.023622047244094 la
100.34645669291339 508.81889763779526 59.24409448818898 15.023622047244094 disposition
147.68503937007873 508.81889763779526 23.811023622047244 15.023622047244094 du
159.59055118110237 508.81889763779526 39.40157480314961 15.023622047244094 public
187.08661417322836 508.81889763779526 43.37007874015748 15.023622047244094 pendant
218.5511811023622 508.81889763779526 39.40157480314961 15.023622047244094 toutes
246.33070866141733 508.81889763779526 27.496062992125985 15.023622047244094 les
258.23622047244095 508.81889763779526 31.46456692913386 15.023622047244094 heures

36.56692913385827 519.3070866141733 62.645669291338585 15.307086614173228 d’ouverture
86.74015748031496 519.3070866141733 24.944881889763778 15.307086614173228 de
99.21259842519684 519.3070866141733 24.944881889763778 15.307086614173228 la
107.71653543307086 519.3070866141733 45.92125984251968 15.307086614173228 Biennale.

15.874015748031496 540.8503937007874 62.07874015748032 19.275590551181104 LIVRES
63.496062992125985 540.8503937007874 28.62992125984252 19.275590551181104 ET
77.95275590551181 540.8503937007874 47.62204724409449 19.275590551181104 REVUES
111.4015748031496 540.8503937007874 33.44881889763779 19.275590551181104 SUR
125.5748031496063 540.8503937007874 52.44094488188976 19.275590551181104 L’ART

36.8503937007874 564.3779527559055 23.244094488188978 16.724409448818896 Un
48.47244094488189 564.3779527559055 34.86614173228347 16.724409448818896 choix
71.71653543307086 564.3779527559055 23.244094488188978 16.724409448818896 de
83.33858267716535 564.3779527559055 38.83464566929134 16.724409448818896 livres
110.55118110236221 564.3779527559055 23.244094488188978 16.724409448818896 et
122.1732283464567 564.3779527559055 38.83464566929134 16.724409448818896 revues
149.38582677165354 564.3779527559055 27.212598425196852 16.724409448818896 sur
164.9763779527559 564.3779527559055 34.86614173228347 16.724409448818896 l’art
188.2204724409449 564.3779527559055 62.07874015748032 16.724409448818896 contemporain
238.39370078740157 564.3779527559055 27.212598425196852 16.724409448818896 est
253.98425196850394 564.3779527559055 27.212598425196852 16.724409448818896 mis
269.5748031496063 564.3779527559055 19.275590551181104 16.724409448818896 à
273.25984251968504 564.3779527559055 15.590551181102363 16.724409448818896 la

35.71653543307087 574.5826771653543 61.79527559055118 17.007874015748033 disposition
85.32283464566929 574.5826771653543 24.661417322834644 17.007874015748033 du
97.79527559055119 574.5826771653543 41.38582677165354 17.007874015748033 public
126.70866141732283 574.5826771653543 32.881889763779526 17.007874015748033 dans
147.11811023622047 574.5826771653543 24.661417322834644 17.007874015748033 un
159.59055118110237 574.5826771653543 37.13385826771653 17.007874015748033 salon
184.251968503937 574.5826771653543 24.661417322834644 17.007874015748033 de
192.4724409448819 574.5826771653543 41.38582677165354 17.007874015748033 lecture.

36.28346456692913 586.7716535433071 24.944881889763778 14.456692913385826 En
48.75590551181102 586.7716535433071 41.38582677165354 14.456692913385826 outre,
77.66929133858268 586.7716535433071 24.944881889763778 14.456692913385826 un
90.14173228346456 586.7716535433071 49.60629921259842 14.456692913385826 comptoir
127.2755905511811 586.7716535433071 24.944881889763778 14.456692913385826 de
139.748031496063 586.7716535433071 41.38582677165354 14.456692913385826 vente,
168.66141732283464 586.7716535433071 49.60629921259842 14.456692913385826 organisé
205.79527559055117 586.7716535433071 28.913385826771652 14.456692913385826 par
222.51968503937007 586.7716535433071 24.944881889763778 14.456692913385826 la
234.70866141732284 586.7716535433071 53.85826771653543 14.456692913385826 librairie
272.12598425196853 586.7716535433071 16.440944881889763 14.456692913385826 La

35.71653543307087 595.5590551181102 43.08661417322835 17.858267716535433 Hune,
64.34645669291339 595.5590551181102 47.62204724409449 17.858267716535433 permet
97.79527559055119 595.5590551181102 66.89763779527559 17.858267716535433 d’acquérir
150.23622047244095 595.5590551181102 28.62992125984252 17.858267716535433 ou
164.69291338582678 595.5590551181102 28.62992125984252 17.858267716535433 de
179.1496062992126 595.5590551181102 62.07874015748032 17.858267716535433 commander
226.77165354330708 595.5590551181102 33.44881889763779 17.858267716535433 les
241.22834645669292 595.5590551181102 47.62204724409449 17.858267716535433 ouvrages

30.614173228346456 606.6141732283464 47.05511811023622 12.755905511811024 exposés.

32.31496062992126 638.0787401574803 23.244094488188978 13.32283464566929 188
