287.1496062992126 672.6614173228346
71.71653543307086 14.456692913385826 198.70866141732284 27.77952755905512 TCHÉCOSLOVAQUIE

31.46456692913386 122.1732283464567 73.7007874015748 25.228346456692915 Commissaire
90.4251968503937 122.1732283464567 58.960629921259844 25.228346456692915 général:
134.64566929133858 122.1732283464567 58.960629921259844 25.228346456692915 Jaroslav
173.76377952755905 122.1732283464567 39.40157480314961 25.228346456692915 Serych

32.881889763779526 137.1968503937008 50.74015748031496 18.992125984251967 Peintre.
70.86614173228347 137.1968503937008 58.960629921259844 18.992125984251967 Professeur
117.35433070866142 137.1968503937008 20.976377952755904 18.992125984251967 à
125.5748031496063 137.1968503937008 58.960629921259844 18.992125984251967 l’Académie
172.06299212598427 137.1968503937008 29.480314960629922 18.992125984251967 des
184.8188976377953 137.1968503937008 54.70866141732284 18.992125984251967 Beaux

21.543307086614174 175.748031496063 28.62992125984252 20.409448818897637 Le
36.0 175.748031496063 42.803149606299215 20.409448818897637 choix
64.34645669291339 175.748031496063 42.803149606299215 20.409448818897637 libre
92.97637795275591 175.748031496063 56.976377952755904 20.409448818897637 d’œuvres
135.49606299212599 175.748031496063 71.14960629921259 20.409448818897637 plastiques,
192.4724409448819 175.748031496063 56.976377952755904 20.409448818897637 d’œuvres
230.45669291338584 175.748031496063 23.811023622047244 20.409448818897637 mu-

13.039370078740157 188.50393700787401 49.32283464566929 18.992125984251967 sicales
49.039370078740156 188.50393700787401 26.929133858267715 18.992125984251967 et
62.36220472440945 188.50393700787401 26.929133858267715 18.992125984251967 de
75.96850393700787 188.50393700787401 71.71653543307086 18.992125984251967 réalisations
134.07874015748033 188.50393700787401 85.03937007874016 18.992125984251967 scénographiques
201.25984251968504 188.50393700787401 53.85826771653543 18.992125984251967 présentées

12.755905511811024 198.99212598425197 23.811023622047244 18.708661417322833 à
22.393700787401574 198.99212598425197 42.803149606299215 18.708661417322833 cette
50.74015748031496 198.99212598425197 42.803149606299215 18.708661417322833 vaste
79.37007874015748 198.99212598425197 80.78740157480316 18.708661417322833 confrontation
145.98425196850394 198.99212598425197 56.976377952755904 18.708661417322833 mondiale
188.78740157480314 198.99212598425197 33.16535433070866 18.708661417322833 est
207.7795275590551 198.99212598425197 33.16535433070866 18.708661417322833 dû,
222.23622047244095 198.99212598425197 33.16535433070866 18.708661417322833 cette

12.755905511811024 212.31496062992127 52.724409448818896 16.724409448818896 fois-ci,
52.44094488188976 212.31496062992127 48.47244094488189 16.724409448818896 presque
87.59055118110236 212.31496062992127 66.04724409448819 16.724409448818896 entièrement
140.5984251968504 212.31496062992127 22.11023622047244 16.724409448818896 à
149.38582677165354 212.31496062992127 70.2992125984252 16.724409448818896 l’initiative
206.36220472440945 212.31496062992127 39.68503937007874 16.724409448818896 d’une
228.4724409448819 212.31496062992127 26.362204724409448 16.724409448818896 com-

13.039370078740157 219.68503937007873 49.60629921259842 20.409448818897637 mission
49.039370078740156 219.68503937007873 26.929133858267715 20.409448818897637 de
62.645669291338585 219.68503937007873 45.07086614173228 20.409448818897637 jeunes
94.11023622047244 219.68503937007873 58.67716535433071 20.409448818897637 rattachée
139.1811023622047 219.68503937007873 22.393700787401574 20.409448818897637 à
148.251968503937 219.68503937007873 49.60629921259842 20.409448818897637 l’Union
184.251968503937 219.68503937007873 31.46456692913386 20.409448818897637 des
197.5748031496063 219.68503937007873 58.67716535433071 20.409448818897637 plasticiens

13.32283464566929 231.8740157480315 28.062992125984252 20.125984251968504 et
27.212598425196852 231.8740157480315 23.244094488188978 20.125984251968504 à
36.56692913385827 231.8740157480315 51.30708661417323 20.125984251968504 l’Union
73.7007874015748 231.8740157480315 32.59842519685039 20.125984251968504 des
92.40944881889764 231.8740157480315 74.55118110236221 20.125984251968504 compositeurs
148.53543307086613 231.8740157480315 83.90551181102362 20.125984251968504 tchécoslovaques.

21.25984251968504 244.62992125984252 40.25196850393701 19.559055118110237 Pour
46.488188976377955 244.62992125984252 50.173228346456696 19.559055118110237 donner
81.63779527559055 244.62992125984252 35.1496062992126 19.559055118110237 une
101.48031496062993 244.62992125984252 40.25196850393701 19.559055118110237 idée
126.70866141732283 244.62992125984252 35.1496062992126 19.559055118110237 des
146.83464566929135 244.62992125984252 50.173228346456696 19.559055118110237 forces
181.98425196850394 244.62992125984252 70.2992125984252 19.559055118110237 créatrices
232.15748031496062 244.62992125984252 24.944881889763778 19.559055118110237 que

13.88976377952756 256.53543307086613 45.07086614173228 17.007874015748033 recèle
45.354330708661415 256.53543307086613 26.929133858267715 17.007874015748033 la
58.960629921259844 256.53543307086613 62.92913385826772 17.007874015748033 génération
108.56692913385827 256.53543307086613 58.67716535433071 17.007874015748033 montante,
153.63779527559055 256.53543307086613 36.0 17.007874015748033 nous
176.03149606299212 256.53543307086613 40.53543307086614 17.007874015748033 avons
202.96062992125985 256.53543307086613 40.53543307086614 17.007874015748033 opté,
225.63779527559055 256.53543307086613 31.46456692913386 17.007874015748033 cette

13.88976377952756 267.3070866141732 45.07086614173228 17.007874015748033 année,
45.354330708661415 267.3070866141732 36.0 17.007874015748033 pour
68.03149606299213 267.3070866141732 26.929133858267715 17.007874015748033 un
81.35433070866142 267.3070866141732 45.07086614173228 17.007874015748033 nombre
113.10236220472441 267.3070866141732 36.0 17.007874015748033 plus
135.49606299212599 267.3070866141732 58.67716535433071 17.007874015748033 restreint
180.56692913385828 267.3070866141732 26.929133858267715 17.007874015748033 de
189.63779527559055 267.3070866141732 67.46456692913385 17.007874015748033 participants.

13.88976377952756 277.2283464566929 30.614173228346456 17.007874015748033 Si,
31.181102362204726 277.2283464566929 34.86614173228347 17.007874015748033 dans
53.00787401574803 277.2283464566929 26.078740157480315 17.007874015748033 le
66.04724409448819 277.2283464566929 39.118110236220474 17.007874015748033 choix
92.1259842519685 277.2283464566929 26.078740157480315 17.007874015748033 de
105.44881889763779 277.2283464566929 30.614173228346456 17.007874015748033 ces
122.74015748031496 277.2283464566929 56.69291338582677 17.007874015748033 derniers,
166.39370078740157 277.2283464566929 26.078740157480315 17.007874015748033 il
179.43307086614172 277.2283464566929 21.826771653543307 17.007874015748033 a
188.2204724409449 277.2283464566929 39.118110236220474 17.007874015748033 fallu
210.04724409448818 277.2283464566929 47.90551181102362 17.007874015748033 sacrifier

13.88976377952756 287.43307086614175 31.46456692913386 18.708661417322833 des
32.031496062992126 287.43307086614175 54.14173228346457 18.708661417322833 artistes
72.56692913385827 287.43307086614175 31.46456692913386 18.708661417322833 qui
90.4251968503937 287.43307086614175 26.929133858267715 18.708661417322833 ne
104.03149606299213 287.43307086614175 26.929133858267715 18.708661417322833 le
117.63779527559055 287.43307086614175 45.07086614173228 18.708661417322833 cèdent
149.10236220472441 287.43307086614175 26.929133858267715 18.708661417322833 en
162.70866141732284 287.43307086614175 36.0 18.708661417322833 rien
185.38582677165354 287.43307086614175 22.677165354330707 18.708661417322833 à
194.17322834645668 287.43307086614175 36.0 18.708661417322833 ceux
216.8503937007874 287.43307086614175 31.46456692913386 18.708661417322833 ici
230.45669291338584 287.43307086614175 26.929133858267715 18.708661417322833 pré-

14.173228346456693 300.4724409448819 46.20472440944882 15.590551181102363 sents,
46.488188976377955 300.4724409448819 41.38582677165354 15.590551181102363 c’est
73.98425196850394 300.4724409448819 36.8503937007874 15.590551181102363 pour
97.22834645669292 300.4724409448819 46.20472440944882 15.590551181102363 rendre
129.25984251968504 300.4724409448819 36.8503937007874 15.590551181102363 plus
152.50393700787401 300.4724409448819 55.275590551181104 15.590551181102363 sensible
193.88976377952756 300.4724409448819 27.77952755905512 15.590551181102363 la
207.7795275590551 300.4724409448819 50.74015748031496 15.590551181102363 poussée
240.09448818897638 300.4724409448819 18.4251968503937 15.590551181102363 de

14.456692913385826 309.54330708661416 39.40157480314961 18.141732283464567 cette
40.53543307086614 309.54330708661416 39.40157480314961 18.141732283464567 vague
66.89763779527559 309.54330708661416 56.69291338582677 18.141732283464567 puissante
110.55118110236221 309.54330708661416 26.362204724409448 18.141732283464567 et
123.59055118110236 309.54330708661416 30.614173228346456 18.141732283464567 les
141.16535433070865 309.54330708661416 70.01574803149606 18.141732283464567 possibilités
197.85826771653544 309.54330708661416 48.188976377952756 18.141732283464567 qu’elle
228.4724409448819 309.54330708661416 30.614173228346456 18.141732283464567 porte

14.456692913385826 321.73228346456693 25.511811023622048 15.023622047244094 en
27.212598425196852 321.73228346456693 37.98425196850393 15.023622047244094 elle.
52.44094488188976 321.73228346456693 25.511811023622048 15.023622047244094 On
65.19685039370079 321.73228346456693 50.74015748031496 15.023622047244094 pourrait
103.46456692913385 321.73228346456693 33.732283464566926 15.023622047244094 dire
124.44094488188976 321.73228346456693 29.763779527559056 15.023622047244094 que
141.4488188976378 321.73228346456693 25.511811023622048 15.023622047244094 ce
154.20472440944883 321.73228346456693 37.98425196850393 15.023622047244094 choix
179.43307086614172 321.73228346456693 42.23622047244095 15.023622047244094 visait
209.1968503937008 321.73228346456693 21.25984251968504 15.023622047244094 à
213.4488188976378 321.73228346456693 46.488188976377955 15.023622047244094 illustrer

13.88976377952756 330.8031496062992 30.04724409448819 18.708661417322833 la
28.913385826771652 330.8031496062992 60.09448818897638 18.708661417322833 tendance
73.98425196850394 330.8031496062992 75.11811023622047 18.708661417322833 progressive
134.07874015748033 330.8031496062992 54.99212598425197 18.708661417322833 d’idées
174.33070866141733 330.8031496062992 39.968503937007874 18.708661417322833 sous
199.2755905511811 330.8031496062992 30.04724409448819 18.708661417322833 le
209.1968503937008 330.8031496062992 50.173228346456696 18.708661417322833 flambeau

14.456692913385826 343.84251968503935 64.91338582677166 14.173228346456693 desquelles
65.19685039370079 343.84251968503935 32.31496062992126 14.173228346456693 les
83.90551181102362 343.84251968503935 46.20472440944882 14.173228346456693 jeunes
116.22047244094489 343.84251968503935 55.55905511811024 14.173228346456693 artistes
157.88976377952756 343.84251968503935 51.023622047244096 14.173228346456693 peuvent
195.0236220472441 343.84251968503935 60.37795275590551 14.173228346456693 exploiter
236.69291338582678 343.84251968503935 23.244094488188978 14.173228346456693 une

14.173228346456693 353.4803149606299 57.826771653543304 15.874015748031496 quantité
57.54330708661417 353.4803149606299 72.56692913385827 15.874015748031496 innombrable
115.65354330708661 353.4803149606299 28.913385826771652 15.874015748031496 de
130.11023622047244 353.4803149606299 48.188976377952756 15.874015748031496 moyens
163.84251968503938 353.4803149606299 77.38582677165354 15.874015748031496 d’expression
226.77165354330708 353.4803149606299 28.913385826771652 15.874015748031496 en
236.40944881889763 353.4803149606299 24.094488188976378 15.874015748031496 vue

14.740157480314961 363.68503937007875 27.496062992125985 17.291338582677167 de
28.346456692913385 363.68503937007875 54.70866141732284 17.291338582677167 traduire
69.44881889763779 363.68503937007875 36.56692913385827 17.291338582677167 dans
92.40944881889764 363.68503937007875 27.496062992125985 17.291338582677167 la
106.01574803149606 363.68503937007875 50.173228346456696 17.291338582677167 matière
142.58267716535434 363.68503937007875 32.031496062992126 17.291338582677167 les
161.00787401574803 363.68503937007875 68.5984251968504 17.291338582677167 conceptions
215.71653543307087 363.68503937007875 45.63779527559055 17.291338582677167 qu’ils
243.21259842519686 363.68503937007875 18.141732283464567 17.291338582677167 se

15.307086614173228 378.4251968503937 28.346456692913385 15.023622047244094 font
33.16535433070866 378.4251968503937 21.25984251968504 15.023622047244094 de
43.93700787401575 378.4251968503937 21.25984251968504 15.023622047244094 la
51.023622047244096 378.4251968503937 21.25984251968504 15.023622047244094 vie.

23.52755905511811 386.0787401574803 32.59842519685039 18.708661417322833 Ces
41.95275590551181 386.0787401574803 51.30708661417323 18.708661417322833 efforts
79.37007874015748 386.0787401574803 28.062992125984252 18.708661417322833 de
93.25984251968504 386.0787401574803 56.125984251968504 18.708661417322833 l’esprit
135.49606299212599 386.0787401574803 46.77165354330709 18.708661417322833 voient
168.09448818897638 386.0787401574803 65.19685039370079 18.708661417322833 maintenant
214.58267716535434 386.0787401574803 46.77165354330709 18.708661417322833 s’ouvrir

14.173228346456693 399.68503937007875 48.75590551181102 14.173228346456693 devant
48.188976377952756 399.68503937007875 34.01574803149607 14.173228346456693 eux
67.74803149606299 399.68503937007875 34.01574803149607 14.173228346456693 les
87.02362204724409 399.68503937007875 77.95275590551181 14.173228346456693 possibilités
150.23622047244095 399.68503937007875 43.653543307086615 14.173228346456693 d’une
179.43307086614172 399.68503937007875 82.77165354330708 14.173228346456693 manifestation
242.64566929133858 399.68503937007875 19.559055118110237 14.173228346456693 et

14.456692913385826 412.7244094488189 39.68503937007874 12.755905511811024 d’un
39.118110236220474 412.7244094488189 74.26771653543307 12.755905511811024 déploiement
98.64566929133858 412.7244094488189 64.34645669291339 12.755905511811024 spontanés
148.251968503937 412.7244094488189 39.68503937007874 12.755905511811024 qui,
172.91338582677164 412.7244094488189 39.68503937007874 12.755905511811024 bien
197.85826771653544 412.7244094488189 39.68503937007874 12.755905511811024 sûr,
222.51968503937007 412.7244094488189 29.763779527559056 12.755905511811024 ne
232.44094488188978 412.7244094488189 29.763779527559056 12.755905511811024 pré-

15.023622047244094 421.2283464566929 50.45669291338583 15.023622047244094 tendent
51.59055118110236 421.2283464566929 32.031496062992126 15.023622047244094 pas
70.01574803149606 421.2283464566929 50.45669291338583 15.023622047244094 épuiser
106.86614173228347 421.2283464566929 27.496062992125985 15.023622047244094 le
120.4724409448819 421.2283464566929 41.38582677165354 15.023622047244094 sujet
147.96850393700788 421.2283464566929 27.496062992125985 15.023622047244094 et
161.85826771653544 421.2283464566929 45.92125984251968 15.023622047244094 rendre
193.88976377952756 421.2283464566929 45.92125984251968 15.023622047244094 compte
225.92125984251967 421.2283464566929 36.8503937007874 15.023622047244094 dans
244.3464566929134 421.2283464566929 18.4251968503937 15.023622047244094 sa

15.023622047244094 431.43307086614175 54.99212598425197 15.590551181102363 totalité
56.40944881889764 431.43307086614175 27.496062992125985 15.590551181102363 de
70.01574803149606 431.43307086614175 45.92125984251968 15.590551181102363 l’état
102.33070866141732 431.43307086614175 59.811023622047244 15.590551181102363 spirituel
148.251968503937 431.43307086614175 27.496062992125985 15.590551181102363 de
161.85826771653544 431.43307086614175 32.031496062992126 15.590551181102363 nos
180.28346456692913 431.43307086614175 50.45669291338583 15.590551181102363 jeunes.
217.13385826771653 431.43307086614175 36.8503937007874 15.590551181102363 Mais
235.55905511811022 431.43307086614175 27.496062992125985 15.590551181102363 l’on

15.023622047244094 443.90551181102364 55.84251968503937 13.88976377952756 perçoit
55.55905511811024 443.90551181102364 66.04724409448819 13.88976377952756 nettement
106.2992125984252 443.90551181102364 40.53543307086614 13.88976377952756 leur
131.81102362204723 443.90551181102364 55.84251968503937 13.88976377952756 volonté
172.3464566929134 443.90551181102364 81.07086614173228 13.88976377952756 d’engagement
233.29133858267716 443.90551181102364 30.330708661417322 13.88976377952756 dans

15.307086614173228 453.8267716535433 32.881889763779526 12.755905511811024 une
34.2992125984252 453.8267716535433 37.41732283464567 12.755905511811024 voie
57.54330708661417 453.8267716535433 60.94488188976378 12.755905511811024 nouvelle.
104.5984251968504 453.8267716535433 51.59055118110236 12.755905511811024 Aboutir
142.01574803149606 453.8267716535433 23.52755905511811 12.755905511811024 à
151.37007874015748 453.8267716535433 28.062992125984252 12.755905511811024 un
165.54330708661416 453.8267716535433 51.59055118110236 12.755905511811024 espace,
202.96062992125985 453.8267716535433 56.125984251968504 12.755905511811024 n’est-ce
240.3779527559055 453.8267716535433 23.52755905511811 12.755905511811024 pas

15.590551181102363 462.3307086614173 29.19685039370079 15.590551181102363 là
30.04724409448819 462.3307086614173 29.19685039370079 15.590551181102363 le
44.78740157480315 462.3307086614173 43.93700787401575 15.590551181102363 trait
73.98425196850394 462.3307086614173 92.40944881889764 15.590551181102363 caractéristique
151.93700787401573 462.3307086614173 29.19685039370079 15.590551181102363 de
166.39370078740157 462.3307086614173 43.93700787401575 15.590551181102363 notre
195.59055118110237 462.3307086614173 53.574803149606296 15.590551181102363 époque?
229.88976377952756 462.3307086614173 34.01574803149607 15.590551181102363 Voilà

15.307086614173228 473.6692913385827 59.811023622047244 16.440944881889763 pourquoi
60.37795275590551 473.6692913385827 39.968503937007874 16.440944881889763 nous
85.32283464566929 473.6692913385827 64.91338582677166 16.440944881889763 voudrions
135.21259842519686 473.6692913385827 49.889763779527556 16.440944881889763 ouvrir
170.07874015748033 473.6692913385827 54.99212598425197 16.440944881889763 grandes
209.76377952755905 473.6692913385827 34.86614173228347 16.440944881889763 les
224.78740157480314 473.6692913385827 39.968503937007874 16.440944881889763 portes

15.307086614173228 484.4409448818898 48.47244094488189 15.023622047244094 donnant
50.74015748031496 484.4409448818898 30.89763779527559 15.023622047244094 sur
68.31496062992126 484.4409448818898 30.89763779527559 15.023622047244094 les
86.1732283464567 484.4409448818898 48.47244094488189 15.023622047244094 espaces
121.32283464566929 484.4409448818898 26.362204724409448 15.023622047244094 et
134.64566929133858 484.4409448818898 30.89763779527559 15.023622047244094 les
152.2204724409449 484.4409448818898 66.33070866141732 15.023622047244094 profondeurs
205.22834645669292 484.4409448818898 26.362204724409448 15.023622047244094 du
214.29921259842519 484.4409448818898 48.47244094488189 15.023622047244094 spirituel

15.590551181102363 494.0787401574803 31.748031496062993 16.724409448818896 qui
33.732283464566926 494.0787401574803 36.28346456692913 16.724409448818896 doit
56.40944881889764 494.0787401574803 49.889763779527556 16.724409448818896 trouver
92.97637795275591 494.0787401574803 27.212598425196852 16.724409448818896 la
106.58267716535433 494.0787401574803 40.818897637795274 16.724409448818896 place
133.79527559055117 494.0787401574803 31.748031496062993 16.724409448818896 lui
151.93700787401573 494.0787401574803 54.425196850393704 16.724409448818896 revenant
192.75590551181102 494.0787401574803 27.212598425196852 16.724409448818896 de
206.64566929133858 494.0787401574803 40.818897637795274 16.724409448818896 droit
233.85826771653544 494.0787401574803 22.677165354330707 16.724409448818896 à
238.39370078740157 494.0787401574803 27.212598425196852 16.724409448818896 côté

15.307086614173228 504.56692913385825 33.732283464566926 15.307086614173228 des
34.58267716535433 504.56692913385825 53.00787401574803 15.307086614173228 grandes
73.13385826771653 504.56692913385825 76.81889763779527 15.307086614173228 réalisations
135.49606299212599 504.56692913385825 67.18110236220473 15.307086614173228 techniques
188.50393700787401 504.56692913385825 33.732283464566926 15.307086614173228 des
207.49606299212599 504.56692913385825 57.826771653543304 15.307086614173228 peuples.
246.04724409448818 504.56692913385825 19.275590551181104 15.307086614173228 Il

15.874015748031496 515.6220472440945 43.93700787401575 15.307086614173228 semble
46.488188976377955 515.6220472440945 30.89763779527559 15.307086614173228 que
64.06299212598425 515.6220472440945 30.89763779527559 15.307086614173228 les
81.63779527559055 515.6220472440945 48.47244094488189 15.307086614173228 efforts
116.78740157480316 515.6220472440945 26.362204724409448 15.307086614173228 de
130.11023622047244 515.6220472440945 26.362204724409448 15.307086614173228 la
143.1496062992126 515.6220472440945 48.47244094488189 15.307086614173228 plupart
178.29921259842519 515.6220472440945 30.89763779527559 15.307086614173228 des
195.8740157480315 515.6220472440945 43.93700787401575 15.307086614173228 jeunes
222.23622047244095 515.6220472440945 43.93700787401575 15.307086614173228 artistes

15.590551181102363 526.6771653543307 28.346456692913385 17.007874015748033 se
29.763779527559056 526.6771653543307 52.15748031496063 17.007874015748033 portent
67.74803149606299 526.6771653543307 37.98425196850393 17.007874015748033 dans
91.55905511811024 526.6771653543307 42.51968503937008 17.007874015748033 cette
119.90551181102362 526.6771653543307 66.33070866141732 17.007874015748033 direction.
172.06299212598427 526.6771653543307 42.51968503937008 17.007874015748033 Voilà
200.40944881889763 526.6771653543307 56.976377952755904 17.007874015748033 pourquoi
238.39370078740157 526.6771653543307 28.346456692913385 17.007874015748033 nous

16.15748031496063 537.1653543307086 48.47244094488189 16.15748031496063 saluons
51.30708661417323 537.1653543307086 26.362204724409448 16.15748031496063 la
64.34645669291339 537.1653543307086 66.04724409448819 16.15748031496063 possibilité
117.07086614173228 537.1653543307086 30.89763779527559 16.15748031496063 qui
134.64566929133858 537.1653543307086 35.1496062992126 16.15748031496063 nous
156.75590551181102 537.1653543307086 30.89763779527559 16.15748031496063 est
174.33070866141733 537.1653543307086 48.47244094488189 16.15748031496063 offerte
209.48031496062993 537.1653543307086 30.89763779527559 16.15748031496063 par
227.0551181102362 537.1653543307086 26.362204724409448 16.15748031496063 la
235.84251968503938 537.1653543307086 30.89763779527559 16.15748031496063 Bien-

16.15748031496063 547.9370078740158 39.40157480314961 17.858267716535433 nale
40.818897637795274 547.9370078740158 29.480314960629922 17.858267716535433 de
55.55905511811024 547.9370078740158 44.22047244094488 17.858267716535433 Paris
85.03937007874016 547.9370078740158 29.480314960629922 17.858267716535433 de
99.77952755905511 547.9370078740158 39.40157480314961 17.858267716535433 nous
124.44094488188976 547.9370078740158 44.22047244094488 17.858267716535433 faire
153.92125984251967 547.9370078740158 34.58267716535433 17.858267716535433 les
173.76377952755905 547.9370078740158 73.98425196850394 17.858267716535433 interprètes
232.7244094488189 547.9370078740158 29.480314960629922 17.858267716535433 de
242.64566929133858 547.9370078740158 24.661417322834644 17.858267716535433 ces

13.32283464566929 561.5433070866142 30.89763779527559 15.307086614173228 idées.

179.71653543307087 582.2362204724409 62.92913385826772 15.590551181102363 Jaroslav
221.66929133858267 582.2362204724409 47.338582677165356 15.590551181102363 Serych.
