307.84251968503935 660.7559055118111
37.7007874015748 7.086614173228346 169.79527559055117 21.543307086614174 MANIFESTATIONS
175.1811023622047 7.086614173228346 105.16535433070867 21.543307086614174 ANNEXES

142.01574803149606 290.26771653543307 54.70866141732284 13.606299212598426 GALERIE
181.13385826771653 290.26771653543307 35.1496062992126 13.606299212598426 "A"

90.14173228346456 300.18897637795277 29.763779527559056 15.590551181102363 68,
107.14960629921259 300.18897637795277 29.763779527559056 15.590551181102363 rue
124.15748031496064 300.18897637795277 59.52755905511811 15.590551181102363 Bonaparte,
170.9291338582677 300.18897637795277 38.267716535433074 15.590551181102363 Paris
196.15748031496062 300.18897637795277 34.01574803149607 15.590551181102363 (6e)
217.41732283464566 300.18897637795277 21.25984251968504 15.590551181102363 —
225.92125984251967 300.18897637795277 34.01574803149607 15.590551181102363 DAN.
242.9291338582677 300.18897637795277 29.763779527559056 15.590551181102363 30

83.33858267716535 315.7795275590551 60.94488188976378 17.291338582677167 Exposition
131.24409448818898 315.7795275590551 26.078740157480315 17.291338582677167 du
144.28346456692913 315.7795275590551 26.078740157480315 17.291338582677167 13
157.3228346456693 315.7795275590551 47.90551181102362 17.291338582677167 octobre
192.18897637795277 315.7795275590551 26.078740157480315 17.291338582677167 au
205.22834645669292 315.7795275590551 21.826771653543307 17.291338582677167 B
214.01574803149606 315.7795275590551 52.44094488188976 17.291338582677167 novembre
248.88188976377953 315.7795275590551 30.614173228346456 17.291338582677167 1965.

80.50393700787401 330.23622047244095 58.39370078740158 17.291338582677167 Vernissage
126.4251968503937 330.23622047244095 24.944881889763778 17.291338582677167 le
138.89763779527559 330.23622047244095 49.889763779527556 17.291338582677167 mercredi
176.31496062992127 330.23622047244095 24.944881889763778 17.291338582677167 13
188.78740157480314 330.23622047244095 45.63779527559055 17.291338582677167 octobre
221.95275590551182 330.23622047244095 24.944881889763778 17.291338582677167 de
234.70866141732284 330.23622047244095 24.944881889763778 17.291338582677167 18
247.1811023622047 330.23622047244095 20.69291338582677 17.291338582677167 à
255.4015748031496 330.23622047244095 24.944881889763778 17.291338582677167 22
263.62204724409446 330.23622047244095 16.724409448818896 17.291338582677167 h.

124.7244094488189 342.70866141732284 32.31496062992126 14.456692913385826 Tous
144.8503937007874 342.70866141732284 28.346456692913385 14.456692913385826 les
161.00787401574803 342.70866141732284 36.28346456692913 14.456692913385826 jours
185.38582677165354 342.70866141732284 32.31496062992126 14.456692913385826 sauf
205.51181102362204 342.70866141732284 24.37795275590551 14.456692913385826 le
213.4488188976378 342.70866141732284 28.346456692913385 14.456692913385826 lundi

83.05511811023622 351.7795275590551 25.511811023622048 16.440944881889763 de
95.81102362204724 351.7795275590551 25.511811023622048 16.440944881889763 10
108.56692913385827 351.7795275590551 21.25984251968504 16.440944881889763 h
117.07086614173228 351.7795275590551 25.511811023622048 16.440944881889763 30
129.54330708661416 351.7795275590551 21.25984251968504 16.440944881889763 à
138.04724409448818 351.7795275590551 25.511811023622048 16.440944881889763 12
150.8031496062992 351.7795275590551 21.25984251968504 16.440944881889763 h
159.30708661417322 351.7795275590551 25.511811023622048 16.440944881889763 30
172.06299212598427 351.7795275590551 25.511811023622048 16.440944881889763 et
184.53543307086613 351.7795275590551 25.511811023622048 16.440944881889763 de
197.29133858267716 351.7795275590551 25.511811023622048 16.440944881889763 14
210.04724409448818 351.7795275590551 21.25984251968504 16.440944881889763 h
218.5511811023622 351.7795275590551 25.511811023622048 16.440944881889763 30
231.30708661417322 351.7795275590551 21.25984251968504 16.440944881889763 à
239.81102362204723 351.7795275590551 25.511811023622048 16.440944881889763 19
252.28346456692913 351.7795275590551 21.25984251968504 16.440944881889763 n
256.53543307086613 351.7795275590551 21.25984251968504 16.440944881889763 30.

161.00787401574803 376.4409448818898 41.95275590551181 15.307086614173228 DYENS

141.16535433070865 390.3307086614173 74.83464566929133 14.456692913385826 SCULPTURES

50.74015748031496 403.65354330708664 66.33070866141732 15.874015748031496 L’exposition
104.88188976377953 403.65354330708664 24.944881889763778 15.874015748031496 de
117.35433070866142 403.65354330708664 45.63779527559055 15.874015748031496 Georges
150.51968503937007 403.65354330708664 41.38582677165354 15.874015748031496 Dyens,
179.43307086614172 403.65354330708664 29.19685039370079 15.874015748031496 qui
196.15748031496062 403.65354330708664 49.889763779527556 15.874015748031496 comprend
233.5748031496063 403.65354330708664 29.19685039370079 15.874015748031496 des
250.01574803149606 403.65354330708664 41.38582677165354 15.874015748031496 pièces
274.96062992125985 403.65354330708664 24.944881889763778 15.874015748031496 dont

50.45669291338583 415.5590551181102 23.811023622047244 16.440944881889763 la
62.36220472440945 415.5590551181102 47.62204724409449 16.440944881889763 création
98.07874015748031 415.5590551181102 59.52755905511811 16.440944881889763 s’échelonne
145.41732283464566 415.5590551181102 35.71653543307087 16.440944881889763 entre
169.22834645669292 415.5590551181102 31.748031496062993 16.440944881889763 1960
189.0708661417323 415.5590551181102 23.811023622047244 16.440944881889763 et
200.9763779527559 415.5590551181102 35.71653543307087 16.440944881889763 1965.
224.78740157480314 415.5590551181102 39.68503937007874 16.440944881889763 montre
248.31496062992127 415.5590551181102 51.59055118110236 16.440944881889763 l’évolution

49.889763779527556 425.4803149606299 22.677165354330707 14.456692913385826 de
61.22834645669291 425.4803149606299 22.677165354330707 14.456692913385826 ce
72.56692913385827 425.4803149606299 34.01574803149607 14.456692913385826 jeune
95.24409448818898 425.4803149606299 49.32283464566929 14.456692913385826 sculpteur
133.22834645669292 425.4803149606299 22.677165354330707 14.456692913385826 de
144.56692913385828 425.4803149606299 22.677165354330707 14.456692913385826 sa
155.90551181102362 425.4803149606299 37.98425196850393 14.456692913385826 sortie
182.5511811023622 425.4803149606299 22.677165354330707 14.456692913385826 de
193.88976377952756 425.4803149606299 49.32283464566929 14.456692913385826 l’atelier
231.59055118110237 425.4803149606299 30.330708661417322 14.456692913385826 d’H.
250.58267716535434 425.4803149606299 22.677165354330707 14.456692913385826 G.
261.9212598425197 425.4803149606299 34.01574803149607 14.456692913385826 Adam,
280.9133858267717 425.4803149606299 18.992125984251967 14.456692913385826 aux

50.45669291338583 433.13385826771656 57.25984251968504 17.007874015748033 Beaux-Arts
95.24409448818898 433.13385826771656 24.661417322834644 17.007874015748033 de
107.71653543307086 433.13385826771656 40.818897637795274 17.007874015748033 Paris,
136.3464566929134 433.13385826771656 24.661417322834644 17.007874015748033 où
148.53543307086613 433.13385826771656 24.661417322834644 17.007874015748033 il
160.7244094488189 433.13385826771656 49.039370078740156 17.007874015748033 remporta
197.5748031496063 433.13385826771656 24.661417322834644 17.007874015748033 le
209.76377952755905 433.13385826771656 36.8503937007874 17.007874015748033 grand
234.4251968503937 433.13385826771656 32.59842519685039 17.007874015748033 Prix
254.83464566929135 433.13385826771656 24.661417322834644 17.007874015748033 de
267.3070866141732 433.13385826771656 32.59842519685039 17.007874015748033 Rome
283.46456692913387 433.13385826771656 16.440944881889763 17.007874015748033 en

49.889763779527556 444.755905511811 36.8503937007874 15.023622047244094 1961,
74.26771653543307 444.755905511811 53.29133858267716 15.023622047244094 jusqu’aux
115.37007874015748 444.755905511811 49.039370078740156 15.023622047244094 derniers
152.2204724409449 444.755905511811 32.881889763779526 15.023622047244094 mois
172.62992125984252 444.755905511811 24.661417322834644 15.023622047244094 de
184.8188976377953 444.755905511811 28.62992125984252 15.023622047244094 son
201.25984251968504 444.755905511811 41.10236220472441 15.023622047244094 séjour
229.88976377952756 444.755905511811 20.409448818897637 15.023622047244094 à
238.11023622047244 444.755905511811 36.8503937007874 15.023622047244094 Rome.
262.7716535433071 444.755905511811 32.881889763779526 15.023622047244094 Bien
279.21259842519686 444.755905511811 20.409448818897637 15.023622047244094 que

49.039370078740156 454.1102362204724 37.41732283464567 14.456692913385826 vivant
75.11811023622047 454.1102362204724 22.393700787401574 14.456692913385826 et
86.45669291338582 454.1102362204724 56.125984251968504 14.456692913385826 travaillant
131.24409448818898 454.1102362204724 18.708661417322833 14.456692913385826 à
138.89763779527559 454.1102362204724 22.393700787401574 14.456692913385826 la
149.95275590551182 454.1102362204724 33.732283464566926 14.456692913385826 Villa
172.3464566929134 454.1102362204724 44.78740157480315 14.456692913385826 Médicis,
206.07874015748033 454.1102362204724 37.41732283464567 14.456692913385826 Dyens,
232.15748031496062 454.1102362204724 37.41732283464567 14.456692913385826 depuis
258.5196850393701 454.1102362204724 33.732283464566926 14.456692913385826 1957,
277.2283464566929 454.1102362204724 22.393700787401574 14.456692913385826 n’en

49.039370078740156 464.0314960629921 19.275590551181104 14.173228346456693 a
56.976377952755904 464.0314960629921 26.929133858267715 14.173228346456693 pas
72.28346456692914 464.0314960629921 34.58267716535433 14.173228346456693 moins
95.5275590551181 464.0314960629921 50.173228346456696 14.173228346456693 participé
133.79527559055117 464.0314960629921 26.929133858267715 14.173228346456693 aux
149.38582677165354 464.0314960629921 30.89763779527559 14.173228346456693 plus
168.66141732283464 464.0314960629921 57.826771653543304 14.173228346456693 importantes
214.86614173228347 464.0314960629921 69.44881889763779 14.173228346456693 manifestations
268.7244094488189 464.0314960629921 30.89763779527559 14.173228346456693 artis-

48.47244094488189 472.53543307086613 40.53543307086614 15.874015748031496 tiques
76.81889763779527 472.53543307086613 60.661417322834644 15.874015748031496 parisienne:
125.29133858267717 472.53543307086613 36.56692913385827 15.874015748031496 Salon
149.66929133858267 472.53543307086613 24.37795275590551 15.874015748031496 de
161.85826771653544 472.53543307086613 24.37795275590551 15.874015748031496 la
173.76377952755905 472.53543307086613 36.56692913385827 15.874015748031496 Jeune
198.14173228346456 472.53543307086613 56.69291338582677 15.874015748031496 Sculpture,
242.64566929133858 472.53543307086613 48.47244094488189 15.874015748031496 Réalités
274.96062992125985 472.53543307086613 24.37795275590551 15.874015748031496 Nou-

48.47244094488189 482.1732283464567 41.95275590551181 14.456692913385826 velles,
78.80314960629921 482.1732283464567 64.62992125984252 14.456692913385826 Comparaisons,
132.09448818897638 482.1732283464567 30.330708661417322 14.456692913385826 etc.
151.08661417322836 482.1732283464567 34.2992125984252 14.456692913385826 Outre
174.04724409448818 482.1732283464567 22.96062992125984 14.456692913385826 le
185.38582677165354 482.1732283464567 30.330708661417322 14.456692913385826 Prix
204.3779527559055 482.1732283464567 22.96062992125984 14.456692913385826 de
216.0 482.1732283464567 34.2992125984252 14.456692913385826 Rome,
238.6771653543307 482.1732283464567 49.60629921259842 14.456692913385826 l’artiste
272.9763779527559 482.1732283464567 26.64566929133858 14.456692913385826 s’est

48.75590551181102 493.51181102362204 41.10236220472441 12.755905511811024 encore
77.38582677165354 493.51181102362204 24.661417322834644 12.755905511811024 vu
89.85826771653544 493.51181102362204 49.32283464566929 12.755905511811024 décerner
126.70866141732283 493.51181102362204 24.661417322834644 12.755905511811024 le
139.1811023622047 493.51181102362204 32.881889763779526 12.755905511811024 Prix
159.59055118110237 493.51181102362204 24.661417322834644 12.755905511811024 de
172.06299212598427 493.51181102362204 24.661417322834644 12.755905511811024 la
184.251968503937 493.51181102362204 49.32283464566929 12.755905511811024 Critique
221.38582677165354 493.51181102362204 53.574803149606296 12.755905511811024 Allemande
262.48818897637796 493.51181102362204 24.661417322834644 12.755905511811024 en
270.70866141732284 493.51181102362204 28.913385826771652 12.755905511811024 1962,

49.039370078740156 500.59842519685037 23.811023622047244 17.291338582677167 le
60.94488188976378 500.59842519685037 31.748031496062993 17.291338582677167 Prix
80.78740157480316 500.59842519685037 35.71653543307087 17.291338582677167 André
104.5984251968504 500.59842519685037 35.71653543307087 17.291338582677167 Susse
128.69291338582678 500.59842519685037 23.811023622047244 17.291338582677167 de
140.5984251968504 500.59842519685037 23.811023622047244 17.291338582677167 la
152.50393700787401 500.59842519685037 47.62204724409449 17.291338582677167 Biennale
188.2204724409449 500.59842519685037 23.811023622047244 17.291338582677167 de
200.1259842519685 500.59842519685037 35.71653543307087 17.291338582677167 Paris
223.93700787401573 500.59842519685037 23.811023622047244 17.291338582677167 en
235.84251968503938 500.59842519685037 31.748031496062993 17.291338582677167 1963
255.96850393700788 500.59842519685037 23.811023622047244 17.291338582677167 et
267.87401574803147 500.59842519685037 23.811023622047244 17.291338582677167 un
275.81102362204723 500.59842519685037 23.811023622047244 17.291338582677167 prix

47.62204724409449 511.65354330708664 48.75590551181102 14.173228346456693 d’achat
83.33858267716535 511.65354330708664 26.64566929133858 14.173228346456693 au
96.66141732283465 511.65354330708664 53.29133858267716 14.173228346456693 concours
136.62992125984252 511.65354330708664 26.64566929133858 14.173228346456693 de
149.95275590551182 511.65354330708664 48.75590551181102 14.173228346456693 Lourdes
180.8503937007874 511.65354330708664 31.181102362204726 14.173228346456693 1964.

48.75590551181102 522.4251968503937 24.37795275590551 15.874015748031496 Le
60.94488188976378 522.4251968503937 36.28346456692913 15.874015748031496 titre
85.03937007874016 522.4251968503937 24.37795275590551 15.874015748031496 de
97.22834645669292 522.4251968503937 24.37795275590551 15.874015748031496 sa
109.41732283464567 522.4251968503937 36.28346456692913 15.874015748031496 série
133.51181102362204 522.4251968503937 24.37795275590551 15.874015748031496 de
145.70078740157481 522.4251968503937 56.69291338582677 15.874015748031496 sculptures
190.20472440944883 522.4251968503937 48.47244094488189 15.874015748031496 récentes
226.48818897637796 522.4251968503937 20.125984251968504 15.874015748031496 :
234.70866141732284 522.4251968503937 20.125984251968504 15.874015748031496 .
238.6771653543307 522.4251968503937 60.661417322834644 15.874015748031496 Métamorphoses

48.188976377952756 531.7795275590552 39.118110236220474 14.173228346456693 lentes
75.68503937007874 531.7795275590552 19.559055118110237 14.173228346456693 ,
83.62204724409449 531.7795275590552 43.08661417322835 14.173228346456693 indique
114.80314960629921 531.7795275590552 62.645669291338585 14.173228346456693 parfaitement
165.82677165354332 531.7795275590552 23.52755905511811 14.173228346456693 la
177.73228346456693 531.7795275590552 66.61417322834646 14.173228346456693 signification
232.7244094488189 531.7795275590552 51.023622047244096 14.173228346456693 plastique
271.84251968503935 531.7795275590552 23.52755905511811 14.173228346456693 de
279.7795275590551 531.7795275590552 19.559055118110237 14.173228346456693 ses

48.188976377952756 542.8346456692914 57.826771653543304 14.740157480314961 recherches.
94.67716535433071 542.8346456692914 23.244094488188978 14.740157480314961 En
106.01574803149606 542.8346456692914 38.55118110236221 14.740157480314961 effet.
132.9448818897638 542.8346456692914 23.244094488188978 14.740157480314961 il
144.56692913385828 542.8346456692914 23.244094488188978 14.740157480314961 ne
156.18897637795277 542.8346456692914 38.55118110236221 14.740157480314961 s’agit
183.11811023622047 542.8346456692914 38.55118110236221 14.740157480314961 point,
210.04724409448818 542.8346456692914 30.89763779527559 14.740157480314961 dans
229.3228346456693 542.8346456692914 23.244094488188978 14.740157480314961 sa
240.9448818897638 542.8346456692914 42.51968503937008 14.740157480314961 volonté
271.84251968503935 542.8346456692914 23.244094488188978 14.740157480314961 de
279.496062992126 542.8346456692914 19.275590551181104 14.740157480314961 dé-

47.90551181102362 552.7559055118111 45.354330708661415 15.023622047244094 couvrir
81.07086614173228 552.7559055118111 24.661417322834644 15.023622047244094 la
93.25984251968504 552.7559055118111 57.54330708661417 15.023622047244094 communauté
138.61417322834646 552.7559055118111 57.54330708661417 15.023622047244094 originelle
183.96850393700788 552.7559055118111 24.661417322834644 15.023622047244094 de
196.15748031496062 552.7559055118111 41.10236220472441 15.023622047244094 toutes
225.0708661417323 552.7559055118111 28.913385826771652 15.023622047244094 les
241.51181102362204 552.7559055118111 57.54330708661417 15.023622047244094 structures
282.61417322834643 552.7559055118111 16.440944881889763 15.023622047244094 et

47.338582677165356 562.3937007874016 32.881889763779526 11.338582677165354 dans
68.03149606299213 562.3937007874016 24.661417322834644 11.338582677165354 sa
80.50393700787401 562.3937007874016 53.574803149606296 11.338582677165354 tentative
121.60629921259843 562.3937007874016 53.574803149606296 11.338582677165354 d’établir
162.70866141732284 562.3937007874016 24.661417322834644 11.338582677165354 la
175.1811023622047 562.3937007874016 57.54330708661417 11.338582677165354 permanence
220.53543307086613 562.3937007874016 24.661417322834644 11.338582677165354 de
232.7244094488189 562.3937007874016 28.913385826771652 11.338582677165354 ces
249.4488188976378 562.3937007874016 53.574803149606296 11.338582677165354 dernières
286.2992125984252 562.3937007874016 12.472440944881889 11.338582677165354 à

47.05511811023622 571.4645669291339 46.20472440944882 15.307086614173228 travers
80.78740157480316 571.4645669291339 29.480314960629922 15.307086614173228 les
97.51181102362204 571.4645669291339 62.92913385826772 15.307086614173228 différences
147.68503937007873 571.4645669291339 79.65354330708661 15.307086614173228 morphologiques,
214.86614173228347 571.4645669291339 25.228346456692915 15.307086614173228 de
227.33858267716536 571.4645669291339 54.425196850393704 15.307086614173228 déboucher
269.29133858267716 571.4645669291339 29.480314960629922 15.307086614173228 sur
282.0472440944882 571.4645669291339 16.724409448818896 15.307086614173228 un

48.188976377952756 580.8188976377953 26.078740157480315 15.307086614173228 art
63.21259842519685 580.8188976377953 59.811023622047244 15.307086614173228 d’expression
111.68503937007874 580.8188976377953 44.78740157480315 15.307086614173228 statique
145.41732283464566 580.8188976377953 33.732283464566926 15.307086614173228 mais,
167.81102362204723 580.8188976377953 30.04724409448819 15.307086614173228 bien
186.51968503937007 580.8188976377953 41.10236220472441 15.307086614173228 plutôt,
216.56692913385828 580.8188976377953 56.125984251968504 15.307086614173228 d’explorer.
261.3543307086614 580.8188976377953 18.708661417322833 15.307086614173228 à
268.7244094488189 580.8188976377953 22.393700787401574 15.307086614173228 la
276.37795275590554 580.8188976377953 22.393700787401574 15.307086614173228 fois

47.62204724409449 590.1732283464567 27.77952755905512 13.039370078740157 par
63.496062992125985 590.1732283464567 35.71653543307087 13.039370078740157 cette
87.30708661417323 590.1732283464567 55.55905511811024 13.039370078740157 permanence
131.24409448818898 590.1732283464567 23.811023622047244 13.039370078740157 et
143.1496062992126 590.1732283464567 23.811023622047244 13.039370078740157 en
155.0551181102362 590.1732283464567 35.71653543307087 13.039370078740157 dépit
178.86614173228347 590.1732283464567 43.653543307086615 13.039370078740157 d’elle,
210.61417322834646 590.1732283464567 27.77952755905512 13.039370078740157 les
226.48818897637796 590.1732283464567 63.77952755905512 13.039370078740157 innombrables
274.3937007874016 590.1732283464567 23.811023622047244 13.039370078740157 vir-

47.62204724409449 599.2440944881889 47.90551181102362 12.188976377952756 tualités
83.62204724409449 599.2440944881889 67.74803149606299 12.188976377952756 d’élaboration
139.1811023622047 599.2440944881889 59.811023622047244 12.188976377952756 artistiques
187.08661417322836 599.2440944881889 47.90551181102362 12.188976377952756 incluses
223.08661417322836 599.2440944881889 32.031496062992126 12.188976377952756 dans
242.9291338582677 599.2440944881889 27.77952755905512 12.188976377952756 ies
254.83464566929135 599.2440944881889 43.93700787401575 12.188976377952756 processus

46.77165354330709 608.5984251968504 24.661417322834644 15.590551181102363 de
59.24409448818898 608.5984251968504 74.26771653543307 15.590551181102363 transformation
121.32283464566929 608.5984251968504 24.661417322834644 15.590551181102363 de
133.51181102362204 608.5984251968504 24.661417322834644 15.590551181102363 la
141.73228346456693 608.5984251968504 41.38582677165354 15.590551181102363 matière.

43.653543307086615 624.4724409448819 24.094488188976378 11.622047244094489 192
