307.84251968503935 672.6614173228346
5.102362204724409 26.362204724409448 97.22834645669292 17.5748031496063 NORVEGE

55.84251968503937 153.0708661417323 79.93700787401575 18.141732283464567 Commissaire
119.90551181102362 153.0708661417323 64.06299212598425 18.141732283464567 général:
167.81102362204723 153.0708661417323 32.031496062992126 18.141732283464567 M.
183.96850393700788 153.0708661417323 32.031496062992126 18.141732283464567 H.
199.84251968503938 153.0708661417323 47.90551181102362 18.141732283464567 Bugge
226.48818897637796 153.0708661417323 37.41732283464567 18.141732283464567 Mahrt

56.69291338582677 167.24409448818898 53.574803149606296 19.275590551181104 Conseiller
98.92913385826772 167.24409448818898 45.92125984251968 19.275590551181104 culturel
133.51181102362204 167.24409448818898 30.614173228346456 19.275590551181104 près
152.50393700787401 167.24409448818898 57.54330708661417 19.275590551181104 l’Ambassade
198.70866141732284 167.24409448818898 22.96062992125984 19.275590551181104 de
210.04724409448818 167.24409448818898 42.23622047244095 19.275590551181104 Norvège
240.66141732283464 167.24409448818898 19.275590551181104 19.275590551181104 à
244.62992125984252 167.24409448818898 30.614173228346456 19.275590551181104 Paris.

39.118110236220474 213.16535433070865 34.58267716535433 19.559055118110237 En
56.40944881889764 213.16535433070865 69.44881889763779 19.559055118110237 Norvège,
108.28346456692914 213.16535433070865 52.15748031496063 19.559055118110237 comme
143.1496062992126 213.16535433070865 46.20472440944882 19.559055118110237 dans
172.06299212598427 213.16535433070865 69.44881889763779 19.559055118110237 beaucoup
218.26771653543307 213.16535433070865 57.826771653543304 19.559055118110237 d’autres

27.77952755905512 227.33858267716536 40.818897637795274 15.307086614173228 pays,
54.99212598425197 227.33858267716536 27.212598425196852 15.307086614173228 il
68.5984251968504 227.33858267716536 40.818897637795274 15.307086614173228 s’est
95.5275590551181 227.33858267716536 58.67716535433071 15.307086614173228 introduit
140.88188976377953 227.33858267716536 31.748031496062993 15.307086614173228 une
158.74015748031496 227.33858267716536 63.21259842519685 15.307086614173228 atmosphère
204.09448818897638 227.33858267716536 72.28346456692914 15.307086614173228 internationale

26.929133858267715 237.82677165354332 36.28346456692913 13.88976377952756 qui,
49.60629921259842 237.82677165354332 36.28346456692913 13.88976377952756 pour
72.28346456692914 237.82677165354332 31.748031496062993 13.88976377952756 une
90.4251968503937 237.82677165354332 45.354330708661415 13.88976377952756 grande
122.1732283464567 237.82677165354332 36.28346456692913 13.88976377952756 part
144.8503937007874 237.82677165354332 31.748031496062993 13.88976377952756 des
162.70866141732284 237.82677165354332 36.28346456692913 13.88976377952756 arts
185.38582677165354 237.82677165354332 68.03149606299213 13.88976377952756 plastiques,
239.81102362204723 237.82677165354332 36.28346456692913 13.88976377952756 sert
257.9527559055118 237.82677165354332 18.141732283464567 13.88976377952756 de

27.212598425196852 247.46456692913387 38.267716535433074 16.724409448818896 base
51.30708661417323 247.46456692913387 33.44881889763779 16.724409448818896 aux
70.2992125984252 247.46456692913387 62.07874015748032 16.724409448818896 créations
118.20472440944881 247.46456692913387 28.62992125984252 16.724409448818896 de
132.66141732283464 247.46456692913387 28.62992125984252 16.724409448818896 la
146.83464566929135 247.46456692913387 57.54330708661417 16.724409448818896 nouvelle
189.92125984251967 247.46456692913387 66.89763779527559 16.724409448818896 génération
242.64566929133858 247.46456692913387 23.811023622047244 16.724409448818896 à
247.46456692913387 247.46456692913387 28.62992125984252 16.724409448818896 côté

26.362204724409448 259.65354330708664 33.732283464566926 14.456692913385826 des
45.63779527559055 259.65354330708664 67.46456692913385 14.456692913385826 impulsions
98.64566929133858 259.65354330708664 62.645669291338585 14.456692913385826 d’origine
142.29921259842519 259.65354330708664 57.826771653543304 14.456692913385826 nationale.

39.118110236220474 271.84251968503935 28.346456692913385 17.291338582677167 La
53.29133858267716 271.84251968503935 66.33070866141732 17.291338582677167 discussion
105.44881889763779 271.84251968503935 42.51968503937008 17.291338582677167 entre
133.79527559055117 271.84251968503935 33.16535433070866 17.291338582677167 les
152.78740157480314 271.84251968503935 56.69291338582677 17.291338582677167 diverses
195.30708661417322 271.84251968503935 61.511811023622045 17.291338582677167 tendances
242.64566929133858 271.84251968503935 23.52755905511811 17.291338582677167 a
247.46456692913387 271.84251968503935 28.346456692913385 17.291338582677167 cédé

26.64566929133858 283.18110236220474 28.346456692913385 15.874015748031496 la
40.818897637795274 283.18110236220474 42.23622047244095 15.874015748031496 place
69.16535433070867 283.18110236220474 23.52755905511811 15.874015748031496 à
78.51968503937007 283.18110236220474 32.881889763779526 15.874015748031496 une
97.22834645669292 283.18110236220474 56.40944881889764 15.874015748031496 attitude
139.748031496063 283.18110236220474 42.23622047244095 15.874015748031496 selon
167.81102362204723 283.18110236220474 56.40944881889764 15.874015748031496 laquelle
210.33070866141733 283.18110236220474 32.881889763779526 15.874015748031496 les
224.2204724409449 283.18110236220474 51.874015748031496 15.874015748031496 modalités

25.79527559055118 296.2204724409449 76.81889763779527 12.755905511811024 d’expression
88.44094488188976 296.2204724409449 33.732283464566926 12.755905511811024 ont
107.43307086614173 296.2204724409449 33.732283464566926 12.755905511811024 une
126.70866141732283 296.2204724409449 43.37007874015748 12.755905511811024 égale
155.6220472440945 296.2204724409449 53.00787401574803 12.755905511811024 valeur.
194.17322834645668 296.2204724409449 33.732283464566926 12.755905511811024 Les
213.4488188976378 296.2204724409449 48.188976377952756 12.755905511811024 jeunes
242.07874015748033 296.2204724409449 33.732283464566926 12.755905511811024 n’ont

26.078740157480315 306.99212598425197 37.7007874015748 13.606299212598426 plus
49.60629921259842 306.99212598425197 47.05511811023622 13.606299212598426 besoin
82.77165354330708 306.99212598425197 28.346456692913385 13.606299212598426 de
96.94488188976378 306.99212598425197 28.346456692913385 13.606299212598426 se
110.83464566929133 306.99212598425197 47.05511811023622 13.606299212598426 battre
144.0 306.99212598425197 37.7007874015748 13.606299212598426 pour
167.5275590551181 306.99212598425197 42.51968503937008 13.606299212598426 leurs
195.8740157480315 306.99212598425197 75.4015748031496 13.606299212598426 conceptions,
252.28346456692913 306.99212598425197 23.52755905511811 13.606299212598426 ils

25.79527559055118 317.4803149606299 54.70866141732284 9.921259842519685 peuvent
65.76377952755905 317.4803149606299 29.763779527559056 9.921259842519685 se
80.78740157480316 317.4803149606299 69.73228346456693 9.921259842519685 concentrer
135.49606299212599 317.4803149606299 34.86614173228347 9.921259842519685 sur
155.33858267716536 317.4803149606299 34.86614173228347 9.921259842519685 les
175.46456692913387 317.4803149606299 49.889763779527556 9.921259842519685 moyens
210.33070866141733 317.4803149606299 29.763779527559056 9.921259842519685 de
225.0708661417323 317.4803149606299 34.86614173228347 9.921259842519685 les
240.09448818897638 317.4803149606299 34.86614173228347 9.921259842519685 dêve-

25.79527559055118 327.11811023622045 49.889763779527556 16.15748031496063 lopper
60.94488188976378 327.11811023622045 30.04724409448819 16.15748031496063 et
75.96850393700787 327.11811023622045 30.04724409448819 16.15748031496063 de
90.70866141732283 327.11811023622045 39.968503937007874 16.15748031496063 leur
115.65354330708661 327.11811023622045 49.889763779527556 16.15748031496063 donner
150.8031496062992 327.11811023622045 34.86614173228347 16.15748031496063 une
170.64566929133858 327.11811023622045 45.07086614173228 16.15748031496063 forme
200.69291338582678 327.11811023622045 30.04724409448819 16.15748031496063 et
215.71653543307087 327.11811023622045 34.86614173228347 16.15748031496063 une
230.45669291338584 327.11811023622045 45.07086614173228 16.15748031496063 qualité

21.25984251968504 336.4724409448819 61.79527559055118 14.173228346456693 artistiques.

37.98425196850393 350.3622047244094 28.346456692913385 15.590551181102363 Il
52.15748031496063 350.3622047244094 37.98425196850393 15.590551181102363 s’en
75.96850393700787 350.3622047244094 47.338582677165356 15.590551181102363 dégage
109.13385826771653 350.3622047244094 33.16535433070866 15.590551181102363 une
128.1259842519685 350.3622047244094 56.976377952755904 15.590551181102363 certaine
170.9291338582677 350.3622047244094 47.338582677165356 15.590551181102363 notion
204.09448818897638 350.3622047244094 28.346456692913385 15.590551181102363 du
218.26771653543307 350.3622047244094 47.338582677165356 15.590551181102363 milieu
246.89763779527559 350.3622047244094 28.346456692913385 15.590551181102363 dans

25.79527559055118 361.13385826771656 46.20472440944882 13.606299212598426 lequel
58.110236220472444 361.13385826771656 27.77952755905512 13.606299212598426 se
72.0 361.13385826771656 36.8503937007874 13.606299212598426 sont
94.96062992125984 361.13385826771656 64.62992125984252 13.606299212598426 développés
145.70078740157481 361.13385826771656 32.31496062992126 13.606299212598426 les
164.1259842519685 361.13385826771656 46.20472440944882 13.606299212598426 quatre
196.44094488188978 361.13385826771656 55.275590551181104 13.606299212598426 artistes
238.11023622047244 361.13385826771656 32.31496062992126 13.606299212598426 qui
252.0 361.13385826771656 22.96062992125984 13.606299212598426 re-

25.511811023622048 372.4724409448819 65.76377952755905 16.15748031496063 présentent
77.38582677165354 372.4724409448819 28.062992125984252 16.15748031496063 la
91.55905511811024 372.4724409448819 56.40944881889764 16.15748031496063 Norvège.
133.79527559055117 372.4724409448819 32.881889763779526 16.15748031496063 Une
152.50393700787401 372.4724409448819 42.23622047244095 16.15748031496063 paix,
180.56692913385828 372.4724409448819 51.59055118110236 16.15748031496063 propice
218.26771653543307 372.4724409448819 28.062992125984252 16.15748031496063 au
227.6220472440945 372.4724409448819 47.05511811023622 16.15748031496063 travail,

25.228346456692915 385.2283464566929 22.677165354330707 13.606299212598426 y
34.2992125984252 385.2283464566929 40.818897637795274 13.606299212598426 règne
61.511811023622045 385.2283464566929 31.748031496062993 13.606299212598426 et,
79.65354330708661 385.2283464566929 58.960629921259844 13.606299212598426 l’intérêt
125.00787401574803 385.2283464566929 45.354330708661415 13.606299212598426 allant
157.03937007874015 385.2283464566929 22.677165354330707 13.606299212598426 à
166.11023622047244 385.2283464566929 45.354330708661415 13.606299212598426 toutes
197.85826771653544 385.2283464566929 31.748031496062993 13.606299212598426 les
216.0 385.2283464566929 58.960629921259844 13.606299212598426 tendances
256.81889763779526 385.2283464566929 18.141732283464567 13.606299212598426 de

24.944881889763778 394.5826771653543 61.22834645669291 11.905511811023622 l’époque,
72.0 394.5826771653543 28.346456692913385 11.905511811023622 la
86.1732283464567 394.5826771653543 42.23622047244095 11.905511811023622 porte
114.51968503937007 394.5826771653543 32.881889763779526 11.905511811023622 est
133.22834645669292 394.5826771653543 47.05511811023622 11.905511811023622 grande
166.11023622047244 394.5826771653543 51.874015748031496 11.905511811023622 ouverte
203.81102362204723 394.5826771653543 37.7007874015748 11.905511811023622 pour
227.33858267716536 394.5826771653543 32.881889763779526 11.905511811023622 les
241.51181102362204 394.5826771653543 32.881889763779526 11.905511811023622 expé-

25.228346456692915 406.48818897637796 49.039370078740156 13.606299212598426 riences
60.94488188976378 406.48818897637796 53.574803149606296 13.606299212598426 fertiles
100.91338582677166 406.48818897637796 31.181102362204726 13.606299212598426 des
118.77165354330708 406.48818897637796 49.039370078740156 13.606299212598426 jeunes.
154.48818897637796 406.48818897637796 26.64566929133858 13.606299212598426 Ce
167.81102362204723 406.48818897637796 39.968503937007874 13.606299212598426 champ
194.45669291338584 406.48818897637796 35.71653543307087 13.606299212598426 plus
216.8503937007874 406.48818897637796 44.503937007874015 13.606299212598426 large,
243.49606299212599 406.48818897637796 31.181102362204726 13.606299212598426 cette

25.228346456692915 417.25984251968504 73.13385826771653 11.338582677165354 perspective
83.62204724409449 417.25984251968504 39.118110236220474 11.338582677165354 plus
108.28346456692914 417.25984251968504 58.67716535433071 11.338582677165354 étendue,
152.2204724409449 417.25984251968504 73.13385826771653 11.338582677165354 prometteurs
210.61417322834646 417.25984251968504 39.118110236220474 11.338582677165354 pour
234.99212598425197 417.25984251968504 34.2992125984252 11.338582677165354 les
249.73228346456693 417.25984251968504 24.37795275590551 11.338582677165354 an-

25.228346456692915 428.31496062992125 38.267716535433074 13.32283464566929 nées
49.32283464566929 428.31496062992125 24.094488188976378 13.32283464566929 à
58.67716535433071 428.31496062992125 47.90551181102362 13.32283464566929 venir,
92.40944881889764 428.31496062992125 52.724409448818896 13.32283464566929 ouvrent
130.6771653543307 428.31496062992125 28.62992125984252 13.32283464566929 un
145.13385826771653 428.31496062992125 43.08661417322835 13.32283464566929 riche
173.76377952755905 428.31496062992125 57.54330708661417 13.32283464566929 éventail
216.8503937007874 428.31496062992125 28.62992125984252 13.32283464566929 de
226.48818897637796 428.31496062992125 47.90551181102362 13.32283464566929 manières

24.944881889763778 438.8031496062992 81.35433070866142 13.88976377952756 d’expression,
92.1259842519685 438.8031496062992 47.90551181102362 13.88976377952756 allant
125.5748031496063 438.8031496062992 28.62992125984252 13.88976377952756 du
140.03149606299212 438.8031496062992 72.0 13.88976377952756 naturalisme
197.5748031496063 438.8031496062992 67.18110236220473 13.88976377952756 romantique
245.48031496062993 438.8031496062992 28.62992125984252 13.88976377952756 jus-

24.944881889763778 450.1417322834646 46.20472440944882 16.440944881889763 qu’aux
57.25984251968504 450.1417322834646 46.20472440944882 16.440944881889763 formes
89.29133858267717 450.1417322834646 87.59055118110236 16.440944881889763 non-figuratives
163.2755905511811 450.1417322834646 55.275590551181104 16.440944881889763 extrêmes
204.66141732283464 450.1417322834646 27.77952755905512 16.440944881889763 et
218.5511811023622 450.1417322834646 27.77952755905512 16.440944881889763 au
227.6220472440945 450.1417322834646 46.20472440944882 16.440944881889763 pop

36.28346456692913 463.18110236220474 38.83464566929134 13.039370078740157 Jens
60.661417322834644 463.18110236220474 77.66929133858268 13.039370078740157 Johannessen,
123.59055118110236 463.18110236220474 38.83464566929134 13.039370078740157 Tore
147.96850393700788 463.18110236220474 48.47244094488189 13.039370078740157 Gunnar
181.98425196850394 463.18110236220474 48.47244094488189 13.039370078740157 Olsen,
216.0 463.18110236220474 38.83464566929134 13.039370078740157 Nils
240.3779527559055 463.18110236220474 34.01574803149607 13.039370078740157 Aas
254.83464566929135 463.18110236220474 19.559055118110237 13.039370078740157 et

24.661417322834644 471.11811023622045 36.8503937007874 12.755905511811024 Arne
47.62204724409449 471.11811023622045 55.55905511811024 12.755905511811024 Malmedal
89.29133858267717 471.11811023622045 27.77952755905512 12.755905511811024 se
103.18110236220473 471.11811023622045 36.8503937007874 12.755905511811024 sont
126.14173228346456 471.11811023622045 36.8503937007874 12.755905511811024 déjà
149.38582677165354 471.11811023622045 36.8503937007874 12.755905511811024 fait
172.3464566929134 471.11811023622045 60.09448818897638 12.755905511811024 remarquer
218.5511811023622 471.11811023622045 23.244094488188978 12.755905511811024 à
227.90551181102362 471.11811023622045 32.31496062992126 12.755905511811024 des
241.79527559055117 471.11811023622045 32.31496062992126 12.755905511811024 expo-

24.944881889763778 483.59055118110234 48.188976377952756 13.606299212598426 sitions
59.811023622047244 483.59055118110234 78.80314960629921 13.606299212598426 significatives
125.29133858267717 483.59055118110234 26.362204724409448 13.606299212598426 et
138.61417322834646 483.59055118110234 30.614173228346456 13.606299212598426 ils
155.90551181102362 483.59055118110234 34.86614173228347 13.606299212598426 sont
178.01574803149606 483.59055118110234 34.86614173228347 13.606299212598426 tous
199.84251968503938 483.59055118110234 65.48031496062993 13.606299212598426 représentés
247.748031496063 483.59055118110234 26.362204724409448 13.606299212598426 dans

24.944881889763778 493.79527559055117 34.2992125984252 13.88976377952756 les
44.503937007874015 493.79527559055117 49.039370078740156 13.88976377952756 musées
78.80314960629921 493.79527559055117 29.480314960629922 13.88976377952756 et
93.25984251968504 493.79527559055117 73.41732283464567 13.88976377952756 collections
152.2204724409449 493.79527559055117 29.480314960629922 13.88976377952756 de
166.6771653543307 493.79527559055117 58.67716535433071 13.88976377952756 Norvège.
210.89763779527559 493.79527559055117 43.93700787401575 13.88976377952756 Leurs
235.2755905511811 493.79527559055117 39.118110236220474 13.88976377952756 œuvres

25.228346456692915 505.7007874015748 64.34645669291339 10.488188976377952 présentées
75.68503937007874 505.7007874015748 32.31496062992126 10.488188976377952 ici
94.11023622047244 505.7007874015748 27.496062992125985 10.488188976377952 ne
108.0 505.7007874015748 59.811023622047244 10.488188976377952 cherchent
153.92125984251967 505.7007874015748 32.31496062992126 10.488188976377952 pas
172.3464566929134 505.7007874015748 22.96062992125984 10.488188976377952 à
181.41732283464566 505.7007874015748 55.275590551181104 10.488188976377952 captiver
223.08661417322836 505.7007874015748 27.496062992125985 10.488188976377952 le
232.15748031496062 505.7007874015748 41.38582677165354 10.488188976377952 specta-

24.661417322834644 517.3228346456693 35.71653543307087 10.488188976377952 teur
47.05511811023622 517.3228346456693 31.181102362204726 10.488188976377952 par
64.91338582677166 517.3228346456693 31.181102362204726 10.488188976377952 des
82.77165354330708 517.3228346456693 44.503937007874015 10.488188976377952 effets
113.95275590551181 517.3228346456693 22.393700787401574 10.488188976377952 à
122.74015748031496 517.3228346456693 62.36220472440945 10.488188976377952 sensation;
171.7795275590551 517.3228346456693 40.25196850393701 10.488188976377952 elles
198.70866141732284 517.3228346456693 26.64566929133858 10.488188976377952 se
207.49606299212599 517.3228346456693 66.89763779527559 10.488188976377952 caractérisent

24.944881889763778 527.8110236220473 45.92125984251968 12.755905511811024 plutôt
56.976377952755904 527.8110236220473 32.31496062992126 12.755905511811024 par
75.4015748031496 527.8110236220473 32.31496062992126 12.755905511811024 une
93.8267716535433 527.8110236220473 69.16535433070867 12.755905511811024 élaboration
149.10236220472441 527.8110236220473 59.811023622047244 12.755905511811024 distincte
195.30708661417322 527.8110236220473 32.31496062992126 12.755905511811024 des
213.73228346456693 527.8110236220473 45.92125984251968 12.755905511811024 moyens
241.22834645669292 527.8110236220473 32.31496062992126 12.755905511811024 d’ac-

24.944881889763778 538.5826771653543 36.8503937007874 10.771653543307087 tion
47.90551181102362 538.5826771653543 32.31496062992126 10.771653543307087 les
66.33070866141732 538.5826771653543 36.8503937007874 10.771653543307087 plus
89.29133858267717 538.5826771653543 41.38582677165354 10.771653543307087 aptes
116.78740157480316 538.5826771653543 22.96062992125984 10.771653543307087 à
126.14173228346456 538.5826771653543 55.275590551181104 10.771653543307087 exprimer
167.5275590551181 538.5826771653543 68.88188976377953 10.771653543307087 entièrement
222.8031496062992 538.5826771653543 32.31496062992126 10.771653543307087 les
236.40944881889763 538.5826771653543 36.8503937007874 10.771653543307087 inten-

24.944881889763778 547.9370078740158 41.38582677165354 12.188976377952756 tions
52.44094488188976 547.9370078740158 27.496062992125985 12.188976377952756 de
66.33070866141732 547.9370078740158 41.38582677165354 12.188976377952756 leurs
93.8267716535433 547.9370078740158 55.275590551181104 12.188976377952756 auteurs.
135.49606299212599 547.9370078740158 27.496062992125985 12.188976377952756 Un
149.10236220472441 547.9370078740158 41.38582677165354 12.188976377952756 trait
176.88188976377953 547.9370078740158 45.92125984251968 12.188976377952756 commun
209.1968503937008 547.9370078740158 32.31496062992126 12.188976377952756 s’y
222.8031496062992 547.9370078740158 50.74015748031496 12.188976377952756 retrouve:

25.228346456692915 557.8582677165355 28.62992125984252 13.32283464566929 la
39.68503937007874 557.8582677165355 66.89763779527559 13.32283464566929 conscience
92.1259842519685 557.8582677165355 28.62992125984252 13.32283464566929 de
106.2992125984252 557.8582677165355 66.89763779527559 13.32283464566929 techniques
158.74015748031496 557.8582677165355 33.44881889763779 13.32283464566929 qui
178.01574803149606 557.8582677165355 28.62992125984252 13.32283464566929 ne
192.18897637795277 557.8582677165355 57.25984251968504 13.32283464566929 laissent
234.99212598425197 557.8582677165355 38.267716535433074 13.32283464566929 rien
254.26771653543307 557.8582677165355 18.992125984251967 13.32283464566929 au

25.79527559055118 568.3464566929134 49.60629921259842 12.755905511811024 hasard.
61.79527559055118 568.3464566929134 40.53543307086614 12.755905511811024 Mais,
89.00787401574803 568.3464566929134 54.14173228346457 12.755905511811024 derrière
129.54330708661416 568.3464566929134 31.46456692913386 12.755905511811024 une
147.4015748031496 568.3464566929134 54.14173228346457 12.755905511811024 attitude
187.93700787401573 568.3464566929134 85.60629921259843 12.755905511811024 intellectuelle,
255.4015748031496 568.3464566929134 18.141732283464567 12.755905511811024 on

24.094488188976378 580.8188976377953 67.46456692913385 11.05511811023622 découvre,
75.96850393700787 580.8188976377953 26.078740157480315 11.05511811023622 à
86.45669291338582 580.8188976377953 31.181102362204726 11.05511811023622 un
102.04724409448819 580.8188976377953 46.77165354330709 11.05511811023622 degré
133.22834645669292 580.8188976377953 41.669291338582674 11.05511811023622 plus
159.30708661417322 580.8188976377953 31.181102362204726 11.05511811023622 ou
174.89763779527559 580.8188976377953 46.77165354330709 11.05511811023622 moins
206.07874015748033 580.8188976377953 67.46456692913385 11.05511811023622 prononcé,
252.8503937007874 580.8188976377953 20.69291338582677 11.05511811023622 la

25.228346456692915 591.3070866141733 58.39370078740158 13.606299212598426 présence
69.16535433070867 591.3070866141733 29.19685039370079 13.606299212598426 de
83.62204724409449 591.3070866141733 29.19685039370079 13.606299212598426 la
98.36220472440945 591.3070866141733 48.75590551181102 13.606299212598426 nature
132.3779527559055 591.3070866141733 58.39370078740158 13.606299212598426 ambiante
176.31496062992127 591.3070866141733 24.37795275590551 13.606299212598426 -
185.95275590551182 591.3070866141733 53.574803149606296 13.606299212598426 surtout
225.0708661417323 591.3070866141733 39.118110236220474 13.606299212598426 chez
244.62992125984252 591.3070866141733 29.19685039370079 13.606299212598426 Aine

26.078740157480315 601.2283464566929 59.52755905511811 10.771653543307087 Malmedal.
71.71653543307086 601.2283464566929 64.06299212598425 10.771653543307087 Toutefois,
122.1732283464567 601.2283464566929 27.496062992125985 10.771653543307087 la
135.7795275590551 601.2283464566929 45.92125984251968 10.771653543307087 nature
168.09448818897638 601.2283464566929 32.031496062992126 10.771653543307087 n’a
186.23622047244095 601.2283464566929 32.031496062992126 10.771653543307087 pas
204.66141732283464 601.2283464566929 50.45669291338583 10.771653543307087 liberté
241.22834645669292 601.2283464566929 27.496062992125985 10.771653543307087 de
250.29921259842519 601.2283464566929 22.96062992125984 10.771653543307087 do-

25.511811023622048 610.8661417322835 40.53543307086614 13.039370078740157 miner
52.44094488188976 610.8661417322835 45.07086614173228 13.039370078740157 l’art,
84.18897637795276 610.8661417322835 36.0 13.039370078740157 elle
106.58267716535433 610.8661417322835 40.53543307086614 13.039370078740157 reste
133.51181102362204 610.8661417322835 31.46456692913386 13.039370078740157 une
151.6535433070866 610.8661417322835 72.0 13.039370078740157 inspiration,
210.33070866141733 610.8661417322835 31.46456692913386 13.039370078740157 une
223.6535433070866 610.8661417322835 49.60629921259842 13.039370078740157 charpente

25.228346456692915 622.488188976378 46.77165354330709 14.740157480314961 autour
57.826771653543304 622.488188976378 28.062992125984252 14.740157480314961 de
71.71653543307086 622.488188976378 56.125984251968504 14.740157480314961 laquelle
113.95275590551181 622.488188976378 51.30708661417323 14.740157480314961 l’œuvre
151.08661417322836 622.488188976378 28.062992125984252 14.740157480314961 se
160.44094488188978 622.488188976378 56.125984251968504 14.740157480314961 construit.
