287.1496062992126 672.6614173228346
198.14173228346456 12.755905511811024 67.74803149606299 19.275590551181104 SUISSE

35.43307086614173 123.30708661417323 81.92125984251969 21.543307086614174 Commissaire
100.91338582677166 123.30708661417323 65.48031496062993 21.543307086614174 général:
149.95275590551182 123.30708661417323 38.267716535433074 21.543307086614174 Max
171.7795275590551 123.30708661417323 38.267716535433074 21.543307086614174 von
188.2204724409449 123.30708661417323 54.425196850393704 21.543307086614174 Muhlenen

33.44881889763779 142.86614173228347 34.2992125984252 13.606299212598426 Peintre

23.52755905511811 166.39370078740157 36.28346456692913 19.275590551181104 Sur
44.22047244094488 166.39370078740157 77.38582677165354 19.275590551181104 proposition
106.01574803149606 166.39370078740157 30.89763779527559 19.275590551181104 de
121.60629921259843 166.39370078740157 30.89763779527559 19.275590551181104 la
137.1968503937008 166.39370078740157 72.28346456692914 19.275590551181104 Commission
193.88976377952756 166.39370078740157 62.07874015748032 19.275590551181104 fédérale
235.2755905511811 166.39370078740157 25.79527559055118 19.275590551181104 des

16.724409448818896 177.4488188976378 68.03149606299213 20.125984251968504 Beaux-Arts,
71.14960629921259 177.4488188976378 40.818897637795274 20.125984251968504 trois
98.36220472440945 177.4488188976378 54.425196850393704 20.125984251968504 artistes
139.1811023622047 177.4488188976378 54.425196850393704 20.125984251968504 suisses,
179.71653543307087 177.4488188976378 49.889763779527556 20.125984251968504 Andreas
211.46456692913387 177.4488188976378 49.889763779527556 20.125984251968504 Christen,

16.440944881889763 188.2204724409449 46.20472440944882 19.84251968503937 Markus
48.75590551181102 188.2204724409449 37.13385826771653 19.84251968503937 Râtz
72.0 188.2204724409449 27.77952755905512 19.84251968503937 et
85.88976377952756 188.2204724409449 41.669291338582674 19.84251968503937 Willy
113.66929133858268 188.2204724409449 46.20472440944882 19.84251968503937 Weber,
145.98425196850394 188.2204724409449 32.31496062992126 19.84251968503937 ont
164.69291338582678 188.2204724409449 32.31496062992126 19.84251968503937 été
183.11811023622047 188.2204724409449 51.023622047244096 19.84251968503937 chargés
215.71653543307087 188.2204724409449 46.20472440944882 19.84251968503937 d’exécu-

15.874015748031496 200.69291338582678 35.1496062992126 18.4251968503937 ter
36.0 200.69291338582678 30.330708661417322 18.4251968503937 un
51.30708661417323 200.69291338582678 55.275590551181104 18.4251968503937 travail
91.55905511811024 200.69291338582678 60.37795275590551 18.4251968503937 d’équipe
136.62992125984252 200.69291338582678 30.330708661417322 18.4251968503937 en
151.93700787401573 200.69291338582678 35.1496062992126 18.4251968503937 vue
172.06299212598427 200.69291338582678 30.330708661417322 18.4251968503937 de
187.08661417322836 200.69291338582678 75.4015748031496 18.4251968503937 représenter
242.36220472440945 200.69291338582678 20.125984251968504 18.4251968503937 la

16.440944881889763 212.31496062992127 45.354330708661415 16.724409448818896 Suisse
48.188976377952756 212.31496062992127 22.677165354330707 16.724409448818896 à
57.25984251968504 212.31496062992127 27.212598425196852 16.724409448818896 la
70.86614173228347 212.31496062992127 58.960629921259844 16.724409448818896 Quatrième
116.50393700787401 212.31496062992127 54.425196850393704 16.724409448818896 Biennale
157.3228346456693 212.31496062992127 27.212598425196852 16.724409448818896 de
166.39370078740157 212.31496062992127 36.28346456692913 16.724409448818896 Paris.

25.79527559055118 225.35433070866142 82.77165354330708 18.4251968503937 L’orientation
93.8267716535433 225.35433070866142 73.13385826771653 18.4251968503937 spirituelle
152.2204724409449 225.35433070866142 29.19685039370079 18.4251968503937 de
166.96062992125985 225.35433070866142 58.39370078740158 18.4251968503937 Christen
210.61417322834646 225.35433070866142 29.19685039370079 18.4251968503937 et
225.35433070866142 225.35433070866142 29.19685039370079 18.4251968503937 de
234.99212598425197 225.35433070866142 29.19685039370079 18.4251968503937 Râtz

17.007874015748033 235.55905511811022 42.51968503937008 20.409448818897637 porte
45.354330708661415 235.55905511811022 70.86614173228347 20.409448818897637 l’empreinte
102.33070866141732 235.55905511811022 42.51968503937008 20.409448818897637 d’une
130.6771653543307 235.55905511811022 47.338582677165356 20.409448818897637 époque
163.84251968503938 235.55905511811022 89.85826771653544 20.409448818897637 essentiellement
234.70866141732284 235.55905511811022 28.346456692913385 20.409448818897637 mar-

17.007874015748033 245.76377952755905 37.41732283464567 18.141732283464567 quée
40.25196850393701 245.76377952755905 28.062992125984252 18.141732283464567 en
54.14173228346457 245.76377952755905 46.77165354330709 18.141732283464567 Suisse
87.02362204724409 245.76377952755905 32.59842519685039 18.141732283464567 par
105.73228346456693 245.76377952755905 46.77165354330709 18.141732283464567 Sophie
138.33070866141733 245.76377952755905 70.01574803149606 18.141732283464567 Tâuber-Arp,
194.45669291338584 245.76377952755905 56.125984251968504 18.141732283464567 Glarner,
231.8740157480315 245.76377952755905 32.59842519685039 18.141732283464567 Bill.

17.007874015748033 258.23622047244095 49.32283464566929 17.007874015748033 Lohse,
51.59055118110236 258.23622047244095 44.503937007874015 17.007874015748033 alors
81.07086614173228 258.23622047244095 34.58267716535433 17.007874015748033 que
100.91338582677166 258.23622047244095 59.24409448818898 17.007874015748033 Mondrian
145.41732283464566 258.23622047244095 29.763779527559056 17.007874015748033 et
160.15748031496062 258.23622047244095 34.58267716535433 17.007874015748033 ses
180.0 258.23622047244095 54.425196850393704 17.007874015748033 adeptes
214.58267716535434 258.23622047244095 49.32283464566929 17.007874015748033 préconi-

17.007874015748033 265.6062992125984 47.62204724409449 19.84251968503937 saient
50.45669291338583 265.6062992125984 66.89763779527559 19.84251968503937 l’harmonie
102.89763779527559 265.6062992125984 76.25196850393701 19.84251968503937 universelle,
164.9763779527559 265.6062992125984 43.08661417322835 19.84251968503937 voire
193.60629921259843 265.6062992125984 38.267716535433074 19.84251968503937 même
217.70078740157481 265.6062992125984 28.62992125984252 19.84251968503937 la
227.0551181102362 265.6062992125984 38.267716535433074 19.84251968503937 pureté

17.5748031496063 278.0787401574803 26.362204724409448 18.4251968503937 de
30.89763779527559 278.0787401574803 26.362204724409448 18.4251968503937 la
44.22047244094488 278.0787401574803 30.89763779527559 18.4251968503937 vie
61.79527559055118 278.0787401574803 44.22047244094488 18.4251968503937 future
92.69291338582677 278.0787401574803 39.68503937007874 18.4251968503937 comme
119.33858267716535 278.0787401574803 26.362204724409448 18.4251968503937 le
132.66141732283464 278.0787401574803 35.43307086614173 18.4251968503937 fond
154.48818897637796 278.0787401574803 26.362204724409448 18.4251968503937 et
167.81102362204723 278.0787401574803 26.362204724409448 18.4251968503937 le
181.13385826771653 278.0787401574803 30.89763779527559 18.4251968503937 but
198.70866141732284 278.0787401574803 26.362204724409448 18.4251968503937 de
212.03149606299212 278.0787401574803 39.68503937007874 18.4251968503937 toute
234.14173228346456 278.0787401574803 30.89763779527559 18.4251968503937 acti-

17.007874015748033 288.2834645669291 38.267716535433074 18.992125984251967 vité
41.10236220472441 288.2834645669291 72.0 18.992125984251967 artistique.
98.36220472440945 288.2834645669291 38.267716535433074 18.992125984251967 Venu
122.45669291338582 288.2834645669291 28.62992125984252 18.992125984251967 du
136.91338582677164 288.2834645669291 76.53543307086615 18.992125984251967 surréalisme,
198.99212598425197 288.2834645669291 43.08661417322835 18.992125984251967 Weber
223.08661417322836 288.2834645669291 43.08661417322835 18.992125984251967 cherche

17.007874015748033 298.48818897637796 30.614173228346456 17.5748031496063 en
32.31496062992126 298.48818897637796 61.22834645669291 17.5748031496063 revanche
78.23622047244095 298.48818897637796 25.511811023622048 17.5748031496063 à
88.44094488188976 298.48818897637796 61.22834645669291 17.5748031496063 exprimer
134.36220472440945 298.48818897637796 35.71653543307087 17.5748031496063 par
154.48818897637796 298.48818897637796 30.614173228346456 17.5748031496063 un
169.79527559055117 298.48818897637796 66.33070866141732 17.5748031496063 dynamisme
215.71653543307087 298.48818897637796 51.023622047244096 17.5748031496063 explosif

17.291338582677167 311.244094488189 56.976377952755904 15.874015748031496 l’esprit
60.09448818897638 311.244094488189 104.5984251968504 15.874015748031496 technico-mécanique
150.51968503937007 311.244094488189 33.16535433070866 15.874015748031496 qui
169.51181102362204 311.244094488189 47.62204724409449 15.874015748031496 domine
202.6771653543307 311.244094488189 42.803149606299215 15.874015748031496 notre
226.48818897637796 311.244094488189 37.98425196850393 15.874015748031496 époque

17.291338582677167 319.748031496063 29.480314960629922 18.708661417322833 Il
32.031496062992126 319.748031496063 34.2992125984252 18.708661417322833 dit
51.59055118110236 319.748031496063 24.37795275590551 18.708661417322833 à
61.22834645669291 319.748031496063 29.480314960629922 18.708661417322833 ce
75.96850393700787 319.748031496063 49.039370078740156 18.708661417322833 sujet:
115.08661417322834 319.748031496063 29.480314960629922 18.708661417322833 La
129.82677165354332 319.748031496063 63.496062992125985 18.708661417322833 technique
178.58267716535434 319.748031496063 29.480314960629922 18.708661417322833 et
193.3228346456693 319.748031496063 29.480314960629922 18.708661417322833 la
208.06299212598427 319.748031496063 53.85826771653543 18.708661417322833 science
242.36220472440945 319.748031496063 24.37795275590551 18.708661417322833 qui

17.291338582677167 332.503937007874 56.125984251968504 16.724409448818896 opèrent
58.110236220472444 332.503937007874 30.614173228346456 16.724409448818896 la
73.41732283464567 332.503937007874 91.84251968503936 16.724409448818896 transformation
150.23622047244095 332.503937007874 30.614173228346456 16.724409448818896 de
165.54330708661416 332.503937007874 45.92125984251968 16.724409448818896 notre
191.0551181102362 332.503937007874 76.53543307086615 16.724409448818896 environnement

17.5748031496063 342.70866141732284 76.53543307086615 17.5748031496063 connaissent
78.80314960629921 342.70866141732284 30.614173228346456 17.5748031496063 un
94.11023622047244 342.70866141732284 86.74015748031496 17.5748031496063 développement
165.54330708661416 342.70866141732284 66.33070866141732 17.5748031496063 dynamique
216.56692913385828 342.70866141732284 30.614173228346456 17.5748031496063 et
226.77165354330708 342.70866141732284 40.818897637795274 17.5748031496063 explo-

17.858267716535433 354.8976377952756 44.22047244094488 15.590551181102363 sif..
47.338582677165356 354.8976377952756 58.960629921259844 15.590551181102363 Document
91.2755905511811 354.8976377952756 58.960629921259844 15.590551181102363 d’époque
135.49606299212599 354.8976377952756 83.33858267716535 15.590551181102363 véritablement
199.55905511811022 354.8976377952756 68.5984251968504 15.590551181102363 authentique,

18.708661417322833 363.9685039370079 41.10236220472441 16.15748031496063 l’art
45.92125984251968 363.9685039370079 27.212598425196852 16.15748031496063 de
59.52755905511811 363.9685039370079 41.10236220472441 16.15748031496063 notre
87.02362204724409 363.9685039370079 41.10236220472441 16.15748031496063 temps
114.23622047244095 363.9685039370079 36.28346456692913 16.15748031496063 peut
136.91338582677164 363.9685039370079 27.212598425196852 16.15748031496063 et
150.8031496062992 363.9685039370079 36.28346456692913 16.15748031496063 doit
173.48031496062993 363.9685039370079 63.77952755905512 16.15748031496063 reproduire
218.83464566929135 363.9685039370079 50.173228346456696 16.15748031496063 l’élément

18.141732283464567 374.74015748031496 63.77952755905512 17.007874015748033 dynamique
67.18110236220473 374.74015748031496 29.480314960629922 17.007874015748033 de
81.92125984251969 374.74015748031496 73.7007874015748 17.007874015748033 l’explosion
140.88188976377953 374.74015748031496 34.2992125984252 17.007874015748033 et,
160.7244094488189 374.74015748031496 29.480314960629922 17.007874015748033 en
175.46456692913387 374.74015748031496 39.40157480314961 17.007874015748033 tant
195.0236220472441 374.74015748031496 73.7007874015748 17.007874015748033 qu’expression

18.141732283464567 389.1968503937008 28.346456692913385 12.472440944881889 du
32.31496062992126 389.1968503937008 42.51968503937008 12.472440944881889 temps
60.661417322834644 389.1968503937008 28.346456692913385 12.472440944881889 et
74.83464566929133 389.1968503937008 28.346456692913385 12.472440944881889 de
89.00787401574803 389.1968503937008 28.346456692913385 12.472440944881889 la
103.18110236220473 389.1968503937008 51.874015748031496 12.472440944881889 culture
141.16535433070865 389.1968503937008 33.16535433070866 12.472440944881889 les
160.15748031496062 389.1968503937008 47.338582677165356 12.472440944881889 porter
193.03937007874015 389.1968503937008 51.874015748031496 12.472440944881889 jusqu’à
231.0236220472441 389.1968503937008 33.16535433070866 12.472440944881889 une
245.1968503937008 389.1968503937008 23.52755905511811 12.472440944881889 di-

17.5748031496063 399.40157480314963 54.70866141732284 16.15748031496063 mension
52.44094488188976 399.40157480314963 59.52755905511811 16.15748031496063 cosmique..

28.62992125984252 408.755905511811 27.77952755905512 17.5748031496063 De
42.51968503937008 408.755905511811 32.59842519685039 17.5748031496063 son
60.94488188976378 408.755905511811 37.13385826771653 17.5748031496063 côté
84.18897637795276 408.755905511811 46.488188976377955 17.5748031496063 Markus
116.78740157480316 408.755905511811 37.13385826771653 17.5748031496063 Râtz
140.03149606299212 408.755905511811 51.023622047244096 17.5748031496063 définit
177.16535433070865 408.755905511811 41.669291338582674 17.5748031496063 ainsi
204.9448818897638 408.755905511811 27.77952755905512 17.5748031496063 le
218.83464566929135 408.755905511811 37.13385826771653 17.5748031496063 sens
237.25984251968504 408.755905511811 32.59842519685039 17.5748031496063 qu’il

18.992125984251967 420.9448818897638 41.95275590551181 16.724409448818896 donne
46.77165354330709 420.9448818897638 23.244094488188978 16.724409448818896 à
56.125984251968504 420.9448818897638 32.59842519685039 16.724409448818896 son
74.83464566929133 420.9448818897638 55.84251968503937 16.724409448818896 travail:
116.78740157480316 420.9448818897638 28.062992125984252 16.724409448818896 :.
130.6771653543307 420.9448818897638 28.062992125984252 16.724409448818896 Je
144.56692913385828 420.9448818897638 41.95275590551181 16.724409448818896 donne
172.62992125984252 420.9448818897638 32.59842519685039 16.724409448818896 une
191.33858267716536 420.9448818897638 60.661417322834644 16.724409448818896 structure
233.29133858267716 420.9448818897638 37.13385826771653 16.724409448818896 géomé-

18.708661417322833 430.86614173228344 49.32283464566929 17.5748031496063 trique
53.29133858267716 430.86614173228344 34.58267716535433 17.5748031496063 aux
72.85039370078741 430.86614173228344 49.32283464566929 17.5748031496063 formes
107.43307086614173 430.86614173228344 29.763779527559056 17.5748031496063 et
122.45669291338582 430.86614173228344 24.661417322834644 17.5748031496063 à
132.3779527559055 430.86614173228344 39.68503937007874 17.5748031496063 leur
157.03937007874015 430.86614173228344 74.26771653543307 17.5748031496063 disposition
216.28346456692913 430.86614173228344 44.503937007874015 17.5748031496063 parce
240.9448818897638 430.86614173228344 29.763779527559056 17.5748031496063 que,

18.708661417322833 442.20472440944883 37.98425196850393 15.874015748031496 dans
42.51968503937008 442.20472440944883 28.62992125984252 15.874015748031496 un
56.69291338582677 442.20472440944883 42.803149606299215 15.874015748031496 ordre
85.32283464566929 442.20472440944883 56.976377952755904 15.874015748031496 parfait,
128.1259842519685 442.20472440944883 28.62992125984252 15.874015748031496 le
142.29921259842519 442.20472440944883 52.15748031496063 15.874015748031496 moindre
180.28346456692913 442.20472440944883 85.60629921259843 15.874015748031496 bouleversement
246.89763779527559 442.20472440944883 23.811023622047244 15.874015748031496 de-

18.992125984251967 451.5590551181102 41.38582677165354 17.5748031496063 vient
46.488188976377955 451.5590551181102 73.41732283464567 17.5748031496063 perceptible.
106.2992125984252 451.5590551181102 32.031496062992126 17.5748031496063 Ces
124.44094488188976 451.5590551181102 87.30708661417323 17.5748031496063 bouleversements
198.14173228346456 451.5590551181102 22.96062992125984 17.5748031496063 à
207.21259842519686 451.5590551181102 50.45669291338583 17.5748031496063 l’ordre
239.5275590551181 451.5590551181102 32.031496062992126 17.5748031496063 donné

19.84251968503937 464.59842519685037 28.062992125984252 15.590551181102363 se
33.732283464566926 464.59842519685037 56.125984251968504 15.590551181102363 réfèrent
75.68503937007874 464.59842519685037 23.244094488188978 15.590551181102363 à
85.03937007874016 464.59842519685037 32.59842519685039 15.590551181102363 une
103.74803149606299 464.59842519685037 46.77165354330709 15.590551181102363 source
136.3464566929134 464.59842519685037 60.661417322834644 15.590551181102363 d’énergie
183.11811023622047 464.59842519685037 65.48031496062993 15.590551181102363 disponible
229.88976377952756 464.59842519685037 41.95275590551181 15.590551181102363 quelque

20.125984251968504 474.5196850393701 39.968503937007874 16.724409448818896 part;
46.77165354330709 474.5196850393701 53.29133858267716 16.724409448818896 celle-ci
86.74015748031496 474.5196850393701 44.22047244094488 16.724409448818896 influe
117.63779527559055 474.5196850393701 30.89763779527559 16.724409448818896 sur
135.49606299212599 474.5196850393701 26.64566929133858 16.724409448818896 la
148.8188976377953 474.5196850393701 48.75590551181102 16.724409448818896 matière
184.251968503937 474.5196850393701 26.64566929133858 16.724409448818896 au
197.29133858267716 474.5196850393701 35.43307086614173 16.724409448818896 sein
219.68503937007873 474.5196850393701 26.64566929133858 16.724409448818896 de
228.4724409448819 474.5196850393701 44.22047244094488 16.724409448818896 l’espace

19.84251968503937 485.5748031496063 77.38582677165354 14.740157480314961 monochrome.
81.63779527559055 485.5748031496063 30.89763779527559 14.740157480314961 Le
97.22834645669292 485.5748031496063 46.488188976377955 14.740157480314961 champ
128.1259842519685 485.5748031496063 66.89763779527559 14.740157480314961 structuré
179.71653543307087 485.5748031496063 36.0 14.740157480314961 est
200.1259842519685 485.5748031496063 30.89763779527559 14.740157480314961 de
215.71653543307087 485.5748031496063 30.89763779527559 14.740157480314961 ce
231.30708661417322 485.5748031496063 41.38582677165354 14.740157480314961 fait
251.71653543307087 485.5748031496063 20.69291338582677 14.740157480314961 un

19.559055118110237 494.92913385826773 43.93700787401575 17.858267716535433 champ
48.75590551181102 494.92913385826773 29.19685039370079 17.858267716535433 de
63.496062992125985 494.92913385826773 58.39370078740158 17.858267716535433 tensions
107.14960629921259 494.92913385826773 39.118110236220474 17.858267716535433 dans
131.5275590551181 494.92913385826773 48.75590551181102 17.858267716535433 lequel
165.82677165354332 494.92913385826773 43.93700787401575 17.858267716535433 règne
195.0236220472441 494.92913385826773 29.19685039370079 17.858267716535433 le
209.48031496062993 494.92913385826773 58.39370078740158 17.858267716535433 désordre
248.5984251968504 494.92913385826773 24.37795275590551 17.858267716535433 dès

19.84251968503937 508.251968503937 30.89763779527559 14.456692913385826 que
37.7007874015748 508.251968503937 26.362204724409448 14.456692913385826 la
50.74015748031496 508.251968503937 43.93700787401575 14.456692913385826 source
81.63779527559055 508.251968503937 57.25984251968504 14.456692913385826 d’énergie
125.5748031496063 508.251968503937 39.68503937007874 14.456692913385826 vient
152.2204724409449 508.251968503937 22.11023622047244 14.456692913385826 à
156.4724409448819 508.251968503937 70.58267716535433 14.456692913385826 disparaître...

29.19685039370079 519.5905511811023 30.04724409448819 17.007874015748033 Le
44.22047244094488 519.5905511811023 79.93700787401575 17.007874015748033 dénominateur
109.13385826771653 519.5905511811023 49.889763779527556 17.007874015748033 commun
144.28346456692913 519.5905511811023 30.04724409448819 17.007874015748033 de
159.30708661417322 519.5905511811023 34.86614173228347 17.007874015748033 ces
179.1496062992126 519.5905511811023 45.07086614173228 17.007874015748033 trois
209.1968503937008 519.5905511811023 60.09448818897638 17.007874015748033 artistes
249.16535433070865 519.5905511811023 24.944881889763778 17.007874015748033 est

22.11023622047244 530.9291338582677 29.763779527559056 14.740157480314961 le
36.8503937007874 530.9291338582677 64.34645669291339 14.740157480314961 caractère
86.45669291338582 530.9291338582677 54.425196850393704 14.740157480314961 précis,
125.85826771653544 530.9291338582677 69.16535433070867 14.740157480314961 monochrome
180.28346456692913 530.9291338582677 29.763779527559056 14.740157480314961 et
195.30708661417322 530.9291338582677 79.08661417322834 14.740157480314961 néoplastique
254.5511811023622 530.9291338582677 19.84251968503937 14.740157480314961 de

20.125984251968504 543.4015748031496 43.08661417322835 13.32283464566929 leurs
48.75590551181102 543.4015748031496 47.90551181102362 13.32283464566929 œuvres
82.48818897637796 543.4015748031496 28.62992125984252 13.32283464566929 où
96.66141732283465 543.4015748031496 52.724409448818896 13.32283464566929 n'entre
134.9291338582677 543.4015748031496 43.08661417322835 13.32283464566929 aucun
163.84251968503938 543.4015748031496 52.724409448818896 13.32283464566929 élément
202.11023622047244 543.4015748031496 57.54330708661417 13.32283464566929 fortuit.
245.1968503937008 543.4015748031496 28.62992125984252 13.32283464566929 Il
254.5511811023622 543.4015748031496 19.275590551181104 13.32283464566929 en

20.409448818897637 551.6220472440945 34.2992125984252 17.5748031496063 est
39.968503937007874 551.6220472440945 29.480314960629922 17.5748031496063 de
54.70866141732284 551.6220472440945 39.118110236220474 17.5748031496063 même
79.08661417322834 551.6220472440945 39.118110236220474 17.5748031496063 pour
103.74803149606299 551.6220472440945 34.2992125984252 17.5748031496063 les
123.30708661417323 551.6220472440945 53.85826771653543 17.5748031496063 plaques
162.4251968503937 551.6220472440945 73.41732283464567 17.5748031496063 métalliques
216.28346456692913 551.6220472440945 58.960629921259844 17.5748031496063 crevassées

20.125984251968504 561.8267716535433 32.031496062992126 16.15748031496063 et
36.28346456692913 561.8267716535433 74.55118110236221 16.15748031496063 explosives
94.67716535433071 561.8267716535433 32.031496062992126 16.15748031496063 de
110.83464566929133 561.8267716535433 53.29133858267716 16.15748031496063 Weber.
147.96850393700788 561.8267716535433 37.41732283464567 16.15748031496063 Les
169.22834645669292 561.8267716535433 58.67716535433071 16.15748031496063 reliefs
212.03149606299212 561.8267716535433 63.77952755905512 16.15748031496063 concrets
254.5511811023622 561.8267716535433 21.25984251968504 16.15748031496063 de

20.976377952755904 573.1653543307086 60.09448818897638 14.740157480314961 Christen
66.04724409448819 573.1653543307086 39.968503937007874 14.740157480314961 sont
90.99212598425197 573.1653543307086 30.04724409448819 14.740157480314961 de
106.01574803149606 573.1653543307086 60.09448818897638 14.740157480314961 subtiles
151.08661417322836 573.1653543307086 79.93700787401575 14.740157480314961 combinaisons
216.0 573.1653543307086 30.04724409448819 14.740157480314961 de
226.20472440944883 573.1653543307086 49.889763779527556 14.740157480314961 surfaces

20.976377952755904 583.6535433070866 27.212598425196852 15.874015748031496 en
34.58267716535433 583.6535433070866 59.24409448818898 15.874015748031496 polyester
80.22047244094489 583.6535433070866 50.173228346456696 15.874015748031496 tendues
116.50393700787401 583.6535433070866 32.031496062992126 15.874015748031496 sur
134.9291338582677 583.6535433070866 32.031496062992126 15.874015748031496 des
153.0708661417323 583.6535433070866 50.173228346456696 15.874015748031496 arêtes.
189.63779527559055 583.6535433070866 59.24409448818898 15.874015748031496 L’artiste
230.45669291338584 583.6535433070866 45.63779527559055 15.874015748031496 attribue

20.69291338582677 593.8582677165355 61.511811023622045 17.007874015748033 toutefois
68.03149606299213 593.8582677165355 33.16535433070866 17.007874015748033 une
87.02362204724409 593.8582677165355 66.33070866141732 17.007874015748033 importance
139.1811023622047 593.8582677165355 75.68503937007874 17.007874015748033 particulière
200.69291338582678 593.8582677165355 23.52755905511811 17.007874015748033 à
205.51181102362204 593.8582677165355 70.86614173228347 17.007874015748033 l’application

20.976377952755904 605.7637795275591 60.09448818897638 17.007874015748033 pratique
66.04724409448819 605.7637795275591 45.07086614173228 17.007874015748033 d’une
96.09448818897638 605.7637795275591 60.09448818897638 17.007874015748033 activité
141.16535433070865 605.7637795275591 60.09448818897638 17.007874015748033 purement
186.23622047244095 605.7637795275591 75.11811023622047 17.007874015748033 artistique.
246.33070866141733 605.7637795275591 30.04724409448819 17.007874015748033 En
256.251968503937 605.7637795275591 20.125984251968504 17.007874015748033 sa

20.976377952755904 613.9842519685039 54.14173228346457 20.69291338582677 qualité
60.09448818897638 613.9842519685039 29.480314960629922 20.69291338582677 de
74.83464566929133 613.9842519685039 73.7007874015748 20.69291338582677 dessinateur
133.79527559055117 613.9842519685039 29.480314960629922 20.69291338582677 et
148.53543307086613 613.9842519685039 29.480314960629922 20.69291338582677 de
163.2755905511811 613.9842519685039 58.960629921259844 20.69291338582677 créateur
207.49606299212599 613.9842519685039 29.480314960629922 20.69291338582677 de
222.23622047244095 613.9842519685039 54.14173228346457 20.69291338582677 formes,
256.81889763779526 613.9842519685039 19.559055118110237 20.69291338582677 il

253.41732283464566 631.5590551181102 22.11023622047244 11.05511811023622 111
