334.7716535433071 660.7559055118111
73.98425196850394 10.488188976377952 171.49606299212599 24.094488188976378 MANIFESTATIONS
212.88188976377953 10.488188976377952 98.07874015748031 24.094488188976378 ANNEXE

97.79527559055119 56.125984251968504 66.04724409448819 17.007874015748033 GALERIE
149.66929133858267 56.125984251968504 61.22834645669291 17.007874015748033 FRANÇOISE
192.18897637795277 56.125984251968504 56.69291338582677 17.007874015748033 LEDOUX

78.51968503937007 66.33070866141732 29.763779527559056 18.992125984251967 22,
95.5275590551181 66.33070866141732 29.763779527559056 18.992125984251967 rue
112.53543307086615 66.33070866141732 25.511811023622048 18.992125984251967 de
125.29133858267717 66.33070866141732 51.023622047244096 18.992125984251967 l’Odéon,
163.55905511811022 66.33070866141732 38.267716535433074 18.992125984251967 Paris
188.78740157480314 66.33070866141732 34.01574803149607 18.992125984251967 (6e)
210.04724409448818 66.33070866141732 21.25984251968504 18.992125984251967 —
218.5511811023622 66.33070866141732 34.01574803149607 18.992125984251967 MED.
235.55905511811022 66.33070866141732 34.01574803149607 18.992125984251967 49

72.56692913385827 77.10236220472441 60.94488188976378 20.409448818897637 Exposition
120.4724409448819 77.10236220472441 26.078740157480315 20.409448818897637 du
133.51181102362204 77.10236220472441 26.078740157480315 20.409448818897637 29
146.5511811023622 77.10236220472441 56.69291338582677 20.409448818897637 septembre
190.20472440944883 77.10236220472441 26.078740157480315 20.409448818897637 au
203.24409448818898 77.10236220472441 26.078740157480315 20.409448818897637 23
216.28346456692913 77.10236220472441 47.90551181102362 20.409448818897637 octobre
246.61417322834646 77.10236220472441 30.614173228346456 20.409448818897637 1965.

69.16535433070867 92.69291338582677 59.52755905511811 17.007874015748033 Vernissage
115.93700787401575 92.69291338582677 25.511811023622048 17.007874015748033 le
128.69291338582678 92.69291338582677 51.023622047244096 17.007874015748033 mercredi
166.96062992125985 92.69291338582677 25.511811023622048 17.007874015748033 29
179.43307086614172 92.69291338582677 55.275590551181104 17.007874015748033 septembre
221.95275590551182 92.69291338582677 25.511811023622048 17.007874015748033 de
234.70866141732284 92.69291338582677 25.511811023622048 17.007874015748033 17
247.46456692913387 92.69291338582677 21.25984251968504 17.007874015748033 à
255.96850393700788 92.69291338582677 25.511811023622048 17.007874015748033 20
264.4724409448819 92.69291338582677 17.007874015748033 17.007874015748033 h.

105.16535433070867 106.01574803149606 33.44881889763779 14.456692913385826 Tous
126.14173228346456 106.01574803149606 29.19685039370079 14.456692913385826 les
142.86614173228347 106.01574803149606 37.7007874015748 14.456692913385826 jours
168.09448818897638 106.01574803149606 33.44881889763779 14.456692913385826 sauf
189.0708661417323 106.01574803149606 25.228346456692915 14.456692913385826 le
197.29133858267716 106.01574803149606 46.20472440944882 14.456692913385826 dimanche,

132.3779527559055 117.07086614173228 26.64566929133858 15.590551181102363 de
145.70078740157481 117.07086614173228 26.64566929133858 15.590551181102363 14
159.0236220472441 117.07086614173228 22.11023622047244 15.590551181102363 n
167.81102362204723 117.07086614173228 26.64566929133858 15.590551181102363 30
181.13385826771653 117.07086614173228 22.11023622047244 15.590551181102363 à
189.92125984251967 117.07086614173228 26.64566929133858 15.590551181102363 19
198.99212598425197 117.07086614173228 17.5748031496063 15.590551181102363 h.

112.81889763779527 136.91338582677164 69.16535433070867 16.15748031496063 GOUACHES
168.09448818897638 136.91338582677164 27.77952755905512 16.15748031496063 ET
177.4488188976378 136.91338582677164 60.09448818897638 16.15748031496063 DESSINS

49.32283464566929 154.20472440944883 30.89763779527559 17.007874015748033 de:
67.18110236220473 154.20472440944883 83.90551181102362 17.007874015748033 Charpentier-
137.76377952755905 154.20472440944883 66.33070866141732 17.007874015748033 Dmitrienko-
190.77165354330708 154.20472440944883 83.90551181102362 17.007874015748033 Dodeigne-Flavio
257.1023622047244 154.20472440944883 48.47244094488189 17.007874015748033 Shiro

89.29133858267717 163.84251968503938 52.44094488188976 17.5748031496063 Levee-
129.54330708661416 163.84251968503938 44.503937007874015 17.5748031496063 Louttre
161.85826771653544 163.84251968503938 20.125984251968504 17.5748031496063 -
170.07874015748033 163.84251968503938 44.503937007874015 17.5748031496063 Sklavos
202.11023622047244 163.84251968503938 20.125984251968504 17.5748031496063 -
206.36220472440945 163.84251968503938 56.40944881889764 17.5748031496063 Sorensen

89.5748031496063 175.46456692913387 61.79527559055118 17.291338582677167 "Lauréats
140.03149606299212 175.46456692913387 23.244094488188978 17.291338582677167 de
151.6535433070866 175.46456692913387 23.244094488188978 17.291338582677167 la
162.99212598425197 175.46456692913387 46.488188976377955 17.291338582677167 Biennale
197.85826771653544 175.46456692913387 23.244094488188978 17.291338582677167 de
205.51181102362204 175.46456692913387 46.488188976377955 17.291338582677167 Paris"

51.59055118110236 193.88976377952756 26.64566929133858 18.141732283464567 Les
66.61417322834646 193.88976377952756 37.98425196850393 18.141732283464567 jeunes
93.25984251968504 193.88976377952756 45.63779527559055 18.141732283464567 artistes
127.2755905511811 193.88976377952756 37.98425196850393 18.141732283464567 savent
153.92125984251967 193.88976377952756 49.32283464566929 18.141732283464567 dessiner,
191.90551181102362 193.88976377952756 30.330708661417322 18.141732283464567 mais
210.89763779527559 193.88976377952756 22.677165354330707 18.141732283464567 il
222.23622047244095 193.88976377952756 26.64566929133858 18.141732283464567 est
237.25984251968504 193.88976377952756 30.330708661417322 18.141732283464567 rare
256.251968503937 193.88976377952756 26.64566929133858 18.141732283464567 que
271.5590551181102 193.88976377952756 30.330708661417322 18.141732283464567 ceux
286.5826771653543 193.88976377952756 18.992125984251967 18.141732283464567 qui

51.30708661417323 204.9448818897638 48.75590551181102 16.440944881889763 n’aiment
87.8740157480315 204.9448818897638 28.346456692913385 16.440944881889763 pas
104.03149606299213 204.9448818897638 36.56692913385827 16.440944881889763 l’art
128.40944881889763 204.9448818897638 44.78740157480315 16.440944881889763 moderne
160.7244094488189 204.9448818897638 48.75590551181102 16.440944881889763 puissent
197.29133858267716 204.9448818897638 24.37795275590551 16.440944881889763 en
209.48031496062993 204.9448818897638 40.53543307086614 16.440944881889763 juger,
238.11023622047244 204.9448818897638 28.346456692913385 16.440944881889763 car
254.26771653543307 204.9448818897638 24.37795275590551 16.440944881889763 on
266.45669291338584 204.9448818897638 24.37795275590551 16.440944881889763 ne
274.3937007874016 204.9448818897638 32.59842519685039 16.440944881889763 montre

51.023622047244096 217.41732283464566 28.346456692913385 14.456692913385826 que
67.18110236220473 217.41732283464566 48.75590551181102 14.456692913385826 rarement
103.74803149606299 217.41732283464566 36.56692913385827 14.456692913385826 leurs
124.15748031496064 217.41732283464566 40.53543307086614 14.456692913385826 dessins.

51.30708661417323 223.08661417322836 35.43307086614173 20.409448818897637 Alors
75.11811023622047 223.08661417322836 27.496062992125985 20.409448818897637 que
90.70866141732283 223.08661417322836 31.46456692913386 20.409448818897637 trop
110.55118110236221 223.08661417322836 23.811023622047244 20.409448818897637 de
122.45669291338582 223.08661417322836 51.30708661417323 20.409448818897637 personnes
161.85826771653544 223.08661417322836 43.37007874015748 20.409448818897637 parlent
193.3228346456693 223.08661417322836 23.811023622047244 20.409448818897637 de
205.22834645669292 223.08661417322836 47.338582677165356 20.409448818897637 facilité
240.66141732283464 223.08661417322836 19.84251968503937 20.409448818897637 à
248.5984251968504 223.08661417322836 31.46456692913386 20.409448818897637 leur
268.4409448818898 223.08661417322836 39.40157480314961 20.409448818897637 égard,
291.9685039370079 223.08661417322836 15.874015748031496 20.409448818897637 il

51.30708661417323 235.84251968503938 41.38582677165354 17.007874015748033 suffit
80.50393700787401 235.84251968503938 24.944881889763778 17.007874015748033 de
92.97637795275591 235.84251968503938 53.85826771653543 17.007874015748033 connaître
134.36220472440945 235.84251968503938 37.41732283464567 17.007874015748033 leurs
159.30708661417322 235.84251968503938 41.38582677165354 17.007874015748033 œuvres
188.2204724409449 235.84251968503938 28.913385826771652 17.007874015748033 sur
204.9448818897638 235.84251968503938 45.63779527559055 17.007874015748033 papier,
238.11023622047244 235.84251968503938 28.913385826771652 17.007874015748033 qui
254.83464566929135 235.84251968503938 33.16535433070866 17.007874015748033 trop
271.2755905511811 235.84251968503938 37.41732283464567 17.007874015748033 souvent

52.15748031496063 244.91338582677164 44.22047244094488 17.5748031496063 restent
84.18897637795276 244.91338582677164 32.031496062992126 17.5748031496063 dans
104.31496062992126 244.91338582677164 28.062992125984252 17.5748031496063 les
120.4724409448819 244.91338582677164 52.15748031496063 17.5748031496063 ateliers,
160.44094488188978 244.91338582677164 32.031496062992126 17.5748031496063 pour
180.56692913385828 244.91338582677164 44.22047244094488 17.5748031496063 prendre
212.5984251968504 244.91338582677164 56.125984251968504 17.5748031496063 conscience
256.81889763779526 244.91338582677164 24.094488188976378 17.5748031496063 de
268.7244094488189 244.91338582677164 24.094488188976378 17.5748031496063 la
276.9448818897638 244.91338582677164 32.031496062992126 17.5748031496063 conti-

52.724409448818896 258.23622047244095 36.0 14.173228346456693 nuité
76.81889763779527 258.23622047244095 24.094488188976378 14.173228346456693 de
88.7244094488189 258.23622047244095 32.031496062992126 14.173228346456693 leur
108.85039370078741 258.23622047244095 48.188976377952756 14.173228346456693 travail.
144.8503937007874 258.23622047244095 24.094488188976378 14.173228346456693 On
157.03937007874015 258.23622047244095 48.188976377952756 14.173228346456693 découvre
193.03937007874015 258.23622047244095 56.125984251968504 14.173228346456693 également,
237.25984251968504 258.23622047244095 36.0 14.173228346456693 grâce
261.3543307086614 258.23622047244095 28.062992125984252 14.173228346456693 aux
273.54330708661416 258.23622047244095 36.0 14.173228346456693 études.

52.44094488188976 266.74015748031496 47.338582677165356 13.88976377952756 croquis
86.74015748031496 266.74015748031496 25.79527559055118 13.88976377952756 et
99.77952755905511 266.74015748031496 55.84251968503937 13.88976377952756 gouaches,
142.58267716535434 266.74015748031496 30.04724409448819 13.88976377952756 des
159.8740157480315 266.74015748031496 60.09448818897638 13.88976377952756 recherches
206.9291338582677 266.74015748031496 60.09448818897638 13.88976377952756 similaires
254.26771653543307 266.74015748031496 21.543307086614174 13.88976377952756 à
262.7716535433071 266.74015748031496 43.08661417322835 13.88976377952756 celles
288.56692913385825 266.74015748031496 21.543307086614174 13.88976377952756 des

52.724409448818896 276.9448818897638 47.62204724409449 17.5748031496063 peintres
88.44094488188976 276.9448818897638 23.811023622047244 17.5748031496063 et
100.34645669291339 276.9448818897638 55.55905511811024 17.5748031496063 sculpteurs
144.28346456692913 276.9448818897638 23.811023622047244 17.5748031496063 du
152.2204724409449 276.9448818897638 31.748031496062993 17.5748031496063 passé.

53.00787401574803 287.7165354330709 35.71653543307087 15.874015748031496 C’est
76.81889763779527 287.7165354330709 31.748031496062993 15.874015748031496 pour
96.66141732283465 287.7165354330709 43.653543307086615 15.874015748031496 montrer
128.40944881889763 287.7165354330709 35.71653543307087 15.874015748031496 cette
152.2204724409449 287.7165354330709 55.55905511811024 15.874015748031496 continuité
195.59055118110237 287.7165354330709 27.77952755905512 15.874015748031496 que
211.46456692913387 287.7165354330709 31.748031496062993 15.874015748031496 j’ai
231.30708661417322 287.7165354330709 35.71653543307087 15.874015748031496 créé,
255.11811023622047 287.7165354330709 23.811023622047244 15.874015748031496 il
267.0236220472441 287.7165354330709 19.84251968503937 15.874015748031496 y
274.96062992125985 287.7165354330709 19.84251968503937 15.874015748031496 a
282.8976377952756 287.7165354330709 23.811023622047244 15.874015748031496 un
290.8346456692913 287.7165354330709 19.84251968503937 15.874015748031496 an.

53.00787401574803 300.18897637795277 28.062992125984252 12.188976377952756 une
68.88188976377953 300.18897637795277 43.93700787401575 12.188976377952756 galerie
100.91338582677166 300.18897637795277 60.09448818897638 12.188976377952756 spécialisée
149.10236220472441 300.18897637795277 32.031496062992126 12.188976377952756 dans
168.9448818897638 300.18897637795277 28.062992125984252 12.188976377952756 les
185.10236220472441 300.18897637795277 39.968503937007874 12.188976377952756 œuvres
213.16535433070865 300.18897637795277 28.062992125984252 12.188976377952756 sur
225.0708661417323 300.18897637795277 36.0 12.188976377952756 papier.

53.85826771653543 307.5590551181102 36.28346456692913 18.4251968503937 Parmi
77.95275590551181 307.5590551181102 28.062992125984252 18.4251968503937 les
94.11023622047244 307.5590551181102 48.188976377952756 18.4251968503937 nombreux
130.39370078740157 307.5590551181102 48.188976377952756 18.4251968503937 artistes
166.6771653543307 307.5590551181102 28.062992125984252 18.4251968503937 que
182.5511811023622 307.5590551181102 28.062992125984252 18.4251968503937 les
198.70866141732284 307.5590551181102 36.28346456692913 18.4251968503937 trois
222.8031496062992 307.5590551181102 60.37795275590551 18.4251968503937 précédentes
267.3070866141732 307.5590551181102 44.22047244094488 18.4251968503937 Biennales

53.00787401574803 318.61417322834643 23.811023622047244 16.440944881889763 de
64.91338582677166 318.61417322834643 35.71653543307087 16.440944881889763 Paris
88.7244094488189 318.61417322834643 27.77952755905512 16.440944881889763 ont
104.88188976377953 318.61417322834643 59.811023622047244 16.440944881889763 récompensé,
152.50393700787401 318.61417322834643 23.811023622047244 16.440944881889763 il
164.40944881889763 318.61417322834643 27.77952755905512 16.440944881889763 m’a
180.28346456692913 318.61417322834643 35.71653543307087 16.440944881889763 fallu
204.3779527559055 318.61417322834643 35.71653543307087 16.440944881889763 faire
228.18897637795277 318.61417322834643 23.811023622047244 16.440944881889763 un
240.09448818897638 318.61417322834643 35.71653543307087 16.440944881889763 choix
263.90551181102364 318.61417322834643 27.77952755905512 16.440944881889763 qui
280.06299212598424 318.61417322834643 27.77952755905512 16.440944881889763 n’a
291.9685039370079 318.61417322834643 19.84251968503937 16.440944881889763 pas

53.29133858267716 334.20472440944883 24.944881889763778 12.755905511811024 été
64.06299212598425 334.20472440944883 32.31496062992126 12.755905511811024 facile.

53.574803149606296 340.7244094488189 29.763779527559056 17.291338582677167 Les
70.58267716535433 340.7244094488189 42.51968503937008 17.291338582677167 quatre
100.34645669291339 340.7244094488189 51.023622047244096 17.291338582677167 peintres
138.33070866141733 340.7244094488189 25.511811023622048 17.291338582677167 et
151.08661417322836 340.7244094488189 42.51968503937008 17.291338582677167 quatre
180.8503937007874 340.7244094488189 59.52755905511811 17.291338582677167 sculpteurs
227.6220472440945 340.7244094488189 42.51968503937008 17.291338582677167 réunis
257.1023622047244 340.7244094488189 29.763779527559056 17.291338582677167 ici
274.1102362204724 340.7244094488189 29.763779527559056 17.291338582677167 ont
286.86614173228344 340.7244094488189 25.511811023622048 17.291338582677167 tous

53.574803149606296 351.496062992126 58.67716535433071 14.740157480314961 maintenant
99.77952755905511 351.496062992126 33.44881889763779 14.740157480314961 plus
120.75590551181102 351.496062992126 25.228346456692915 14.740157480314961 de
133.22834645669292 351.496062992126 62.92913385826772 14.740157480314961 trente-cinq
183.68503937007873 351.496062992126 33.44881889763779 14.740157480314961 ans,
204.66141732283464 351.496062992126 33.44881889763779 14.740157480314961 sauf
225.35433070866142 351.496062992126 50.173228346456696 14.740157480314961 Sorensen
263.33858267716533 351.496062992126 29.480314960629922 14.740157480314961 qui
280.06299212598424 351.496062992126 29.480314960629922 14.740157480314961 n’a
292.53543307086613 351.496062992126 20.976377952755904 14.740157480314961 que

53.574803149606296 361.13385826771656 66.04724409448819 14.740157480314961 trente-et-un
107.43307086614173 361.13385826771656 28.913385826771652 14.740157480314961 an.
123.8740157480315 361.13385826771656 28.913385826771652 14.740157480314961 Ils
140.31496062992127 361.13385826771656 53.574803149606296 14.740157480314961 possèdent
181.41732283464566 361.13385826771656 32.881889763779526 14.740157480314961 tous
202.11023622047244 361.13385826771656 24.661417322834644 14.740157480314961 un
214.58267716535434 361.13385826771656 41.10236220472441 14.740157480314961 passé.
243.49606299212599 361.13385826771656 28.913385826771652 14.740157480314961 Ils
259.93700787401576 361.13385826771656 32.881889763779526 14.740157480314961 sont
280.62992125984255 361.13385826771656 32.881889763779526 14.740157480314961 tous
297.07086614173227 361.13385826771656 16.440944881889763 14.740157480314961 en

54.425196850393704 368.78740157480314 42.51968503937008 17.5748031496063 pleine
84.18897637795276 368.78740157480314 59.52755905511811 17.5748031496063 possession
130.96062992125985 368.78740157480314 25.511811023622048 17.5748031496063 de
143.71653543307087 368.78740157480314 34.01574803149607 17.5748031496063 leur
164.9763779527559 368.78740157480314 42.51968503937008 17.5748031496063 métier
194.45669291338584 368.78740157480314 25.511811023622048 17.5748031496063 et
207.21259842519686 368.78740157480314 25.511811023622048 17.5748031496063 de
219.96850393700788 368.78740157480314 34.01574803149607 17.5748031496063 leur
241.22834645669292 368.78740157480314 72.28346456692914 17.5748031496063 personnalité.
296.503937007874 368.78740157480314 17.007874015748033 17.5748031496063 Ce

54.99212598425197 379.2755905511811 36.8503937007874 14.740157480314961 qu’ils
80.78740157480316 379.2755905511811 25.79527559055118 14.740157480314961 ont
95.5275590551181 379.2755905511811 29.480314960629922 14.740157480314961 fait
113.95275590551181 379.2755905511811 22.11023622047244 14.740157480314961 et
125.29133858267717 379.2755905511811 22.11023622047244 14.740157480314961 ce
136.3464566929134 379.2755905511811 36.8503937007874 14.740157480314961 qu’ils
162.14173228346456 379.2755905511811 33.16535433070866 14.740157480314961 sont,
184.251968503937 379.2755905511811 44.22047244094488 14.740157480314961 justifie
217.41732283464566 379.2755905511811 22.11023622047244 14.740157480314961 la
228.4724409448819 379.2755905511811 36.8503937007874 14.740157480314961 valeur
254.5511811023622 379.2755905511811 22.11023622047244 14.740157480314961 et
265.6062992125984 379.2755905511811 47.90551181102362 14.740157480314961 l'intérêt
298.7716535433071 379.2755905511811 14.740157480314961 14.740157480314961 de

54.425196850393704 390.3307086614173 66.33070866141732 17.5748031496063 l’exposition
108.56692913385827 390.3307086614173 24.944881889763778 17.5748031496063 de
120.75590551181102 390.3307086614173 28.913385826771652 17.5748031496063 ces
137.48031496062993 390.3307086614173 41.38582677165354 17.5748031496063 œuvres
166.39370078740157 390.3307086614173 28.913385826771652 17.5748031496063 sur
178.86614173228347 390.3307086614173 37.41732283464567 17.5748031496063 papier.

119.33858267716535 426.0472440944882 61.79527559055118 15.874015748031496 GALERIE
168.09448818897638 426.0472440944882 44.22047244094488 15.874015748031496 CLAUDE
194.45669291338584 426.0472440944882 48.47244094488189 15.874015748031496 LEVIN

78.23622047244095 436.53543307086613 26.078740157480315 19.84251968503937 9,
91.2755905511811 436.53543307086613 30.330708661417322 19.84251968503937 rue
108.56692913385827 436.53543307086613 26.078740157480315 19.84251968503937 du
121.32283464566929 436.53543307086613 69.16535433070867 19.84251968503937 Mont-Thabor,
177.73228346456693 436.53543307086613 38.83464566929134 19.84251968503937 Paris
203.81102362204723 436.53543307086613 38.83464566929134 19.84251968503937 (1er)
229.60629921259843 436.53543307086613 21.543307086614174 19.84251968503937 —
238.39370078740157 436.53543307086613 34.58267716535433 19.84251968503937 OPE.
255.68503937007873 436.53543307086613 34.58267716535433 19.84251968503937 41

102.04724409448819 451.5590551181102 60.94488188976378 17.5748031496063 Exposition
149.66929133858267 451.5590551181102 26.078740157480315 17.5748031496063 du
162.70866141732284 451.5590551181102 30.330708661417322 17.5748031496063 1er
180.28346456692913 451.5590551181102 26.078740157480315 17.5748031496063 au
193.03937007874015 451.5590551181102 26.078740157480315 17.5748031496063 23
206.07874015748033 451.5590551181102 47.90551181102362 17.5748031496063 octobre
236.69291338582678 451.5590551181102 30.330708661417322 17.5748031496063 1965.

81.35433070866142 464.59842519685037 58.960629921259844 16.724409448818896 Vernissage
127.84251968503936 464.59842519685037 25.228346456692915 16.724409448818896 le
140.31496062992127 464.59842519685037 50.45669291338583 16.724409448818896 vendredi
178.29921259842519 464.59842519685037 29.480314960629922 16.724409448818896 1er
195.0236220472441 464.59842519685037 46.20472440944882 16.724409448818896 octobre
228.75590551181102 464.59842519685037 25.228346456692915 16.724409448818896 de
241.51181102362204 464.59842519685037 25.228346456692915 16.724409448818896 18
253.98425196850394 464.59842519685037 20.976377952755904 16.724409448818896 à
262.48818897637796 464.59842519685037 25.228346456692915 16.724409448818896 21
270.99212598425197 464.59842519685037 16.724409448818896 16.724409448818896 h.

76.53543307086615 476.78740157480314 33.732283464566926 19.559055118110237 Tous
97.51181102362204 476.78740157480314 29.480314960629922 19.559055118110237 les
114.51968503937007 476.78740157480314 37.7007874015748 19.559055118110237 jours
139.748031496063 476.78740157480314 33.732283464566926 19.559055118110237 sauf
160.7244094488189 476.78740157480314 25.228346456692915 19.559055118110237 le
173.1968503937008 476.78740157480314 54.70866141732284 19.559055118110237 dimanche,
215.1496062992126 476.78740157480314 25.228346456692915 19.559055118110237 de
227.90551181102362 476.78740157480314 25.228346456692915 19.559055118110237 10
240.3779527559055 476.78740157480314 20.976377952755904 19.559055118110237 h
248.88188976377953 476.78740157480314 25.228346456692915 19.559055118110237 30
261.3543307086614 476.78740157480314 20.976377952755904 19.559055118110237 à
269.8582677165354 476.78740157480314 25.228346456692915 19.559055118110237 12
278.3622047244094 476.78740157480314 16.724409448818896 19.559055118110237 h.

138.61417322834646 490.96062992125985 25.79527559055118 13.039370078740157 et
151.37007874015748 490.96062992125985 25.79527559055118 13.039370078740157 de
164.40944881889763 490.96062992125985 25.79527559055118 13.039370078740157 14
177.16535433070865 490.96062992125985 21.543307086614174 13.039370078740157 h
185.66929133858267 490.96062992125985 25.79527559055118 13.039370078740157 30
198.70866141732284 490.96062992125985 21.543307086614174 13.039370078740157 à
207.21259842519686 490.96062992125985 25.79527559055118 13.039370078740157 19
215.71653543307087 490.96062992125985 17.291338582677167 13.039370078740157 h.

155.33858267716536 513.3543307086615 27.496062992125985 14.456692913385826 DE
173.76377952755905 513.3543307086615 18.4251968503937 14.456692913385826 63
182.83464566929135 513.3543307086615 15.307086614173228 14.456692913385826 A
185.95275590551182 513.3543307086615 33.44881889763779 14.456692913385826 65...

78.23622047244095 526.1102362204724 60.661417322834644 18.708661417322833 Aillaud.
126.70866141732283 526.1102362204724 44.503937007874015 18.708661417322833 Arroyo.
159.0236220472441 526.1102362204724 44.503937007874015 18.708661417322833 Brusse.
191.33858267716536 526.1102362204724 28.346456692913385 18.708661417322833 Del
207.49606299212599 526.1102362204724 40.53543307086614 18.708661417322833 Pezzo.
231.8740157480315 526.1102362204724 64.62992125984252 18.708661417322833 Recalcati.

58.110236220472444 543.9685039370079 32.031496062992126 17.5748031496063 Cinq
78.23622047244095 543.9685039370079 48.188976377952756 17.5748031496063 artistes
114.23622047244095 543.9685039370079 28.062992125984252 17.5748031496063 qui
130.11023622047244 543.9685039370079 39.968503937007874 17.5748031496063 furent
158.17322834645668 543.9685039370079 43.93700787401575 17.5748031496063 révélés
190.20472440944883 543.9685039370079 28.062992125984252 17.5748031496063 par
206.36220472440945 543.9685039370079 24.094488188976378 17.5748031496063 la
218.26771653543307 543.9685039370079 48.188976377952756 17.5748031496063 Biennale
254.26771653543307 543.9685039370079 24.094488188976378 17.5748031496063 de
266.1732283464567 543.9685039370079 36.0 17.5748031496063 1963,
290.26771653543307 543.9685039370079 24.094488188976378 17.5748031496063 où
298.20472440944883 543.9685039370079 20.125984251968504 17.5748031496063 ils

58.110236220472444 555.0236220472441 43.93700787401575 16.440944881889763 étaient
90.14173228346456 555.0236220472441 32.031496062992126 16.440944881889763 tous
110.26771653543307 555.0236220472441 43.93700787401575 16.440944881889763 invités
142.29921259842519 555.0236220472441 32.031496062992126 16.440944881889763 pour
162.14173228346456 555.0236220472441 24.094488188976378 16.440944881889763 la
174.33070866141733 555.0236220472441 48.188976377952756 16.440944881889763 première
210.33070866141733 555.0236220472441 36.0 16.440944881889763 fois,
234.14173228346456 555.0236220472441 24.094488188976378 16.440944881889763 se
246.33070866141733 555.0236220472441 32.031496062992126 16.440944881889763 sont
266.1732283464567 555.0236220472441 43.93700787401575 16.440944881889763 trouvés
294.23622047244095 555.0236220472441 24.094488188976378 16.440944881889763 dans

58.67716535433071 565.7952755905512 73.7007874015748 15.023622047244094 l’impossibilité
120.75590551181102 565.7952755905512 23.244094488188978 15.023622047244094 de
132.3779527559055 565.7952755905512 58.110236220472444 15.023622047244094 participer,
178.86614173228347 565.7952755905512 30.89763779527559 15.023622047244094 pour
198.14173228346456 565.7952755905512 27.212598425196852 15.023622047244094 des
213.73228346456693 565.7952755905512 42.51968503937008 15.023622047244094 raisons
244.62992125984252 565.7952755905512 23.244094488188978 15.023622047244094 de
256.251968503937 565.7952755905512 54.14173228346457 15.023622047244094 règlement,
299.0551181102362 565.7952755905512 19.275590551181104 15.023622047244094 à
302.74015748031496 565.7952755905512 15.590551181102363 15.023622047244094 la

58.67716535433071 579.6850393700787 53.29133858267716 13.039370078740157 Biennale
98.92913385826772 579.6850393700787 26.64566929133858 13.039370078740157 de
107.71653543307086 579.6850393700787 31.181102362204726 13.039370078740157 1965.

58.960629921259844 588.7559055118111 26.078740157480315 15.874015748031496 Il
72.0 588.7559055118111 34.58267716535433 15.874015748031496 nous
93.54330708661418 588.7559055118111 21.543307086614174 15.874015748031496 a
102.04724409448819 588.7559055118111 34.58267716535433 15.874015748031496 paru
123.8740157480315 588.7559055118111 64.91338582677166 15.874015748031496 intéressant
175.748031496063 588.7559055118111 26.078740157480315 15.874015748031496 de
188.50393700787401 588.7559055118111 30.330708661417322 15.874015748031496 les
205.79527559055117 588.7559055118111 47.62204724409449 15.874015748031496 grouper
240.3779527559055 588.7559055118111 34.58267716535433 15.874015748031496 dans
262.20472440944883 588.7559055118111 30.330708661417322 15.874015748031496 une
274.96062992125985 588.7559055118111 43.37007874015748 15.874015748031496 manifes-

58.960629921259844 596.1259842519685 40.818897637795274 16.724409448818896 tation
87.30708661417323 596.1259842519685 40.818897637795274 16.724409448818896 annexe
115.93700787401575 596.1259842519685 24.37795275590551 16.724409448818896 et
128.1259842519685 596.1259842519685 24.37795275590551 16.724409448818896 de
140.31496062992127 596.1259842519685 36.56692913385827 16.724409448818896 faire
164.9763779527559 596.1259842519685 24.37795275590551 16.724409448818896 le
177.16535433070865 596.1259842519685 36.56692913385827 16.724409448818896 point
201.54330708661416 596.1259842519685 24.37795275590551 16.724409448818896 du
213.73228346456693 596.1259842519685 40.818897637795274 16.724409448818896 trajet
242.36220472440945 596.1259842519685 28.62992125984252 16.724409448818896 que
258.5196850393701 596.1259842519685 40.818897637795274 16.724409448818896 chacun
287.1496062992126 596.1259842519685 36.56692913385827 16.724409448818896 d’eux
307.5590551181102 596.1259842519685 12.188976377952756 16.724409448818896 a

56.125984251968504 612.8503937007874 48.75590551181102 11.338582677165354 parcouru.
