307.84251968503935 672.6614173228346
7.3700787401574805 18.141732283464567 112.81889763779527 18.992125984251967 ROUMANIE

60.661417322834644 126.99212598425197 75.96850393700787 17.858267716535433 Commissaire
121.32283464566929 126.99212598425197 60.661417322834644 17.858267716535433 général:
166.96062992125985 126.99212598425197 45.63779527559055 17.858267716535433 Spiru
192.18897637795277 126.99212598425197 50.74015748031496 17.858267716535433 Chintila

61.22834645669291 142.58267716535434 51.874015748031496 16.15748031496063 Secrétaire
102.04724409448819 142.58267716535434 22.393700787401574 16.15748031496063 de
113.10236220472441 142.58267716535434 40.818897637795274 16.15748031496063 l’Union
142.86614173228347 142.58267716535434 26.078740157480315 16.15748031496063 des
157.88976377952756 142.58267716535434 44.503937007874015 16.15748031496063 Artistes
191.33858267716536 142.58267716535434 51.874015748031496 16.15748031496063 Plastiques
232.15748031496062 142.58267716535434 22.393700787401574 16.15748031496063 de
243.21259842519686 142.58267716535434 22.393700787401574 16.15748031496063 la
250.58267716535434 142.58267716535434 26.078740157480315 16.15748031496063 Répu-

60.661417322834644 153.0708661417323 44.503937007874015 11.905511811023622 blique
91.84251968503936 153.0708661417323 57.826771653543304 11.905511811023622 Populaire
136.62992125984252 153.0708661417323 26.64566929133858 11.905511811023622 de
145.41732283464566 153.0708661417323 49.039370078740156 11.905511811023622 Roumanie.

44.22047244094488 190.20472440944883 28.062992125984252 18.708661417322833 La
58.110236220472444 190.20472440944883 60.661417322834644 18.708661417322833 quatrième
104.5984251968504 190.20472440944883 79.08661417322834 18.708661417322833 participation
169.79527559055117 190.20472440944883 55.84251968503937 18.708661417322833 roumaine
211.748031496063 190.20472440944883 23.244094488188978 18.708661417322833 à
221.10236220472441 190.20472440944883 28.062992125984252 18.708661417322833 la
230.45669291338584 190.20472440944883 46.488188976377955 18.708661417322833 Biennale

30.89763779527559 199.84251968503938 31.748031496062993 17.858267716535433 des
49.039370078740156 199.84251968503938 45.354330708661415 17.858267716535433 jeunes
80.78740157480316 199.84251968503938 54.425196850393704 17.858267716535433 artistes
121.88976377952756 199.84251968503938 27.212598425196852 17.858267716535433 de
135.49606299212599 199.84251968503938 45.354330708661415 17.858267716535433 Paris,
167.24409448818898 199.84251968503938 63.77952755905512 17.858267716535433 accueillie
217.41732283464566 199.84251968503938 36.28346456692913 17.858267716535433 avec
235.55905511811022 199.84251968503938 40.818897637795274 17.858267716535433 enthou-

30.330708661417322 211.748031496063 43.37007874015748 18.141732283464567 siasme
60.661417322834644 211.748031496063 26.078740157480315 18.141732283464567 et
73.7007874015748 211.748031496063 47.62204724409449 18.141732283464567 intérêt
108.28346456692914 211.748031496063 30.330708661417322 18.141732283464567 par
125.5748031496063 211.748031496063 30.330708661417322 18.141732283464567 les
142.86614173228347 211.748031496063 43.37007874015748 18.141732283464567 jeunes
173.1968503937008 211.748031496063 56.40944881889764 18.141732283464567 artistes,
216.56692913385828 211.748031496063 51.874015748031496 18.141732283464567 souligne
251.1496062992126 211.748031496063 26.078740157480315 18.141732283464567 leur

30.330708661417322 223.37007874015748 41.10236220472441 17.5748031496063 désir
57.826771653543304 223.37007874015748 45.63779527559055 17.5748031496063 d’être
89.5748031496063 223.37007874015748 54.70866141732284 17.5748031496063 présents
130.6771653543307 223.37007874015748 32.031496062992126 17.5748031496063 sur
149.10236220472441 223.37007874015748 36.56692913385827 17.5748031496063 tous
171.7795275590551 223.37007874015748 32.031496062992126 17.5748031496063 les
190.20472440944883 223.37007874015748 59.24409448818898 17.5748031496063 méridiens
235.84251968503938 223.37007874015748 36.56692913385827 17.5748031496063 avec
253.98425196850394 223.37007874015748 22.96062992125984 17.5748031496063 des

30.04724409448819 236.1259842519685 48.47244094488189 15.590551181102363 valeurs
65.48031496062993 236.1259842519685 83.62204724409449 15.590551181102363 représentatives
136.06299212598427 236.1259842519685 30.89763779527559 15.590551181102363 des
153.63779527559055 236.1259842519685 57.25984251968504 15.590551181102363 capacités
197.5748031496063 236.1259842519685 70.58267716535433 15.590551181102363 spirituelles
250.58267716535434 236.1259842519685 26.362204724409448 15.590551181102363 d’un

30.330708661417322 246.04724409448818 46.488188976377955 13.606299212598426 peuple
62.645669291338585 246.04724409448818 41.669291338582674 13.606299212598426 riche
90.70866141732283 246.04724409448818 27.77952755905512 13.606299212598426 en
104.5984251968504 246.04724409448818 64.91338582677166 13.606299212598426 traditions
151.08661417322836 246.04724409448818 64.91338582677166 13.606299212598426 artistiques.

43.08661417322835 257.9527559055118 43.653543307086615 16.15748031496063 L’art
72.28346456692914 257.9527559055118 63.21259842519685 16.15748031496063 plastique
120.75590551181102 257.9527559055118 53.29133858267716 16.15748031496063 roumain
159.59055118110237 257.9527559055118 77.66929133858268 16.15748031496063 contemporain
222.8031496062992 257.9527559055118 34.01574803149607 16.15748031496063 est
237.25984251968504 257.9527559055118 38.83464566929134 16.15748031496063 carac-

29.763779527559056 270.99212598425197 43.93700787401575 14.173228346456693 térisé
60.661417322834644 270.99212598425197 30.89763779527559 14.173228346456693 par
78.23622047244095 270.99212598425197 30.89763779527559 14.173228346456693 une
96.09448818897638 270.99212598425197 48.47244094488189 14.173228346456693 variété
131.24409448818898 270.99212598425197 26.362204724409448 14.173228346456693 de
144.56692913385828 270.99212598425197 43.93700787401575 14.173228346456693 styles
175.1811023622047 270.99212598425197 61.79527559055118 14.173228346456693 traduisant
223.6535433070866 270.99212598425197 26.362204724409448 14.173228346456693 la
232.7244094488189 270.99212598425197 43.93700787401575 14.173228346456693 richesse

30.04724409448819 281.4803149606299 27.77952755905512 13.88976377952756 et
43.93700787401575 281.4803149606299 88.15748031496064 13.88976377952756 l’effervescence
118.20472440944881 281.4803149606299 27.77952755905512 13.88976377952756 de
132.09448818897638 281.4803149606299 27.77952755905512 13.88976377952756 la
145.98425196850394 281.4803149606299 32.59842519685039 13.88976377952756 vie
159.8740157480315 281.4803149606299 55.84251968503937 13.88976377952756 nationale.

41.669291338582674 293.38582677165357 57.54330708661417 17.007874015748033 Vladimir
84.75590551181102 293.38582677165357 47.90551181102362 17.007874015748033 Setran
118.48818897637796 293.38582677165357 24.094488188976378 17.007874015748033 a
128.1259842519685 293.38582677165357 47.90551181102362 17.007874015748033 achevé
161.5748031496063 293.38582677165357 33.44881889763779 17.007874015748033 ses
180.8503937007874 293.38582677165357 47.90551181102362 17.007874015748033 études
214.29921259842519 293.38582677165357 24.094488188976378 17.007874015748033 à
219.11811023622047 293.38582677165357 57.54330708661417 17.007874015748033 l’Institut

28.913385826771652 307.2755905511811 45.354330708661415 13.32283464566929 d’Art
59.24409448818898 307.2755905511811 70.58267716535433 13.32283464566929 Plastiques
114.80314960629921 307.2755905511811 25.228346456692915 13.32283464566929 *
124.7244094488189 307.2755905511811 30.330708661417322 13.32283464566929 N.
140.03149606299212 307.2755905511811 75.68503937007874 13.32283464566929 Grigoresco:
200.40944881889763 307.2755905511811 25.228346456692915 13.32283464566929 à
210.61417322834646 307.2755905511811 65.48031496062993 13.32283464566929 Bucarest.
255.96850393700788 307.2755905511811 20.125984251968504 13.32283464566929 Il

30.04724409448819 318.3307086614173 52.724409448818896 14.456692913385826 pratique
69.73228346456693 318.3307086614173 26.362204724409448 14.456692913385826 la
83.05511811023622 318.3307086614173 57.25984251968504 14.456692913385826 peinture,
126.99212598425197 318.3307086614173 26.362204724409448 14.456692913385826 la
140.03149606299212 318.3307086614173 70.2992125984252 14.456692913385826 scénographie
197.29133858267716 318.3307086614173 26.362204724409448 14.456692913385826 et
210.33070866141733 318.3307086614173 57.25984251968504 14.456692913385826 l’affiche
250.01574803149606 318.3307086614173 26.362204724409448 14.456692913385826 avec

29.480314960629922 329.38582677165357 30.330708661417322 12.472440944881889 un
44.78740157480315 329.38582677165357 75.68503937007874 12.472440944881889 tempérament
105.16535433070867 329.38582677165357 70.58267716535433 12.472440944881889 vigoureux.
160.44094488188978 329.38582677165357 30.330708661417322 12.472440944881889 Sa
175.748031496063 329.38582677165357 50.45669291338583 12.472440944881889 vision
210.89763779527559 329.38582677165357 30.330708661417322 12.472440944881889 se
225.92125984251967 329.38582677165357 50.45669291338583 12.472440944881889 nourit
256.251968503937 329.38582677165357 20.125984251968504 12.472440944881889 de

29.480314960629922 339.87401574803147 68.5984251968504 14.173228346456693 suggestions
84.18897637795276 339.87401574803147 82.20472440944881 14.173228346456693 philosophiques
152.78740157480314 339.87401574803147 27.496062992125985 14.173228346456693 et
166.6771653543307 339.87401574803147 59.52755905511811 14.173228346456693 poétiques
212.31496062992127 339.87401574803147 27.496062992125985 14.173228346456693 et
226.20472440944883 339.87401574803147 27.496062992125985 14.173228346456693 il
235.2755905511811 339.87401574803147 41.10236220472441 14.173228346456693 emploie

29.19685039370079 349.2283464566929 35.1496062992126 11.905511811023622 une
49.32283464566929 349.2283464566929 55.275590551181104 11.905511811023622 matière
89.5748031496063 349.2283464566929 45.07086614173228 11.905511811023622 dense
119.62204724409449 349.2283464566929 30.04724409448819 11.905511811023622 et
129.54330708661416 349.2283464566929 65.19685039370079 11.905511811023622 expressive.

41.38582677165354 361.13385826771656 47.05511811023622 17.5748031496063 Victor
74.26771653543307 361.13385826771656 47.05511811023622 17.5748031496063 Cupsa,
107.14960629921259 361.13385826771656 47.05511811023622 17.5748031496063 attiré
140.03149606299212 361.13385826771656 32.881889763779526 17.5748031496063 par
158.74015748031496 361.13385826771656 42.23622047244095 17.5748031496063 l’art
187.08661417322836 361.13385826771656 32.881889763779526 17.5748031496063 dès
205.79527559055117 361.13385826771656 32.881889763779526 17.5748031496063 son
224.50393700787401 361.13385826771656 56.40944881889764 17.5748031496063 enfance,
261.9212598425197 361.13385826771656 14.173228346456693 17.5748031496063 à

29.763779527559056 376.4409448818898 42.803149606299215 11.905511811023622 peint
58.39370078740158 376.4409448818898 28.346456692913385 11.905511811023622 en
72.56692913385827 376.4409448818898 71.14960629921259 11.905511811023622 autodidacte
129.54330708661416 376.4409448818898 37.98425196850393 11.905511811023622 tout
153.0708661417323 376.4409448818898 28.346456692913385 11.905511811023622 en
167.24409448818898 376.4409448818898 71.14960629921259 11.905511811023622 poursuivant
224.2204724409449 376.4409448818898 33.16535433070866 11.905511811023622 ses
238.39370078740157 376.4409448818898 37.98425196850393 11.905511811023622 études

28.913385826771652 386.3622047244094 30.330708661417322 10.771653543307087 de
44.22047244094488 386.3622047244094 65.48031496062993 10.771653543307087 médecine.
94.39370078740157 386.3622047244094 30.330708661417322 10.771653543307087 Sa
109.7007874015748 386.3622047244094 60.37795275590551 10.771653543307087 peinture
155.0551181102362 386.3622047244094 65.48031496062993 10.771653543307087 s’exprime
205.22834645669292 386.3622047244094 35.1496062992126 10.771653543307087 par
225.35433070866142 386.3622047244094 35.1496062992126 10.771653543307087 des
240.66141732283464 386.3622047244094 35.1496062992126 10.771653543307087 méta-

29.480314960629922 394.86614173228344 43.93700787401575 12.755905511811024 phores
60.37795275590551 394.86614173228344 26.362204724409448 12.755905511811024 et
73.7007874015748 394.86614173228344 30.89763779527559 12.755905511811024 des
91.2755905511811 394.86614173228344 79.08661417322834 12.755905511811024 transpositions
157.3228346456693 394.86614173228344 30.89763779527559 12.755905511811024 qui
174.89763779527559 394.86614173228344 35.1496062992126 12.755905511811024 vont
197.00787401574803 394.86614173228344 48.47244094488189 12.755905511811024 jusqu’à
232.15748031496062 394.86614173228344 26.362204724409448 12.755905511811024 la
240.9448818897638 394.86614173228344 35.1496062992126 12.755905511811024 trans-

28.62992125984252 406.7716535433071 65.19685039370079 12.472440944881889 figuration
79.93700787401575 406.7716535433071 28.062992125984252 12.472440944881889 de
93.8267716535433 406.7716535433071 56.125984251968504 12.472440944881889 certains
135.7795275590551 406.7716535433071 51.30708661417323 12.472440944881889 moments
173.1968503937008 406.7716535433071 28.062992125984252 12.472440944881889 de
187.08661417322836 406.7716535433071 28.062992125984252 12.472440944881889 la
201.25984251968504 406.7716535433071 46.77165354330709 12.472440944881889 nature
233.85826771653544 406.7716535433071 28.062992125984252 12.472440944881889 et
247.748031496063 406.7716535433071 28.062992125984252 12.472440944881889 de
257.1023622047244 406.7716535433071 18.708661417322833 12.472440944881889 la

28.913385826771652 419.244094488189 35.1496062992126 13.039370078740157 vie.
51.023622047244096 419.244094488189 26.362204724409448 13.039370078740157 Il
64.34645669291339 419.244094488189 35.1496062992126 13.039370078740157 crée
86.45669291338582 419.244094488189 26.362204724409448 13.039370078740157 de
99.49606299212599 419.244094488189 57.25984251968504 13.039370078740157 nouvelles
143.71653543307087 419.244094488189 53.00787401574803 13.039370078740157 réalités
183.4015748031496 419.244094488189 61.79527559055118 13.039370078740157 plastiques
227.33858267716536 419.244094488189 48.47244094488189 13.039370078740157 soutenues

28.62992125984252 427.748031496063 36.56692913385827 14.456692913385826 par
49.32283464566929 427.748031496063 31.46456692913386 14.456692913385826 un
65.19685039370079 427.748031496063 78.51968503937007 14.456692913385826 chromatisme
122.74015748031496 427.748031496063 62.92913385826772 14.456692913385826 valeureux.

41.38582677165354 441.3543307086614 29.480314960629922 13.88976377952756 La
56.125984251968504 441.3543307086614 49.039370078740156 13.88976377952756 vision
90.14173228346456 441.3543307086614 29.480314960629922 13.88976377952756 du
104.88188976377953 441.3543307086614 63.77952755905512 13.88976377952756 sculpteur
153.92125984251967 441.3543307086614 49.039370078740156 13.88976377952756 George
188.2204724409449 441.3543307086614 49.039370078740156 13.88976377952756 Apostu
222.51968503937007 441.3543307086614 34.2992125984252 13.88976377952756 qui
242.07874015748033 441.3543307086614 24.37795275590551 13.88976377952756 a
246.89763779527559 441.3543307086614 29.480314960629922 13.88976377952756 fait

28.913385826771652 453.54330708661416 32.031496062992126 10.204724409448819 ses
47.05511811023622 453.54330708661416 45.63779527559055 10.204724409448819 études
79.08661417322834 453.54330708661416 22.96062992125984 10.204724409448819 à
88.15748031496064 453.54330708661416 64.06299212598425 10.204724409448819 l’Institut
138.61417322834646 453.54330708661416 45.63779527559055 10.204724409448819 d’Arts
170.36220472440945 453.54330708661416 64.06299212598425 10.204724409448819 plastiques
220.8188976377953 453.54330708661416 22.96062992125984 10.204724409448819 *
229.88976377952756 453.54330708661416 27.496062992125985 10.204724409448819 N.
238.96062992125985 453.54330708661416 36.56692913385827 10.204724409448819 Grigo-

29.480314960629922 464.31496062992125 40.25196850393701 14.173228346456693 resco
56.40944881889764 464.31496062992125 26.929133858267715 14.173228346456693 de
69.73228346456693 464.31496062992125 53.85826771653543 14.173228346456693 Bucarest
110.26771653543307 464.31496062992125 35.71653543307087 14.173228346456693 tite
132.66141732283464 464.31496062992125 26.929133858267715 14.173228346456693 sa
145.98425196850394 464.31496062992125 35.71653543307087 14.173228346456693 sève
168.3779527559055 464.31496062992125 26.929133858267715 14.173228346456693 de
181.70078740157481 464.31496062992125 40.25196850393701 14.173228346456693 l’art
208.62992125984252 464.31496062992125 53.85826771653543 14.173228346456693 primitif
244.3464566929134 464.31496062992125 31.46456692913386 14.173228346456693 popu-

29.480314960629922 473.1023622047244 39.40157480314961 11.622047244094489 laire
55.55905511811024 473.1023622047244 61.511811023622045 11.622047244094489 sauvegardé
104.03149606299213 473.1023622047244 21.826771653543307 11.622047244094489 à
112.81889763779527 473.1023622047244 48.188976377952756 11.622047244094489 travers
147.96850393700788 473.1023622047244 30.614173228346456 11.622047244094489 les
165.54330708661416 473.1023622047244 52.724409448818896 11.622047244094489 siècles.
204.9448818897638 473.1023622047244 26.362204724409448 11.622047244094489 Il
218.26771653543307 473.1023622047244 48.188976377952756 11.622047244094489 excelle
248.88188976377953 473.1023622047244 26.362204724409448 11.622047244094489 par-

28.62992125984252 484.7244094488189 74.55118110236221 12.472440944881889 ticulièrement
89.85826771653544 484.7244094488189 35.1496062992126 12.472440944881889 dans
111.96850393700787 484.7244094488189 26.362204724409448 12.472440944881889 la
125.00787401574803 484.7244094488189 43.93700787401575 12.472440944881889 taille
155.90551181102362 484.7244094488189 26.362204724409448 12.472440944881889 du
168.9448818897638 484.7244094488189 35.1496062992126 12.472440944881889 bois
191.0551181102362 484.7244094488189 26.362204724409448 12.472440944881889 et
204.09448818897638 484.7244094488189 26.362204724409448 12.472440944881889 de
217.41732283464566 484.7244094488189 26.362204724409448 12.472440944881889 la
226.20472440944883 484.7244094488189 39.40157480314961 12.472440944881889 pierre.

41.38582677165354 498.61417322834643 39.68503937007874 15.023622047244094 Octav
68.03149606299213 498.61417322834643 66.04724409448819 15.023622047244094 Grigoresco,
120.75590551181102 498.61417322834643 57.25984251968504 15.023622047244094 assistant
164.9763779527559 498.61417322834643 22.11023622047244 15.023622047244094 à
173.76377952755905 498.61417322834643 26.362204724409448 15.023622047244094 la
187.08661417322836 498.61417322834643 44.22047244094488 15.023622047244094 chaire
217.98425196850394 498.61417322834643 44.22047244094488 15.023622047244094 d’arts
244.3464566929134 498.61417322834643 30.89763779527559 15.023622047244094 plas-

28.913385826771652 508.251968503937 46.488188976377955 13.039370078740157 tiques
61.22834645669291 508.251968503937 27.77952755905512 13.039370078740157 au
75.4015748031496 508.251968503937 37.13385826771653 13.039370078740157 même
98.64566929133858 508.251968503937 60.37795275590551 13.039370078740157 Institut,
145.13385826771653 508.251968503937 51.023622047244096 13.039370078740157 dessine
182.26771653543307 508.251968503937 23.244094488188978 13.039370078740157 à
191.6220472440945 508.251968503937 27.77952755905512 13.039370078740157 la
205.51181102362204 508.251968503937 41.95275590551181 13.039370078740157 plume
233.29133858267716 508.251968503937 32.59842519685039 13.039370078740157 des
247.46456692913387 508.251968503937 27.77952755905512 13.039370078740157 ima-

28.62992125984252 521.007874015748 32.59842519685039 11.05511811023622 ges
47.05511811023622 521.007874015748 41.95275590551181 11.05511811023622 d’une
75.11811023622047 521.007874015748 65.19685039370079 11.05511811023622 conception
126.4251968503937 521.007874015748 83.90551181102362 11.05511811023622 simultanéiste,
196.15748031496062 521.007874015748 28.062992125984252 11.05511811023622 où
210.33070866141733 521.007874015748 28.062992125984252 11.05511811023622 la
224.2204724409449 521.007874015748 51.30708661417323 11.05511811023622 surface
256.81889763779526 521.007874015748 18.708661417322833 11.05511811023622 du

28.346456692913385 532.0629921259842 50.45669291338583 11.05511811023622 papier
63.77952755905512 532.0629921259842 50.45669291338583 11.05511811023622 s’orne
99.21259842519684 532.0629921259842 45.63779527559055 11.05511811023622 d’une
129.54330708661416 532.0629921259842 65.76377952755905 11.05511811023622 arabesque
180.0 532.0629921259842 40.53543307086614 11.05511811023622 fine
205.22834645669292 532.0629921259842 30.330708661417322 11.05511811023622 et
215.43307086614172 532.0629921259842 60.661417322834644 11.05511811023622 compliquée

28.062992125984252 544.5354330708661 44.503937007874015 13.88976377952756 d’une
57.54330708661417 544.5354330708661 88.7244094488189 13.88976377952756 exceptionnelle
131.5275590551181 544.5354330708661 54.425196850393704 13.88976377952756 qualité
166.11023622047244 544.5354330708661 59.24409448818898 13.88976377952756 graphique.

41.38582677165354 554.7401574803149 32.881889763779526 12.472440944881889 Les
60.37795275590551 554.7401574803149 46.77165354330709 12.472440944881889 œuvres
92.97637795275591 554.7401574803149 28.062992125984252 12.472440944881889 de
107.14960629921259 554.7401574803149 32.881889763779526 12.472440944881889 ces
125.85826771653544 554.7401574803149 46.77165354330709 12.472440944881889 quatre
158.74015748031496 554.7401574803149 46.77165354330709 12.472440944881889 jeunes
191.33858267716536 554.7401574803149 56.125984251968504 12.472440944881889 artistes
233.5748031496063 554.7401574803149 32.881889763779526 12.472440944881889 ont
247.748031496063 554.7401574803149 28.062992125984252 12.472440944881889 pour

29.19685039370079 565.7952755905512 31.46456692913386 14.740157480314961 but
47.05511811023622 565.7952755905512 26.929133858267715 14.740157480314961 de
60.661417322834644 565.7952755905512 40.25196850393701 14.740157480314961 faire
87.59055118110236 565.7952755905512 44.78740157480315 14.740157480314961 valoir
118.77165354330708 565.7952755905512 31.46456692913386 14.740157480314961 les
136.91338582677164 565.7952755905512 80.78740157480316 14.740157480314961 préoccupations
204.09448818897638 565.7952755905512 26.929133858267715 14.740157480314961 et
217.41732283464566 565.7952755905512 31.46456692913386 14.740157480314961 les
231.0236220472441 565.7952755905512 44.78740157480315 14.740157480314961 réalités

28.062992125984252 578.5511811023622 95.81102362204724 15.307086614173228 contemporaines
108.0 578.5511811023622 32.031496062992126 15.307086614173228 du
123.8740157480315 578.5511811023622 53.29133858267716 15.307086614173228 peuple
155.90551181102362 578.5511811023622 53.29133858267716 15.307086614173228 roumain.

26.929133858267715 635.8110236220473 21.826771653543307 11.622047244094489 106

212.88188976377953 618.8031496062993 35.1496062992126 16.440944881889763 Spiru
232.44094488188978 618.8031496062993 43.08661417322835 16.440944881889763 Chintila.
