307.84251968503935 672.6614173228346
16.440944881889763 28.062992125984252 85.88976377952756 18.4251968503937 ISLANDE

63.77952755905512 119.33858267716535 76.53543307086615 14.740157480314961 Commissaire
125.00787401574803 119.33858267716535 61.22834645669291 14.740157480314961 général:
170.64566929133858 119.33858267716535 61.22834645669291 14.740157480314961 Sigurdur
211.46456692913387 119.33858267716535 51.023622047244096 14.740157480314961 Hafstadt

63.77952755905512 131.81102362204723 60.94488188976378 14.456692913385826 Conseiller
111.4015748031496 131.81102362204723 52.15748031496063 14.456692913385826 culturel
150.51968503937007 131.81102362204723 34.86614173228347 14.456692913385826 près
172.3464566929134 131.81102362204723 65.19685039370079 14.456692913385826 l’Ambassade
224.50393700787401 131.81102362204723 56.40944881889764 14.456692913385826 d’Islande
263.62204724409446 131.81102362204723 17.291338582677167 14.456692913385826 en

58.960629921259844 143.1496062992126 40.53543307086614 13.32283464566929 France.

47.90551181102362 178.01574803149606 26.362204724409448 16.440944881889763 Si
60.94488188976378 178.01574803149606 30.614173228346456 16.440944881889763 les
78.51968503937007 178.01574803149606 35.1496062992126 16.440944881889763 deux
100.34645669291339 178.01574803149606 52.724409448818896 16.440944881889763 artistes
140.03149606299212 178.01574803149606 30.614173228346456 16.440944881889763 qui
157.60629921259843 178.01574803149606 30.614173228346456 16.440944881889763 ont
174.89763779527559 178.01574803149606 30.614173228346456 16.440944881889763 été
192.4724409448819 178.01574803149606 52.724409448818896 16.440944881889763 désignés
232.15748031496062 178.01574803149606 39.40157480314961 16.440944881889763 cette
253.98425196850394 178.01574803149606 26.362204724409448 16.440944881889763 fois

35.43307086614173 194.17322834645668 35.71653543307087 11.338582677165354 pour
57.826771653543304 194.17322834645668 49.039370078740156 11.338582677165354 exposer
93.54330708661418 194.17322834645668 40.25196850393701 11.338582677165354 leurs
120.18897637795276 194.17322834645668 44.503937007874015 11.338582677165354 œuvres
151.37007874015748 194.17322834645668 35.71653543307087 11.338582677165354 sont
173.76377952755905 194.17322834645668 44.503937007874015 11.338582677165354 encore
204.9448818897638 194.17322834645668 49.039370078740156 11.338582677165354 jeunes,
240.66141732283464 194.17322834645668 31.181102362204726 11.338582677165354 ils
253.98425196850394 194.17322834645668 26.64566929133858 11.338582677165354 sont

35.1496062992126 204.9448818897638 60.37795275590551 12.188976377952756 cependant
81.35433070866142 204.9448818897638 37.13385826771653 12.188976377952756 bien
104.5984251968504 204.9448818897638 46.20472440944882 12.188976377952756 connus
136.91338582677164 204.9448818897638 37.13385826771653 12.188976377952756 dans
160.15748031496062 204.9448818897638 37.13385826771653 12.188976377952756 leur
183.4015748031496 204.9448818897638 51.023622047244096 12.188976377952756 patrie,
220.53543307086613 204.9448818897638 41.669291338582674 12.188976377952756 ayant
243.49606299212599 204.9448818897638 37.13385826771653 12.188976377952756 depuis

34.01574803149607 214.86614173228347 35.71653543307087 10.488188976377952 des
54.425196850393704 214.86614173228347 51.023622047244096 10.488188976377952 années
90.14173228346456 214.86614173228347 66.33070866141732 10.488188976377952 participé
141.16535433070865 214.86614173228347 25.511811023622048 10.488188976377952 à
151.37007874015748 214.86614173228347 35.71653543307087 10.488188976377952 des
171.7795275590551 214.86614173228347 76.53543307086615 10.488188976377952 expositions
233.00787401574803 214.86614173228347 45.92125984251968 10.488188976377952 aussi
263.62204724409446 214.86614173228347 40.818897637795274 10.488188976377952 bien
289.13385826771656 214.86614173228347 30.614173228346456 10.488188976377952 en

34.2992125984252 225.0708661417323 58.110236220472444 13.88976377952756 Islande
76.81889763779527 225.0708661417323 42.23622047244095 13.88976377952756 qu’à
103.18110236220473 225.0708661417323 79.37007874015748 13.88976377952756 l’étranger.
166.6771653543307 225.0708661417323 37.13385826771653 13.88976377952756 Ils
187.93700787401573 225.0708661417323 37.13385826771653 13.88976377952756 ont
208.91338582677164 225.0708661417323 42.23622047244095 13.88976377952756 donc
235.55905511811022 225.0708661417323 63.496062992125985 13.88976377952756 derrière
283.18110236220474 225.0708661417323 37.13385826771653 13.88976377952756 eux

34.01574803149607 234.99212598425197 40.818897637795274 12.472440944881889 l’un
59.52755905511811 234.99212598425197 30.614173228346456 12.472440944881889 et
74.83464566929133 234.99212598425197 61.22834645669291 12.472440944881889 l’autre,
120.75590551181102 234.99212598425197 35.71653543307087 12.472440944881889 une
141.16535433070865 234.99212598425197 71.43307086614173 12.472440944881889 expérience
197.29133858267716 234.99212598425197 86.74015748031496 12.472440944881889 considérable.
268.7244094488189 234.99212598425197 35.71653543307087 12.472440944881889 Ils
289.13385826771656 234.99212598425197 30.614173228346456 12.472440944881889 se

33.732283464566926 248.88188976377953 66.33070866141732 11.338582677165354 révèlent,
84.75590551181102 248.88188976377953 56.125984251968504 11.338582677165354 d’autre
125.85826771653544 248.88188976377953 45.92125984251968 11.338582677165354 part,
156.4724409448819 248.88188976377953 40.818897637795274 11.338582677165354 fort
181.98425196850394 248.88188976377953 92.1259842519685 11.338582677165354 dissemblables,
258.8031496062992 248.88188976377953 61.22834645669291 11.338582677165354 marquant

33.44881889763779 257.6692913385827 43.653543307086615 10.771653543307087 ainsi
62.645669291338585 257.6692913385827 38.83464566929134 10.771653543307087 deux
86.74015748031496 257.6692913385827 63.21259842519685 10.771653543307087 tendances
135.49606299212599 257.6692913385827 72.85039370078741 10.771653543307087 différentes
193.88976377952756 257.6692913385827 29.19685039370079 10.771653543307087 de
208.3464566929134 257.6692913385827 29.19685039370079 10.771653543307087 la
223.08661417322836 257.6692913385827 58.39370078740158 10.771653543307087 peinture
266.74015748031496 257.6692913385827 48.47244094488189 10.771653543307087 islan.

33.44881889763779 268.4409448818898 42.803149606299215 11.05511811023622 daise
62.07874015748032 268.4409448818898 28.62992125984252 11.05511811023622 et
76.25196850393701 268.4409448818898 52.15748031496063 11.05511811023622 faisant
114.23622047244095 268.4409448818898 66.61417322834646 11.05511811023622 clairement
166.6771653543307 268.4409448818898 37.98425196850393 11.05511811023622 voir
190.48818897637796 268.4409448818898 33.16535433070866 11.05511811023622 sur
209.48031496062993 268.4409448818898 52.15748031496063 11.05511811023622 quelles
247.46456692913387 268.4409448818898 42.803149606299215 11.05511811023622 voies
276.09448818897636 268.4409448818898 42.803149606299215 11.05511811023622 s’en¬

29.19685039370079 279.7795275590551 90.4251968503937 11.622047244094489 gagent
92.40944881889764 279.7795275590551 63.21259842519685 11.622047244094489 les
128.69291338582678 279.7795275590551 108.56692913385827 11.622047244094489 artistes
210.04724409448818 279.7795275590551 117.63779527559055 11.622047244094489 islandais

45.92125984251968 289.98425196850394 37.13385826771653 15.874015748031496 Les
67.18110236220473 289.98425196850394 74.55118110236221 15.874015748031496 Islandais,
125.85826771653544 289.98425196850394 37.13385826771653 15.874015748031496 qui
147.11811023622047 289.98425196850394 58.39370078740158 15.874015748031496 forment
189.63779527559055 289.98425196850394 37.13385826771653 15.874015748031496 une
210.89763779527559 289.98425196850394 37.13385826771653 15.874015748031496 des
232.15748031496062 289.98425196850394 42.51968503937008 15.874015748031496 plus
258.5196850393701 289.98425196850394 58.39370078740158 15.874015748031496 petites

33.732283464566926 300.4724409448819 57.25984251968504 16.15748031496063 nations
75.4015748031496 300.4724409448819 31.181102362204726 16.15748031496063 du
90.99212598425197 300.4724409448819 52.15748031496063 16.15748031496063 monde,
127.2755905511811 300.4724409448819 67.74803149606299 16.15748031496063 n’avaient
179.43307086614172 300.4724409448819 46.77165354330709 16.15748031496063 guère
210.61417322834646 300.4724409448819 77.95275590551181 16.15748031496063 l’occasion,
272.9763779527559 300.4724409448819 46.77165354330709 16.15748031496063 avant

34.58267716535433 311.244094488189 28.062992125984252 14.740157480314961 le
48.47244094488189 311.244094488189 46.488188976377955 14.740157480314961 siècle
81.07086614173228 311.244094488189 55.84251968503937 14.740157480314961 dernier,
123.02362204724409 311.244094488189 28.062992125984252 14.740157480314961 de
136.91338582677164 311.244094488189 28.062992125984252 14.740157480314961 se
150.8031496062992 311.244094488189 60.661417322834644 14.740157480314961 consacrer
197.5748031496063 311.244094488189 23.244094488188978 14.740157480314961 à
206.9291338582677 311.244094488189 28.062992125984252 14.740157480314961 la
220.8188976377953 311.244094488189 60.661417322834644 14.740157480314961 peinture.
267.3070866141732 311.244094488189 37.13385826771653 14.740157480314961 L’on
290.5511811023622 311.244094488189 28.062992125984252 14.740157480314961 ne

33.44881889763779 324.56692913385825 45.07086614173228 13.039370078740157 peut
61.79527559055118 324.56692913385825 45.07086614173228 13.039370078740157 donc
89.85826771653544 324.56692913385825 39.40157480314961 13.039370078740157 que
112.25196850393701 324.56692913385825 73.13385826771653 13.039370078740157 s’étonner
168.66141732283464 324.56692913385825 33.732283464566926 13.039370078740157 de
185.66929133858267 324.56692913385825 118.20472440944881 13.039370078740157 l’épanouissement,
287.1496062992126 324.56692913385825 33.732283464566926 13.039370078740157 au

33.44881889763779 334.48818897637796 35.71653543307087 11.905511811023622 xXe
53.85826771653543 334.48818897637796 56.125984251968504 11.905511811023622 siècle,
94.67716535433071 334.48818897637796 30.614173228346456 11.905511811023622 en
110.26771653543307 334.48818897637796 56.125984251968504 11.905511811023622 Islande
151.08661417322836 334.48818897637796 30.614173228346456 11.905511811023622 de
166.39370078740157 334.48818897637796 35.71653543307087 11.905511811023622 cet
186.8031496062992 334.48818897637796 40.818897637795274 11.905511811023622 art.
212.31496062992127 334.48818897637796 40.818897637795274 11.905511811023622 dont
237.82677165354332 334.48818897637796 35.71653543307087 11.905511811023622 les
258.5196850393701 334.48818897637796 51.023622047244096 11.905511811023622 œuvres
289.13385826771656 334.48818897637796 20.409448818897637 11.905511811023622 si

33.16535433070866 345.25984251968504 55.275590551181104 11.05511811023622 variées
73.41732283464567 345.25984251968504 35.1496062992126 11.05511811023622 des
93.54330708661418 345.25984251968504 40.25196850393701 11.05511811023622 plus
118.77165354330708 345.25984251968504 50.173228346456696 11.05511811023622 jeunes
153.92125984251967 345.25984251968504 60.37795275590551 11.05511811023622 montrent
198.99212598425197 345.25984251968504 35.1496062992126 11.05511811023622 une
219.11811023622047 345.25984251968504 40.25196850393701 11.05511811023622 joie
244.3464566929134 345.25984251968504 30.04724409448819 11.05511811023622 de
259.37007874015745 345.25984251968504 45.354330708661415 11.05511811023622 vivre
289.4173228346457 345.25984251968504 30.04724409448819 11.05511811023622 et

33.732283464566926 355.748031496063 36.28346456692913 10.771653543307087 une
54.425196850393704 355.748031496063 56.976377952755904 10.771653543307087 vigueur
95.81102362204724 355.748031496063 83.05511811023622 10.771653543307087 surprenante,
163.2755905511811 355.748031496063 77.95275590551181 10.771653543307087 explicables
225.63779527559055 355.748031496063 36.28346456692913 10.771653543307087 par
246.33070866141733 355.748031496063 36.28346456692913 10.771653543307087 les
267.3070866141732 355.748031496063 51.874015748031496 10.771653543307087 grands

33.44881889763779 368.2204724409449 58.39370078740158 11.905511811023622 progrès
75.96850393700787 368.2204724409449 68.88188976377953 11.905511811023622 accomplis
128.9763779527559 368.2204724409449 37.13385826771653 11.905511811023622 ces
150.23622047244095 368.2204724409449 63.77952755905512 11.905511811023622 derniers
198.14173228346456 368.2204724409449 47.90551181102362 11.905511811023622 temps
229.88976377952756 368.2204724409449 37.13385826771653 11.905511811023622 par
251.1496062992126 368.2204724409449 47.90551181102362 11.905511811023622 cette
282.8976377952756 368.2204724409449 37.13385826771653 11.905511811023622 na¬

32.881889763779526 376.15748031496065 46.20472440944882 14.456692913385826 tion-
63.496062992125985 376.15748031496065 51.30708661417323 14.456692913385826 jeune,
99.49606299212599 376.15748031496065 36.0 14.456692913385826 oui
119.90551181102362 376.15748031496065 25.511811023622048 14.456692913385826 -
130.11023622047244 376.15748031496065 41.10236220472441 14.456692913385826 mais
155.90551181102362 376.15748031496065 66.61417322834646 14.456692913385826 possédant
206.9291338582677 376.15748031496065 36.0 14.456692913385826 une
227.6220472440945 376.15748031496065 56.40944881889764 14.456692913385826 culture
268.4409448818898 376.15748031496065 51.30708661417323 14.456692913385826 vieile

27.77952755905512 388.62992125984255 64.91338582677166 16.15748031496063 et
60.09448818897638 388.62992125984255 151.6535433070866 16.15748031496063 solidement
179.43307086614172 388.62992125984255 151.6535433070866 16.15748031496063 enracinée.

196.44094488188978 410.1732283464567 68.03149606299213 21.543307086614174 Sigurdur
247.46456692913387 410.1732283464567 73.7007874015748 21.543307086614174 Hafstadt.

116.22047244094489 503.43307086614175 64.91338582677166 18.708661417322833 PEINTURE
164.69291338582678 503.43307086614175 32.31496062992126 18.708661417322833 ET
175.748031496063 503.43307086614175 43.08661417322835 18.708661417322833 DESSIN

49.039370078740156 519.3070866141733 72.0 15.307086614173228 Hafsteinn
107.71653543307086 519.3070866141733 72.0 15.307086614173228 AUSTMANN
166.11023622047244 519.3070866141733 26.929133858267715 15.307086614173228 né
179.71653543307087 519.3070866141733 26.929133858267715 15.307086614173228 en
193.03937007874015 519.3070866141733 36.0 15.307086614173228 1934
215.71653543307087 519.3070866141733 22.393700787401574 15.307086614173228 à
220.251968503937 519.3070866141733 58.39370078740158 15.307086614173228 Vopnafordur

46.20472440944882 532.6299212598425 48.188976377952756 13.88976377952756 (Islande).

39.68503937007874 540.8503937007874 43.653543307086615 13.88976377952756 1
72.56692913385827 540.8503937007874 43.653543307086615 13.88976377952756 Peinture
105.16535433070867 540.8503937007874 21.826771653543307 13.88976377952756 I,
116.22047244094489 540.8503937007874 29.19685039370079 13.88976377952756 1965
134.36220472440945 540.8503937007874 39.968503937007874 13.88976377952756 (huile,
163.55905511811022 540.8503937007874 25.511811023622048 13.88976377952756 110
178.01574803149606 540.8503937007874 18.141732283464567 13.88976377952756 x
181.70078740157481 540.8503937007874 25.511811023622048 13.88976377952756 125).

40.25196850393701 551.0551181102362 42.23622047244095 11.622047244094489 2
71.71653543307086 551.0551181102362 42.23622047244095 11.622047244094489 Peinture
103.46456692913385 551.0551181102362 24.661417322834644 11.622047244094489 II,
117.63779527559055 551.0551181102362 28.062992125984252 11.622047244094489 1965
135.21259842519686 551.0551181102362 38.83464566929134 11.622047244094489 (huile,
163.2755905511811 551.0551181102362 24.661417322834644 11.622047244094489 110
177.4488188976378 551.0551181102362 17.5748031496063 11.622047244094489 x
180.8503937007874 551.0551181102362 21.25984251968504 11.622047244094489 85).

40.25196850393701 561.5433070866142 41.10236220472441 13.88976377952756 3
71.14960629921259 561.5433070866142 41.10236220472441 13.88976377952756 Peinture
101.76377952755905 561.5433070866142 27.496062992125985 13.88976377952756 III,
118.77165354330708 561.5433070866142 27.496062992125985 13.88976377952756 1965
136.06299212598427 561.5433070866142 37.7007874015748 13.88976377952756 (huile,
163.2755905511811 561.5433070866142 20.409448818897637 13.88976377952756 44
173.48031496062993 561.5433070866142 17.007874015748033 13.88976377952756 x
177.16535433070865 561.5433070866142 23.811023622047244 13.88976377952756 54).»

39.968503937007874 570.6141732283464 41.669291338582674 14.740157480314961 4
71.14960629921259 570.6141732283464 41.669291338582674 14.740157480314961 Peinture
102.61417322834646 570.6141732283464 24.37795275590551 14.740157480314961 IV,
116.50393700787401 570.6141732283464 27.77952755905512 14.740157480314961 1965
133.79527559055117 570.6141732283464 38.267716535433074 14.740157480314961 (huile,
161.5748031496063 570.6141732283464 20.976377952755904 14.740157480314961 50
172.06299212598427 570.6141732283464 17.291338582677167 14.740157480314961 x
175.46456692913387 570.6141732283464 20.976377952755904 14.740157480314961 55).

49.039370078740156 585.0708661417323 58.39370078740158 14.456692913385826 Sverrir
94.96062992125984 585.0708661417323 79.08661417322834 14.456692913385826 HARALDSSON
161.5748031496063 585.0708661417323 24.944881889763778 14.456692913385826 né
174.04724409448818 585.0708661417323 24.944881889763778 14.456692913385826 en
186.8031496062992 585.0708661417323 33.44881889763779 14.456692913385826 1930
207.49606299212599 585.0708661417323 20.976377952755904 14.456692913385826 à
211.748031496063 585.0708661417323 66.61417322834646 14.456692913385826 Vestmannaeyiar

45.92125984251968 596.4094488188977 47.90551181102362 13.606299212598426 (Islande).

40.25196850393701 605.1968503937007 44.78740157480315 13.606299212598426 5
73.7007874015748 605.1968503937007 44.78740157480315 13.606299212598426 Paysage,
107.43307086614173 605.1968503937007 29.763779527559056 13.606299212598426 1963
126.14173228346456 605.1968503937007 48.47244094488189 13.606299212598426 (gouache,
163.55905511811022 605.1968503937007 22.393700787401574 13.606299212598426 88
174.89763779527559 605.1968503937007 18.708661417322833 13.606299212598426 x
178.58267716535434 605.1968503937007 26.078740157480315 13.606299212598426 120).

39.968503937007874 614.8346456692914 43.653543307086615 14.740157480314961 6
72.85039370078741 614.8346456692914 43.653543307086615 14.740157480314961 Peinture
105.73228346456693 614.8346456692914 21.826771653543307 14.740157480314961 I,
116.50393700787401 614.8346456692914 29.19685039370079 14.740157480314961 1963
134.9291338582677 614.8346456692914 47.338582677165356 14.740157480314961 (gouache,
171.21259842519686 614.8346456692914 21.826771653543307 14.740157480314961 87
182.26771653543307 614.8346456692914 18.141732283464567 14.740157480314961 x
185.95275590551182 614.8346456692914 21.826771653543307 14.740157480314961 72).

39.68503937007874 624.1889763779527 43.37007874015748 15.590551181102363 7
72.28346456692914 624.1889763779527 43.37007874015748 15.590551181102363 Peinture
104.88188976377953 624.1889763779527 25.228346456692915 15.590551181102363 II,
119.33858267716535 624.1889763779527 28.913385826771652 15.590551181102363 1963
137.1968503937008 624.1889763779527 47.05511811023622 15.590551181102363 (gouache,
173.48031496062993 624.1889763779527 25.228346456692915 15.590551181102363 122
187.93700787401573 624.1889763779527 18.141732283464567 15.590551181102363 x
191.6220472440945 624.1889763779527 21.543307086614174 15.590551181102363 62).

28.062992125984252 638.0787401574803 22.677165354330707 16.440944881889763 72
