287.1496062992126 672.6614173228346
123.30708661417323 9.637795275590552 80.78740157480316 22.96062992125984 CORÉE
183.96850393700788 9.637795275590552 40.25196850393701 22.96062992125984 DU
197.29133858267716 9.637795275590552 60.661417322834644 22.96062992125984 SUD

29.480314960629922 100.34645669291339 64.06299212598425 23.244094488188978 Commissaire
80.78740157480316 100.34645669291339 51.30708661417323 23.244094488188978 général:
119.33858267716535 100.34645669291339 55.55905511811024 23.244094488188978 Seo-Bo
157.60629921259843 100.34645669291339 42.803149606299215 23.244094488188978 Park

30.04724409448819 114.80314960629921 54.425196850393704 21.543307086614174 Professeur
72.85039370078741 114.80314960629921 19.559055118110237 21.543307086614174 à
80.78740157480316 114.80314960629921 62.07874015748032 21.543307086614174 l’Université
131.24409448818898 114.80314960629921 31.181102362204726 21.543307086614174 Hong
150.51968503937007 114.80314960629921 23.244094488188978 21.543307086614174 lk
162.4251968503937 114.80314960629921 19.559055118110237 21.543307086614174 -
166.11023622047244 114.80314960629921 31.181102362204726 21.543307086614174 Séoul.

17.5748031496063 153.92125984251967 29.19685039370079 22.393700787401574 En
32.031496062992126 153.92125984251967 39.118110236220474 22.393700787401574 face
56.69291338582677 153.92125984251967 34.2992125984252 22.393700787401574 des
76.25196850393701 153.92125984251967 63.496062992125985 22.393700787401574 peintures
125.00787401574803 153.92125984251967 29.19685039370079 22.393700787401574 et
139.46456692913387 153.92125984251967 34.2992125984252 22.393700787401574 des
159.0236220472441 153.92125984251967 68.31496062992126 22.393700787401574 sculptures
212.88188976377953 153.92125984251967 29.19685039370079 22.393700787401574 de
222.51968503937007 153.92125984251967 34.2992125984252 22.393700787401574 notre

8.503937007874017 163.2755905511811 61.22834645669291 23.52755905511811 continent,
56.40944881889764 163.2755905511811 26.362204724409448 23.52755905511811 il
69.73228346456693 163.2755905511811 30.614173228346456 23.52755905511811 est
87.30708661417323 163.2755905511811 26.362204724409448 23.52755905511811 de
100.34645669291339 163.2755905511811 30.614173228346456 23.52755905511811 bon
117.92125984251969 163.2755905511811 35.1496062992126 23.52755905511811 ton,
139.748031496063 163.2755905511811 39.40157480314961 23.52755905511811 parmi
166.11023622047244 163.2755905511811 30.614173228346456 23.52755905511811 les
183.4015748031496 163.2755905511811 56.976377952755904 23.52755905511811 critiques
227.33858267716536 163.2755905511811 26.362204724409448 23.52755905511811 et
236.1259842519685 163.2755905511811 21.826771653543307 23.52755905511811 les

8.503937007874017 173.48031496062993 62.36220472440945 23.52755905511811 amateurs
55.275590551181104 173.48031496062993 77.95275590551181 23.52755905511811 occidentaux
117.63779527559055 173.48031496062993 36.56692913385827 23.52755905511811 d’y
138.61417322834646 173.48031496062993 62.36220472440945 23.52755905511811 déceler,
185.38582677165354 173.48031496062993 46.77165354330709 23.52755905511811 avant
216.56692913385828 173.48031496062993 41.669291338582674 23.52755905511811 même
237.54330708661416 173.48031496062993 20.69291338582677 23.52755905511811 de

9.070866141732283 183.96850393700788 31.181102362204726 22.96062992125984 les
26.929133858267715 183.96850393700788 57.826771653543304 22.96062992125984 apprécier
71.43307086614173 183.96850393700788 26.64566929133858 22.96062992125984 en
84.75590551181102 183.96850393700788 35.71653543307087 22.96062992125984 tant
107.14960629921259 183.96850393700788 31.181102362204726 22.96062992125984 que
124.7244094488189 183.96850393700788 49.039370078740156 22.96062992125984 telles,
160.44094488188978 183.96850393700788 31.181102362204726 22.96062992125984 des
178.29921259842519 183.96850393700788 62.36220472440945 22.96062992125984 caractères
222.51968503937007 183.96850393700788 35.71653543307087 22.96062992125984 spéci-

8.220472440944881 195.30708661417322 62.645669291338585 22.96062992125984 fiquement
56.40944881889764 195.30708661417322 62.645669291338585 22.96062992125984 orientaux
104.5984251968504 195.30708661417322 28.913385826771652 22.96062992125984 et
119.05511811023622 195.30708661417322 28.913385826771652 22.96062992125984 de
133.51181102362204 195.30708661417322 62.645669291338585 22.96062992125984 regretter
181.41732283464566 195.30708661417322 43.37007874015748 22.96062992125984 notre
205.51181102362204 195.30708661417322 53.00787401574803 22.96062992125984 tradition

8.220472440944881 206.36220472440945 40.25196850393701 22.11023622047244 que,
33.44881889763779 206.36220472440945 55.275590551181104 22.11023622047244 d’après
73.7007874015748 206.36220472440945 40.25196850393701 22.11023622047244 eux,
98.92913385826772 206.36220472440945 40.25196850393701 22.11023622047244 nous
124.15748031496064 206.36220472440945 75.4015748031496 22.11023622047244 négligeons.
184.53543307086613 206.36220472440945 45.354330708661415 22.11023622047244 C’est
214.58267716535434 206.36220472440945 30.330708661417322 22.11023622047244 au
224.78740157480314 206.36220472440945 35.1496062992126 22.11023622047244 point

9.354330708661417 219.4015748031496 34.2992125984252 21.543307086614174 que
28.913385826771652 219.4015748031496 49.039370078740156 21.543307086614174 toutes
63.21259842519685 219.4015748031496 34.2992125984252 21.543307086614174 nos
83.05511811023622 219.4015748031496 49.039370078740156 21.543307086614174 œuvres
117.35433070866142 219.4015748031496 29.480314960629922 21.543307086614174 se
132.09448818897638 219.4015748031496 73.7007874015748 21.543307086614174 rapprochant
191.0551181102362 219.4015748031496 34.2992125984252 21.543307086614174 des
205.79527559055117 219.4015748031496 54.14173228346457 21.543307086614174 tendances

9.070866141732283 228.75590551181102 75.11811023622047 22.96062992125984 européennes
69.44881889763779 228.75590551181102 65.19685039370079 22.96062992125984 actuelles
119.62204724409449 228.75590551181102 30.04724409448819 22.96062992125984 se
134.64566929133858 228.75590551181102 50.173228346456696 22.96062992125984 voient
169.79527559055117 228.75590551181102 50.173228346456696 22.96062992125984 jugées
204.66141732283464 228.75590551181102 24.944881889763778 22.96062992125984 7
209.76377952755905 228.75590551181102 50.173228346456696 22.96062992125984 occiden-

9.637795275590552 239.81102362204723 55.84251968503937 20.976377952755904 talisées
56.125984251968504 239.81102362204723 41.95275590551181 20.976377952755904 voire
83.90551181102362 239.81102362204723 69.73228346456693 20.976377952755904 condamnées.
139.748031496063 239.81102362204723 32.59842519685039 20.976377952755904 Que
158.17322834645668 239.81102362204723 37.13385826771653 20.976377952755904 tels
181.41732283464566 239.81102362204723 27.77952755905512 20.976377952755904 ou
195.30708661417322 239.81102362204723 37.13385826771653 20.976377952755904 tels
214.01574803149606 239.81102362204723 46.488188976377955 20.976377952755904 peintres

9.637795275590552 249.4488188976378 54.70866141732284 21.25984251968504 français
50.74015748031496 249.4488188976378 27.496062992125985 21.25984251968504 ou
64.34645669291339 249.4488188976378 64.06299212598425 21.25984251968504 américains
114.51968503937007 249.4488188976378 45.63779527559055 21.25984251968504 soient
146.5511811023622 249.4488188976378 64.06299212598425 21.25984251968504 influencés
196.7244094488189 249.4488188976378 32.031496062992126 21.25984251968504 par
215.1496062992126 249.4488188976378 27.496062992125985 21.25984251968504 la
224.2204724409449 249.4488188976378 36.56692913385827 21.25984251968504 calli-

10.204724409448819 261.07086614173227 52.44094488188976 22.677165354330707 graphie
48.47244094488189 261.07086614173227 61.79527559055118 22.677165354330707 orientale
95.81102362204724 261.07086614173227 42.803149606299215 22.677165354330707 n’est
124.44094488188976 261.07086614173227 56.976377952755904 22.677165354330707 pourtant
167.24409448818898 261.07086614173227 33.44881889763779 22.677165354330707 pas
186.23622047244095 261.07086614173227 61.79527559055118 22.677165354330707 considéré
229.03937007874015 261.07086614173227 33.44881889763779 22.677165354330707 comme

10.488188976377952 271.2755905511811 32.881889763779526 20.976377952755904 un
26.929133858267715 271.2755905511811 60.37795275590551 20.976377952755904 défaut;
70.86614173228347 271.2755905511811 32.881889763779526 20.976377952755904 si
87.30708661417323 271.2755905511811 43.93700787401575 20.976377952755904 nous
114.80314960629921 271.2755905511811 43.93700787401575 20.976377952755904 nous
142.29921259842519 271.2755905511811 76.81889763779527 20.976377952755904 aventurons
202.6771653543307 271.2755905511811 27.496062992125985 20.976377952755904 à
208.06299212598427 271.2755905511811 54.99212598425197 20.976377952755904 employer

10.204724409448819 282.3307086614173 35.43307086614173 20.69291338582677 des
30.330708661417322 282.3307086614173 60.661417322834644 20.69291338582677 matières
75.96850393700787 282.3307086614173 65.76377952755905 20.69291338582677 épaisses,
126.4251968503937 282.3307086614173 35.43307086614173 20.69291338582677 par
146.5511811023622 282.3307086614173 60.661417322834644 20.69291338582677 exemple,
192.18897637795277 282.3307086614173 60.661417322834644 20.69291338582677 pourquoi
232.44094488188978 282.3307086614173 30.330708661417322 20.69291338582677 nous

11.05511811023622 292.53543307086613 58.67716535433071 21.25984251968504 étiqueter
56.125984251968504 292.53543307086613 26.929133858267715 21.25984251968504 de
69.73228346456693 292.53543307086613 26.929133858267715 21.25984251968504 je
83.33858267716535 292.53543307086613 26.929133858267715 21.25984251968504 ne
96.66141732283465 292.53543307086613 36.0 21.25984251968504 sais
119.33858267716535 292.53543307086613 36.0 21.25984251968504 quel
141.73228346456693 292.53543307086613 36.0 21.25984251968504 nom,
164.40944881889763 292.53543307086613 67.74803149606299 21.25984251968504 aujourd’hui
214.01574803149606 292.53543307086613 49.60629921259842 21.25984251968504 illustre?

21.25984251968504 307.5590551181102 41.95275590551181 19.275590551181104 D’où
47.62204724409449 307.5590551181102 63.21259842519685 19.275590551181104 viennent
94.96062992125984 307.5590551181102 36.8503937007874 19.275590551181104 ces
115.93700787401575 307.5590551181102 68.31496062992126 19.275590551181104 préjugés?
168.66141732283464 307.5590551181102 68.31496062992126 19.275590551181104 Assimiler
221.38582677165354 307.5590551181102 31.46456692913386 19.275590551181104 de
231.8740157480315 307.5590551181102 31.46456692913386 19.275590551181104 nou-

11.338582677165354 318.3307086614173 46.77165354330709 20.409448818897637 velles
44.22047244094488 318.3307086614173 60.94488188976378 20.409448818897637 tendances
90.99212598425197 318.3307086614173 28.062992125984252 20.409448818897637 de
105.16535433070867 318.3307086614173 37.41732283464567 20.409448818897637 tout
128.69291338582678 318.3307086614173 56.125984251968504 20.409448818897637 horizon,
170.64566929133858 318.3307086614173 28.062992125984252 20.409448818897637 ce
184.8188976377953 318.3307086614173 42.23622047244095 20.409448818897637 n'est
212.88188976377953 318.3307086614173 32.881889763779526 20.409448818897637 pas
227.0551181102362 318.3307086614173 37.41732283464567 20.409448818897637 forcé-

11.905511811023622 330.8031496062992 39.68503937007874 18.708661417322833 ment
36.56692913385827 330.8031496062992 54.425196850393704 18.708661417322833 refuser
76.25196850393701 330.8031496062992 29.763779527559056 18.708661417322833 ou
90.99212598425197 330.8031496062992 69.44881889763779 18.708661417322833 abandonner
145.41732283464566 330.8031496062992 44.503937007874015 18.708661417322833 notre
175.1811023622047 330.8031496062992 64.34645669291339 18.708661417322833 tradition
219.96850393700788 330.8031496062992 44.503937007874015 18.708661417322833 propre.

12.755905511811024 341.00787401574803 39.118110236220474 18.708661417322833 Bien
37.13385826771653 341.00787401574803 29.19685039370079 18.708661417322833 au
51.874015748031496 341.00787401574803 68.31496062992126 18.708661417322833 contraire,
105.44881889763779 341.00787401574803 34.2992125984252 18.708661417322833 car
125.00787401574803 341.00787401574803 58.67716535433071 18.708661417322833 celle-ci
168.9448818897638 341.00787401574803 29.19685039370079 18.708661417322833 ne
183.4015748031496 341.00787401574803 53.574803149606296 18.708661417322833 prévaut
217.70078740157481 341.00787401574803 48.75590551181102 18.708661417322833 vraiment

11.905511811023622 352.34645669291336 34.86614173228347 18.708661417322833 que
32.031496062992126 352.34645669291336 34.86614173228347 18.708661417322833 par
51.874015748031496 352.34645669291336 34.86614173228347 18.708661417322833 des
72.0 352.34645669291336 54.99212598425197 18.708661417322833 remises
111.68503937007874 352.34645669291336 30.04724409448819 18.708661417322833 en
126.70866141732283 352.34645669291336 44.78740157480315 18.708661417322833 cause
156.75590551181102 352.34645669291336 79.93700787401575 18.708661417322833 successives;
221.66929133858267 352.34645669291336 39.968503937007874 18.708661417322833 elle
241.51181102362204 352.34645669291336 24.944881889763778 18.708661417322833 est

11.622047244094489 361.7007874015748 60.09448818897638 20.976377952755904 toujours
56.69291338582677 361.7007874015748 24.944881889763778 20.976377952755904 à
66.89763779527559 361.7007874015748 65.19685039370079 20.976377952755904 renaître,
117.07086614173228 361.7007874015748 75.11811023622047 20.976377952755904 transformée
177.16535433070865 361.7007874015748 35.1496062992126 20.976377952755904 par
197.00787401574803 361.7007874015748 30.04724409448819 20.976377952755904 la
212.31496062992127 361.7007874015748 54.99212598425197 20.976377952755904 lumière
247.1811023622047 361.7007874015748 20.125984251968504 20.976377952755904 de

13.039370078740157 373.8897637795276 48.75590551181102 17.007874015748033 chaque
47.05511811023622 373.8897637795276 53.574803149606296 17.007874015748033 époque.
86.1732283464567 373.8897637795276 83.05511811023622 17.007874015748033 N’existe-t-il
154.48818897637796 373.8897637795276 34.2992125984252 17.007874015748033 pas
174.04724409448818 373.8897637795276 29.19685039370079 17.007874015748033 en
188.78740157480314 373.8897637795276 48.75590551181102 17.007874015748033 vérité
222.8031496062992 373.8897637795276 29.19685039370079 17.007874015748033 en
232.44094488188978 373.8897637795276 34.2992125984252 17.007874015748033 Occi-

12.755905511811024 382.96062992125985 37.7007874015748 18.992125984251967 dent
36.56692913385827 382.96062992125985 28.346456692913385 18.992125984251967 un
50.45669291338583 382.96062992125985 51.874015748031496 18.992125984251967 certain
88.44094488188976 382.96062992125985 47.05511811023622 18.992125984251967 esprit
121.32283464566929 382.96062992125985 28.346456692913385 18.992125984251967 de
135.49606299212599 382.96062992125985 75.4015748031496 18.992125984251967 colonialisme
196.7244094488189 382.96062992125985 66.04724409448819 18.992125984251967 artistique
244.06299212598427 382.96062992125985 23.52755905511811 18.992125984251967 qui

13.606299212598426 394.5826771653543 41.669291338582674 19.275590551181104 rêve
39.40157480314961 394.5826771653543 51.874015748031496 19.275590551181104 encore
75.96850393700787 394.5826771653543 31.181102362204726 19.275590551181104 de
91.55905511811024 394.5826771653543 62.36220472440945 19.275590551181104 dominer?
138.33070866141733 394.5826771653543 31.181102362204726 19.275590551181104 Et
153.92125984251967 394.5826771653543 31.181102362204726 19.275590551181104 ne
169.51181102362204 394.5826771653543 57.25984251968504 19.275590551181104 voit-on
210.89763779527559 394.5826771653543 36.28346456692913 19.275590551181104 pas
231.8740157480315 394.5826771653543 31.181102362204726 19.275590551181104 là
242.07874015748033 394.5826771653543 26.078740157480315 19.275590551181104 des

13.606299212598426 404.78740157480314 48.188976377952756 19.559055118110237 signes
47.338582677165356 404.78740157480314 28.913385826771652 19.559055118110237 de
61.79527559055118 404.78740157480314 77.10236220472441 19.559055118110237 défaillance,
124.44094488188976 404.78740157480314 28.913385826771652 19.559055118110237 ou
138.89763779527559 404.78740157480314 48.188976377952756 19.559055118110237 mieux,
172.62992125984252 404.78740157480314 28.913385826771652 19.559055118110237 de
187.08661417322836 404.78740157480314 43.37007874015748 19.559055118110237 crise
216.0 404.78740157480314 38.55118110236221 19.559055118110237 dans
235.2755905511811 404.78740157480314 33.732283464566926 19.559055118110237 l’art

13.88976377952756 416.12598425196853 71.71653543307086 18.4251968503937 occidental
70.2992125984252 416.12598425196853 92.1259842519685 18.4251968503937 d’aujourd’hui?
147.11811023622047 416.12598425196853 30.614173228346456 18.4251968503937 Il
162.4251968503937 416.12598425196853 30.614173228346456 18.4251968503937 en
177.73228346456693 416.12598425196853 56.40944881889764 18.4251968503937 résulte
218.5511811023622 416.12598425196853 35.71653543307087 18.4251968503937 que
234.14173228346456 416.12598425196853 35.71653543307087 18.4251968503937 notre

13.606299212598426 428.0314960629921 55.275590551181104 17.291338582677167 époque,
53.85826771653543 428.0314960629921 45.07086614173228 17.291338582677167 faute
83.90551181102362 428.0314960629921 30.04724409448819 17.291338582677167 de
99.21259842519684 428.0314960629921 45.07086614173228 17.291338582677167 mieux
129.25984251968504 428.0314960629921 30.04724409448819 17.291338582677167 se
144.28346456692913 428.0314960629921 45.07086614173228 17.291338582677167 lance
174.33070866141733 428.0314960629921 40.25196850393701 17.291338582677167 dans
199.55905511811022 428.0314960629921 35.1496062992126 17.291338582677167 des
214.58267716535434 428.0314960629921 55.275590551181104 17.291338582677167 aventures

14.740157480314961 440.2204724409449 36.56692913385827 16.724409448818896 sans
37.41732283464567 440.2204724409449 63.77952755905512 16.724409448818896 lendemain,
87.59055118110236 440.2204724409449 22.677165354330707 16.724409448818896 à
96.94488188976378 440.2204724409449 27.496062992125985 16.724409448818896 la
110.55118110236221 440.2204724409449 59.24409448818898 16.724409448818896 recherche
156.18897637795277 440.2204724409449 27.496062992125985 16.724409448818896 de
165.25984251968504 440.2204724409449 45.63779527559055 16.724409448818896 l’inouï.

24.944881889763778 451.5590551181102 36.0 17.858267716535433 Nos
45.354330708661415 451.5590551181102 51.30708661417323 17.858267716535433 jeunes
81.35433070866142 451.5590551181102 61.511811023622045 17.858267716535433 artistes
127.55905511811024 451.5590551181102 25.511811023622048 17.858267716535433 y
137.76377952755905 451.5590551181102 92.40944881889764 17.858267716535433 échappent-ils?
214.58267716535434 451.5590551181102 30.89763779527559 17.858267716535433 Je
229.88976377952756 451.5590551181102 30.89763779527559 17.858267716535433 ne
240.09448818897638 451.5590551181102 30.89763779527559 17.858267716535433 sais

15.023622047244094 462.61417322834643 40.53543307086614 18.141732283464567 trop.
41.95275590551181 462.61417322834643 54.14173228346457 18.141732283464567 Toujours
82.48818897637796 462.61417322834643 45.07086614173228 18.141732283464567 est-il
113.95275590551181 462.61417322834643 31.46456692913386 18.141732283464567 que
132.09448818897638 462.61417322834643 26.929133858267715 18.141732283464567 la
145.70078740157481 462.61417322834643 58.39370078740158 18.141732283464567 situation
190.48818897637796 462.61417322834643 54.14173228346457 18.141732283464567 actuelle
231.0236220472441 462.61417322834643 26.929133858267715 18.141732283464567 de
240.09448818897638 462.61417322834643 31.46456692913386 18.141732283464567 notre

15.307086614173228 471.40157480314963 30.89763779527559 20.69291338582677 art
33.16535433070866 471.40157480314963 44.22047244094488 20.69291338582677 vivant
64.06299212598425 471.40157480314963 39.68503937007874 20.69291338582677 reste
90.70866141732283 471.40157480314963 39.68503937007874 20.69291338582677 assez
117.07086614173228 471.40157480314963 53.00787401574803 20.69291338582677 ambiguë.
156.75590551181102 471.40157480314963 26.64566929133858 20.69291338582677 Il
170.07874015748033 471.40157480314963 22.11023622047244 20.69291338582677 y
178.86614173228347 471.40157480314963 26.64566929133858 20.69291338582677 a,
192.18897637795277 471.40157480314963 26.64566929133858 20.69291338582677 je
205.51181102362204 471.40157480314963 44.22047244094488 20.69291338582677 crois,
236.40944881889763 471.40157480314963 35.43307086614173 20.69291338582677 chez
254.26771653543307 471.40157480314963 17.5748031496063 20.69291338582677 la

15.590551181102363 483.3070866141732 53.29133858267716 19.559055118110237 plupart
54.425196850393704 483.3070866141732 34.01574803149607 19.559055118110237 des
73.7007874015748 483.3070866141732 53.29133858267716 19.559055118110237 jeunes,
112.81889763779527 483.3070866141732 34.01574803149607 19.559055118110237 une
132.09448818897638 483.3070866141732 43.653543307086615 19.559055118110237 sorte
161.29133858267716 483.3070866141732 29.19685039370079 19.559055118110237 de
175.748031496063 483.3070866141732 58.39370078740158 19.559055118110237 décalage
219.68503937007873 483.3070866141732 43.653543307086615 19.559055118110237 entre
243.7795275590551 483.3070866141732 29.19685039370079 19.559055118110237 leur

14.740157480314961 494.6456692913386 81.07086614173228 18.141732283464567 tempérament,
80.50393700787401 494.6456692913386 45.63779527559055 18.141732283464567 voire
110.83464566929133 494.6456692913386 40.53543307086614 18.141732283464567 leur
136.3464566929134 494.6456692913386 81.07086614173228 18.141732283464567 sensibilité,
202.11023622047244 494.6456692913386 30.330708661417322 18.141732283464567 et
217.41732283464566 494.6456692913386 35.43307086614173 18.141732283464567 les
232.44094488188978 494.6456692913386 40.53543307086614 18.141732283464567 moyens

15.874015748031496 505.98425196850394 76.25196850393701 16.724409448818896 d’expression
77.95275590551181 505.98425196850394 47.62204724409449 16.724409448818896 qu’ils
111.11811023622047 505.98425196850394 28.62992125984252 16.724409448818896 se
125.5748031496063 505.98425196850394 66.61417322834646 16.724409448818896 proposent.
178.01574803149606 505.98425196850394 42.803149606299215 16.724409448818896 Voilà
206.64566929133858 505.98425196850394 37.98425196850393 16.724409448818896 tout
230.45669291338584 505.98425196850394 28.62992125984252 16.724409448818896 le
239.81102362204723 505.98425196850394 33.44881889763779 16.724409448818896 drame

15.590551181102363 518.4566929133858 52.44094488188976 15.023622047244094 qu’ils
52.44094488188976 518.4566929133858 57.826771653543304 15.023622047244094 doivent
94.67716535433071 518.4566929133858 68.31496062992126 15.023622047244094 surmonter
147.11811023622047 518.4566929133858 47.338582677165356 15.023622047244094 coûte
178.58267716535434 518.4566929133858 36.8503937007874 15.023622047244094 que
199.55905511811022 518.4566929133858 52.44094488188976 15.023622047244094 coûte.
236.40944881889763 518.4566929133858 31.46456692913386 15.023622047244094 La
246.89763779527559 518.4566929133858 26.362204724409448 15.023622047244094 re-

16.15748031496063 527.5275590551181 55.84251968503937 22.393700787401574 cherche
56.69291338582677 527.5275590551181 45.63779527559055 22.393700787401574 d’une
87.30708661417323 527.5275590551181 60.94488188976378 22.393700787401574 nouvelle
132.9448818897638 527.5275590551181 66.04724409448819 22.393700787401574 synthèse,
183.68503937007873 527.5275590551181 71.14960629921259 22.393700787401574 dirait-on.
234.4251968503937 527.5275590551181 40.53543307086614 22.393700787401574 Soyons

11.622047244094489 542.5511811023622 57.25984251968504 14.456692913385826 modestes!

26.929133858267715 552.1889763779527 62.07874015748032 17.291338582677167 Modestes
73.41732283464567 552.1889763779527 41.38582677165354 17.291338582677167 sont
99.49606299212599 552.1889763779527 31.181102362204726 17.291338582677167 en
114.80314960629921 552.1889763779527 46.488188976377955 17.291338582677167 effet
145.98425196850394 552.1889763779527 36.28346456692913 17.291338582677167 nos
166.6771653543307 552.1889763779527 51.874015748031496 17.291338582677167 œuvres
202.96062992125985 552.1889763779527 62.07874015748032 17.291338582677167 choisies
244.3464566929134 552.1889763779527 31.181102362204726 17.291338582677167 pour

16.440944881889763 562.3937007874016 30.04724409448819 18.4251968503937 la
31.46456692913386 562.3937007874016 64.91338582677166 18.4251968503937 Quatrième
81.35433070866142 562.3937007874016 59.811023622047244 18.4251968503937 Biennale
126.4251968503937 562.3937007874016 30.04724409448819 18.4251968503937 de
141.4488188976378 562.3937007874016 49.889763779527556 18.4251968503937 Paris,
176.31496062992127 562.3937007874016 39.968503937007874 18.4251968503937 elle
201.25984251968504 562.3937007874016 30.04724409448819 18.4251968503937 le
216.28346456692913 562.3937007874016 44.78740157480315 18.4251968503937 sont,
246.04724409448818 562.3937007874016 30.04724409448819 18.4251968503937 en
256.251968503937 562.3937007874016 19.84251968503937 18.4251968503937 ce

17.007874015748033 571.4645669291339 56.69291338582677 20.409448818897637 qu’elles
59.52755905511811 571.4645669291339 28.346456692913385 20.409448818897637 ne
73.7007874015748 571.4645669291339 61.22834645669291 20.409448818897637 proposent
120.75590551181102 571.4645669291339 37.7007874015748 20.409448818897637 rien
144.28346456692913 571.4645669291339 28.346456692913385 20.409448818897637 de
158.45669291338584 571.4645669291339 37.7007874015748 20.409448818897637 très
181.98425196850394 571.4645669291339 56.69291338582677 20.409448818897637 nouveau.
224.50393700787401 571.4645669291339 37.7007874015748 20.409448818897637 Mais
243.49606299212599 571.4645669291339 32.881889763779526 20.409448818897637 elles

17.5748031496063 583.0866141732283 38.267716535433074 16.724409448818896 sont
41.669291338582674 583.0866141732283 33.44881889763779 16.724409448818896 des
60.661417322834644 583.0866141732283 38.267716535433074 16.724409448818896 plus
84.75590551181102 583.0866141732283 91.2755905511811 16.724409448818896 représentatives
161.5748031496063 583.0866141732283 28.913385826771652 16.724409448818896 de
176.03149606299212 583.0866141732283 28.913385826771652 16.724409448818896 la
190.20472440944883 583.0866141732283 43.08661417322835 16.724409448818896 jeune
214.29921259842519 583.0866141732283 62.36220472440945 16.724409448818896 génération.

17.858267716535433 592.4409448818898 43.93700787401575 18.708661417322833 Elles
47.05511811023622 592.4409448818898 53.85826771653543 18.708661417322833 portent
86.1732283464567 592.4409448818898 29.480314960629922 18.708661417322833 la
100.91338582677166 592.4409448818898 49.039370078740156 18.708661417322833 marque
135.21259842519686 592.4409448818898 29.480314960629922 18.708661417322833 de
149.95275590551182 592.4409448818898 34.2992125984252 18.708661417322833 son
169.51181102362204 592.4409448818898 63.496062992125985 18.708661417322833 sentiment
218.26771653543307 592.4409448818898 58.67716535433071 18.708661417322833 tragique
257.38582677165357 592.4409448818898 19.559055118110237 18.708661417322833 du

16.724409448818896 604.3464566929134 49.889763779527556 17.007874015748033 monde
50.173228346456696 604.3464566929134 38.83464566929134 17.007874015748033 que
72.28346456692914 604.3464566929134 38.83464566929134 17.007874015748033 les
94.67716535433071 604.3464566929134 66.61417322834646 17.007874015748033 artistes
144.56692913385828 604.3464566929134 72.28346456692914 17.007874015748033 entendent
200.1259842519685 604.3464566929134 66.61417322834646 17.007874015748033 exprimer
244.3464566929134 604.3464566929134 33.44881889763779 17.007874015748033 avec

17.5748031496063 613.7007874015748 72.0 20.125984251968504 humilité.
73.13385826771653 613.7007874015748 49.889763779527556 20.125984251968504 Cette
106.2992125984252 613.7007874015748 66.61417322834646 20.125984251968504 humilité
156.4724409448819 613.7007874015748 88.7244094488189 20.125984251968504 s’accompagne
228.4724409448819 613.7007874015748 44.503937007874015 20.125984251968504 chez
250.58267716535434 613.7007874015748 27.77952755905512 20.125984251968504 eux

256.81889763779526 629.8582677165355 21.543307086614174 10.204724409448819 45
