307.84251968503935 660.7559055118111
26.929133858267715 5.952755905511811 116.22047244094489 16.724409448818896 TÉLÉVISION

52.15748031496063 96.66141732283465 26.64566929133858 21.25984251968504 Les
67.18110236220473 96.66141732283465 34.2992125984252 21.25984251968504 films
90.14173228346456 96.66141732283465 22.677165354330707 21.25984251968504 de
101.48031496062993 96.66141732283465 22.677165354330707 21.25984251968504 la
112.81889763779527 96.66141732283465 41.95275590551181 21.25984251968504 Section
143.1496062992126 96.66141732283465 53.29133858267716 21.25984251968504 Télévision
185.10236220472441 96.66141732283465 30.330708661417322 21.25984251968504 sont
204.09448818897638 96.66141732283465 45.63779527559055 21.25984251968504 projetés
238.39370078740157 96.66141732283465 30.330708661417322 21.25984251968504 tous
257.38582677165357 96.66141732283465 26.64566929133858 21.25984251968504 les
268.7244094488189 96.66141732283465 26.64566929133858 21.25984251968504 jours

50.45669291338583 108.56692913385827 24.944881889763778 18.992125984251967 de
62.92913385826772 108.56692913385827 24.944881889763778 18.992125984251967 15
75.4015748031496 108.56692913385827 20.69291338582677 18.992125984251967 à
83.90551181102362 108.56692913385827 24.944881889763778 18.992125984251967 18
96.37795275590551 108.56692913385827 41.669291338582674 18.992125984251967 heures
125.29133858267717 108.56692913385827 29.19685039370079 18.992125984251967 sur
142.01574803149606 108.56692913385827 24.944881889763778 18.992125984251967 un
154.48818897637796 108.56692913385827 49.889763779527556 18.992125984251967 ensemble
191.90551181102362 108.56692913385827 24.944881889763778 18.992125984251967 de
204.3779527559055 108.56692913385827 58.110236220472444 18.992125984251967 récepteurs
245.76377952755905 108.56692913385827 49.889763779527556 18.992125984251967 disséminés

50.74015748031496 115.65354330708661 18.4251968503937 19.559055118110237 à
58.110236220472444 115.65354330708661 40.53543307086614 19.559055118110237 travers
87.59055118110236 115.65354330708661 22.11023622047244 19.559055118110237 le
98.64566929133858 115.65354330708661 36.8503937007874 19.559055118110237 Forum,
124.7244094488189 115.65354330708661 22.11023622047244 19.559055118110237 le
135.7795275590551 115.65354330708661 25.79527559055118 19.559055118110237 bar
150.51968503937007 115.65354330708661 22.11023622047244 19.559055118110237 et
161.5748031496063 115.65354330708661 25.79527559055118 19.559055118110237 les
176.31496062992127 115.65354330708661 33.16535433070866 19.559055118110237 trois
198.4251968503937 115.65354330708661 36.8503937007874 19.559055118110237 étages
224.2204724409449 115.65354330708661 22.11023622047244 19.559055118110237 de
231.8740157480315 115.65354330708661 55.275590551181104 19.559055118110237 l’exposition.

51.023622047244096 126.70866141732283 22.96062992125984 23.244094488188978 En
62.36220472440945 126.70866141732283 37.98425196850393 23.244094488188978 outre,
89.00787401574803 126.70866141732283 26.64566929133858 23.244094488188978 les
104.31496062992126 126.70866141732283 53.29133858267716 23.244094488188978 récepteurs
146.26771653543307 126.70866141732283 22.96062992125984 23.244094488188978 de
157.60629921259843 126.70866141732283 53.29133858267716 23.244094488188978 télévision
199.55905511811022 126.70866141732283 72.28346456692914 23.244094488188978 retransmettront
256.81889763779526 126.70866141732283 37.98425196850393 23.244094488188978 simuita-

50.173228346456696 138.61417322834646 41.38582677165354 20.409448818897637 nément
79.37007874015748 138.61417322834646 58.110236220472444 20.409448818897637 l’émission
125.00787401574803 138.61417322834646 49.889763779527556 20.409448818897637 publique
162.4251968503937 138.61417322834646 24.944881889763778 20.409448818897637 de
174.89763779527559 138.61417322834646 24.944881889763778 20.409448818897637 18
187.08661417322836 138.61417322834646 41.38582677165354 20.409448818897637 heures
216.28346456692913 138.61417322834646 24.944881889763778 20.409448818897637 et
228.75590551181102 138.61417322834646 24.944881889763778 20.409448818897637 le
241.22834645669292 138.61417322834646 53.85826771653543 20.409448818897637 spectacle
278.3622047244094 138.61417322834646 16.724409448818896 20.409448818897637 de

49.60629921259842 147.68503937007873 23.811023622047244 20.976377952755904 21
61.511811023622045 147.68503937007873 39.68503937007874 20.976377952755904 heures
89.29133858267717 147.68503937007873 27.77952755905512 20.976377952755904 qui
104.88188976377953 147.68503937007873 39.68503937007874 20.976377952755904 seront
132.66141732283464 147.68503937007873 39.68503937007874 20.976377952755904 donnés
160.44094488188978 147.68503937007873 31.748031496062993 20.976377952755904 dans
180.0 147.68503937007873 23.811023622047244 20.976377952755904 le
191.90551181102362 147.68503937007873 35.71653543307087 20.976377952755904 cadre
215.71653543307087 147.68503937007873 23.811023622047244 20.976377952755904 du
227.6220472440945 147.68503937007873 43.37007874015748 20.976377952755904 Théâtre
255.11811023622047 147.68503937007873 39.68503937007874 20.976377952755904 d’Essai.

49.60629921259842 161.5748031496063 32.59842519685039 19.275590551181104 Pour
70.01574803149606 161.5748031496063 24.661417322834644 19.275590551181104 le
82.20472440944881 161.5748031496063 53.29133858267716 19.275590551181104 programme
123.02362204724409 161.5748031496063 49.039370078740156 19.275590551181104 détaillé
159.8740157480315 161.5748031496063 24.661417322834644 19.275590551181104 de
172.06299212598427 161.5748031496063 40.818897637795274 19.275590551181104 chaque
200.69291338582678 161.5748031496063 45.07086614173228 19.275590551181104 séance,
233.5748031496063 161.5748031496063 24.661417322834644 19.275590551181104 se
245.76377952755905 161.5748031496063 49.039370078740156 19.275590551181104 reporter
278.3622047244094 161.5748031496063 16.440944881889763 19.275590551181104 au

48.75590551181102 172.91338582677164 52.15748031496063 18.4251968503937 calendrier
89.85826771653544 172.91338582677164 22.393700787401574 18.4251968503937 de
100.91338582677166 172.91338582677164 22.393700787401574 18.4251968503937 la
112.25196850393701 172.91338582677164 44.78740157480315 18.4251968503937 Biennale
145.70078740157481 172.91338582677164 22.393700787401574 18.4251968503937 et
157.03937007874015 172.91338582677164 22.393700787401574 18.4251968503937 au
168.09448818897638 172.91338582677164 41.10236220472441 18.4251968503937 tableau
198.14173228346456 172.91338582677164 56.125984251968504 18.4251968503937 d’affichage
242.9291338582677 172.91338582677164 18.708661417322833 18.4251968503937 à
250.29921259842519 172.91338582677164 44.78740157480315 18.4251968503937 l’entrée
280.06299212598424 172.91338582677164 15.023622047244094 18.4251968503937 du

47.62204724409449 180.56692913385828 45.92125984251968 14.456692913385826 Théâtre
76.81889763779527 180.56692913385828 41.669291338582674 14.456692913385826 d’Essai.

22.677165354330707 246.04724409448818 60.37795275590551 16.440944881889763 BELGIQUE

45.354330708661415 265.3228346456693 44.22047244094488 18.708661417322833 Jean
77.38582677165354 265.3228346456693 64.06299212598425 18.708661417322833 ANTOINE
129.54330708661416 265.3228346456693 24.094488188976378 18.708661417322833 né
141.4488188976378 265.3228346456693 24.094488188976378 18.708661417322833 en
153.63779527559055 265.3228346456693 32.031496062992126 18.708661417322833 1930
173.76377952755905 265.3228346456693 20.125984251968504 18.708661417322833 à
181.70078740157481 265.3228346456693 52.15748031496063 18.708661417322833 Bruxelles
217.70078740157481 265.3228346456693 52.15748031496063 18.708661417322833 (Belgique).

45.63779527559055 273.8267716535433 32.031496062992126 15.874015748031496 Dieu
65.48031496062993 273.8267716535433 39.968503937007874 15.874015748031496 est-il
93.54330708661418 273.8267716535433 36.0 15.874015748031496 Pop?,
117.63779527559055 273.8267716535433 36.0 15.874015748031496 1964.
141.4488188976378 273.8267716535433 36.0 15.874015748031496 Henri
165.54330708661416 273.8267716535433 39.968503937007874 15.874015748031496 Bille,
193.3228346456693 273.8267716535433 32.031496062992126 15.874015748031496 R.T.
209.48031496062993 273.8267716535433 15.874015748031496 15.874015748031496 B.

45.354330708661415 283.46456692913387 26.362204724409448 19.275590551181104 La
58.39370078740158 283.46456692913387 52.44094488188976 19.275590551181104 jeunesse
97.79527559055119 283.46456692913387 56.976377952755904 19.275590551181104 polonaise
141.4488188976378 283.46456692913387 52.44094488188976 19.275590551181104 (extrait
180.8503937007874 283.46456692913387 26.362204724409448 19.275590551181104 de
193.88976377952756 283.46456692913387 21.826771653543307 19.275590551181104 9
202.6771653543307 283.46456692913387 30.614173228346456 19.275590551181104 000
220.251968503937 283.46456692913387 39.40157480314961 19.275590551181104 O00),
246.33070866141733 283.46456692913387 39.40157480314961 19.275590551181104 1965.
268.15748031496065 283.46456692913387 26.362204724409448 19.275590551181104 Andé

44.503937007874015 292.53543307086613 46.20472440944882 14.173228346456693 Hagon,
72.28346456692914 292.53543307086613 36.8503937007874 14.173228346456693 R.T.B.

45.354330708661415 305.29133858267716 57.25984251968504 19.559055118110237 Frédéric
90.14173228346456 305.29133858267716 28.62992125984252 19.559055118110237 van
106.58267716535433 305.29133858267716 61.22834645669291 19.559055118110237 BESIEN
155.6220472440945 305.29133858267716 24.661417322834644 19.559055118110237 né
167.81102362204723 305.29133858267716 24.661417322834644 19.559055118110237 en
180.28346456692913 305.29133858267716 32.59842519685039 19.559055118110237 1933
200.69291338582678 305.29133858267716 20.409448818897637 19.559055118110237 à
208.91338582677164 305.29133858267716 32.59842519685039 19.559055118110237 Gand
225.0708661417323 305.29133858267716 53.29133858267716 19.559055118110237 (Belgique).

44.503937007874015 314.92913385826773 37.41732283464567 21.543307086614174 First
69.44881889763779 314.92913385826773 37.41732283464567 21.543307086614174 round
94.39370078740157 314.92913385826773 29.19685039370079 21.543307086614174 (un
111.11811023622047 314.92913385826773 33.16535433070866 21.543307086614174 jour
132.09448818897638 314.92913385826773 33.16535433070866 21.543307086614174 avec
152.78740157480314 314.92913385826773 29.19685039370079 21.543307086614174 Bob
169.51181102362204 314.92913385826773 49.889763779527556 21.543307086614174 Kennedy,
206.9291338582677 314.92913385826773 49.889763779527556 21.543307086614174 séquence
244.3464566929134 314.92913385826773 24.944881889763778 21.543307086614174 de
252.56692913385828 314.92913385826773 41.669291338582674 21.543307086614174 9000000)

43.653543307086615 324.56692913385825 39.68503937007874 15.874015748031496 1964.
70.01574803149606 324.56692913385825 39.68503937007874 15.874015748031496 André
96.37795275590551 324.56692913385825 43.93700787401575 15.874015748031496 Hagon,
126.99212598425197 324.56692913385825 35.1496062992126 15.874015748031496 R.T.
144.56692913385828 324.56692913385825 17.5748031496063 15.874015748031496 B.

43.37007874015748 337.03937007874015 61.22834645669291 17.5748031496063 Salvator
92.40944881889764 337.03937007874015 49.039370078740156 17.5748031496063 NAY
129.25984251968504 337.03937007874015 24.661417322834644 17.5748031496063 né
141.4488188976378 337.03937007874015 24.661417322834644 17.5748031496063 en
153.63779527559055 337.03937007874015 32.59842519685039 17.5748031496063 1933
174.04724409448818 337.03937007874015 20.409448818897637 17.5748031496063 à
182.26771653543307 337.03937007874015 49.039370078740156 17.5748031496063 Jemappes
214.86614173228347 337.03937007874015 53.29133858267716 17.5748031496063 (Belgique).

42.23622047244095 351.496062992126 22.393700787401574 13.039370078740157 «
51.30708661417323 351.496062992126 36.0 13.039370078740157 Mods
73.7007874015748 351.496062992126 26.929133858267715 13.039370078740157 et
87.02362204724409 351.496062992126 49.32283464566929 13.039370078740157 Rockers
123.02362204724409 351.496062992126 22.393700787401574 13.039370078740157 "
132.09448818897638 351.496062992126 53.85826771653543 13.039370078740157 (extrait
172.3464566929134 351.496062992126 26.929133858267715 13.039370078740157 de
185.66929133858267 351.496062992126 22.393700787401574 13.039370078740157 9
194.74015748031496 351.496062992126 31.46456692913386 13.039370078740157 000
212.5984251968504 351.496062992126 40.25196850393701 13.039370078740157 000),
239.5275590551181 351.496062992126 40.25196850393701 13.039370078740157 1964.
261.9212598425197 351.496062992126 31.46456692913386 13.039370078740157 André

43.37007874015748 357.73228346456693 39.968503937007874 13.88976377952756 Hagon,
71.43307086614173 357.73228346456693 24.094488188976378 13.88976377952756 R.
83.33858267716535 357.73228346456693 24.094488188976378 13.88976377952756 T.
91.2755905511811 357.73228346456693 16.15748031496063 13.88976377952756 B.

20.409448818897637 381.25984251968504 41.669291338582674 18.141732283464567 BRESIL

42.803149606299215 400.251968503937 56.40944881889764 18.708661417322833 Maurice
87.02362204724409 400.251968503937 72.56692913385827 18.708661417322833 CAPOVILLA
147.68503937007873 400.251968503937 24.094488188976378 18.708661417322833 né
159.59055118110237 400.251968503937 24.094488188976378 18.708661417322833 en
171.7795275590551 400.251968503937 32.31496062992126 18.708661417322833 1936
191.90551181102362 400.251968503937 20.125984251968504 18.708661417322833 à
200.1259842519685 400.251968503937 48.47244094488189 18.708661417322833 Valinhos
232.15748031496062 400.251968503937 44.503937007874015 18.708661417322833 (Brésil).

41.669291338582674 410.1732283464567 55.275590551181104 15.874015748031496 Coulisses
84.18897637795276 410.1732283464567 25.511811023622048 15.874015748031496 du
96.94488188976378 410.1732283464567 55.275590551181104 15.874015748031496 Football,
135.49606299212599 410.1732283464567 29.763779527559056 15.874015748031496 1964.

19.559055118110237 436.53543307086613 49.039370078740156 15.590551181102363 FRANCE

41.38582677165354 452.12598425196853 52.15748031496063 19.275590551181104 Robert
81.35433070866142 452.12598425196853 60.09448818897638 19.275590551181104 ENRICO
129.54330708661416 452.12598425196853 24.094488188976378 19.275590551181104 né
141.4488188976378 452.12598425196853 24.094488188976378 19.275590551181104 en
153.63779527559055 452.12598425196853 32.031496062992126 19.275590551181104 1931
173.48031496062993 452.12598425196853 20.125984251968504 19.275590551181104 à
181.70078740157481 452.12598425196853 39.968503937007874 19.275590551181104 Liévin
205.51181102362204 452.12598425196853 44.22047244094488 19.275590551181104 (France).

39.118110236220474 462.0472440944882 22.96062992125984 16.15748031496063 «
48.188976377952756 462.0472440944882 27.496062992125985 16.15748031496063 La
62.07874015748032 462.0472440944882 59.811023622047244 16.15748031496063 redevance
108.0 462.0472440944882 27.496062992125985 16.15748031496063 du
121.88976377952756 462.0472440944882 50.74015748031496 16.15748031496063 fantôme
158.74015748031496 462.0472440944882 22.96062992125984 16.15748031496063 ,
163.2755905511811 462.0472440944882 32.31496062992126 16.15748031496063 1964.

39.68503937007874 473.6692913385827 40.818897637795274 19.559055118110237 Guy
68.03149606299213 473.6692913385827 65.19685039370079 19.559055118110237 CASARIL
121.03937007874016 473.6692913385827 24.37795275590551 19.559055118110237 né
133.22834645669292 473.6692913385827 24.37795275590551 19.559055118110237 en
145.41732283464566 473.6692913385827 32.59842519685039 19.559055118110237 1933
165.82677165354332 473.6692913385827 20.409448818897637 19.559055118110237 à
174.04724409448818 473.6692913385827 93.8267716535433 19.559055118110237 Miramont-de-Guyenne
251.43307086614172 473.6692913385827 40.818897637795274 19.559055118110237 (France)

39.118110236220474 485.8582677165354 22.11023622047244 16.724409448818896 «
48.188976377952756 485.8582677165354 26.362204724409448 16.724409448818896 La
61.22834645669291 485.8582677165354 35.43307086614173 16.724409448818896 nuit
83.33858267716535 485.8582677165354 44.22047244094488 16.724409448818896 écoute
114.23622047244095 485.8582677165354 61.79527559055118 16.724409448818896 Marguerite
162.99212598425197 485.8582677165354 35.43307086614173 16.724409448818896 Long
184.8188976377953 485.8582677165354 22.11023622047244 16.724409448818896 ,
189.35433070866142 485.8582677165354 30.89763779527559 16.724409448818896 1964.

39.68503937007874 497.76377952755905 58.67716535433071 17.858267716535433 Maurice
85.88976377952756 497.76377952755905 66.89763779527559 17.858267716535433 CHATEAU
140.03149606299212 497.76377952755905 25.228346456692915 17.858267716535433 né
152.78740157480314 497.76377952755905 25.228346456692915 17.858267716535433 en
165.25984251968504 497.76377952755905 33.44881889763779 17.858267716535433 1931
186.23622047244095 497.76377952755905 20.976377952755904 17.858267716535433 à
194.45669291338584 497.76377952755905 54.425196850393704 17.858267716535433 Marseille
232.15748031496062 497.76377952755905 45.92125984251968 17.858267716535433 (France).

36.8503937007874 507.11811023622045 26.929133858267715 14.173228346456693 «
47.62204724409449 507.11811023622045 48.75590551181102 14.173228346456693 Zoum,
74.55118110236221 507.11811023622045 37.98425196850393 14.173228346456693 1964.

38.267716535433074 517.8897637795276 68.31496062992126 19.559055118110237 Jean-Emile
94.39370078740157 517.8897637795276 76.25196850393701 19.559055118110237 JEANNESSON
158.74015748031496 517.8897637795276 24.094488188976378 19.559055118110237 né
170.9291338582677 517.8897637795276 24.094488188976378 19.559055118110237 en
182.83464566929135 517.8897637795276 32.031496062992126 19.559055118110237 1932
202.96062992125985 517.8897637795276 28.062992125984252 19.559055118110237 aux
219.11811023622047 517.8897637795276 48.188976377952756 19.559055118110237 Islettes
251.1496062992126 517.8897637795276 40.25196850393701 19.559055118110237 (France)

37.7007874015748 529.2283464566929 22.96062992125984 15.023622047244094 «
46.77165354330709 529.2283464566929 73.13385826771653 15.023622047244094 L’interview,
101.48031496062993 529.2283464566929 32.031496062992126 15.023622047244094 1965.

37.7007874015748 540.2834645669292 22.677165354330707 17.858267716535433 «
46.77165354330709 540.2834645669292 31.748031496062993 17.858267716535433 Six
64.91338582677166 540.2834645669292 58.67716535433071 17.858267716535433 comédiens
109.98425196850394 540.2834645669292 36.28346456692913 17.858267716535433 sans
132.66141732283464 540.2834645669292 67.74803149606299 17.858267716535433 personnages
186.8031496062992 540.2834645669292 22.677165354330707 17.858267716535433 ,
191.33858267716536 540.2834645669292 31.748031496062993 17.858267716535433 1965.

38.267716535433074 551.9055118110236 50.173228346456696 18.141732283464567 Roger
75.96850393700787 551.9055118110236 62.92913385826772 18.141732283464567 KAHANE
126.14173228346456 551.9055118110236 25.228346456692915 18.141732283464567 né
138.89763779527559 551.9055118110236 25.228346456692915 18.141732283464567 en
151.37007874015748 551.9055118110236 33.44881889763779 18.141732283464567 1932
172.3464566929134 551.9055118110236 20.976377952755904 18.141732283464567 à
180.56692913385828 551.9055118110236 71.14960629921259 18.141732283464567 Bois-Colombes
235.2755905511811 551.9055118110236 45.92125984251968 18.141732283464567 (France).

37.41732283464567 560.9763779527559 20.69291338582677 18.141732283464567 «
45.92125984251968 560.9763779527559 24.661417322834644 18.141732283464567 Le
58.110236220472444 560.9763779527559 49.60629921259842 18.141732283464567 musicien
95.24409448818898 560.9763779527559 33.16535433070866 18.141732283464567 dans
115.93700787401575 560.9763779527559 24.661417322834644 18.141732283464567 la
128.40944881889763 560.9763779527559 33.16535433070866 18.141732283464567 cité
149.10236220472441 560.9763779527559 24.661417322834644 18.141732283464567 *,
157.3228346456693 560.9763779527559 28.913385826771652 18.141732283464567 1964.

36.28346456692913 571.7480314960629 25.228346456692915 13.606299212598426 «
46.488188976377955 571.7480314960629 75.4015748031496 13.606299212598426 Bach-Braque
106.58267716535433 571.7480314960629 35.1496062992126 13.606299212598426 1965.

37.7007874015748 583.6535433070866 45.92125984251968 20.409448818897637 Erie
71.14960629921259 583.6535433070866 24.944881889763778 20.409448818897637 LE
83.62204724409449 583.6535433070866 49.889763779527556 20.409448818897637 HUNG
121.03937007874016 583.6535433070866 24.944881889763778 20.409448818897637 né
133.51181102362204 583.6535433070866 24.944881889763778 20.409448818897637 en
145.98425196850394 583.6535433070866 33.44881889763779 20.409448818897637 1932
166.96062992125985 583.6535433070866 20.69291338582677 20.409448818897637 à
175.1811023622047 583.6535433070866 49.889763779527556 20.409448818897637 Haïphong
208.62992125984252 583.6535433070866 49.889763779527556 20.409448818897637 (Vietnam).

36.0 593.007874015748 24.094488188976378 15.023622047244094 «
45.63779527559055 593.007874015748 48.47244094488189 15.023622047244094 Bécaud
79.65354330708661 593.007874015748 24.094488188976378 15.023622047244094 ,
84.4724409448819 593.007874015748 33.732283464566926 15.023622047244094 1964.

36.0 599.5275590551181 23.52755905511811 18.992125984251967 "
45.63779527559055 599.5275590551181 51.874015748031496 18.992125984251967 Esope",
78.51968503937007 599.5275590551181 33.16535433070866 18.992125984251967 1964.

32.59842519685039 616.8188976377953 24.094488188976378 13.32283464566929 180
