307.84251968503935 645.1653543307086
35.43307086614173 1.984251968503937 64.06299212598425 18.4251968503937 EVLAN

61.511811023622045 38.267716535433074 37.13385826771653 17.291338582677167 Dans
84.4724409448819 38.267716535433074 64.91338582677166 17.291338582677167 l’ensemble
135.7795275590551 38.267716535433074 32.59842519685039 17.291338582677167 des
154.20472440944883 38.267716535433074 46.488188976377955 17.291338582677167 œuvres
186.8031496062992 38.267716535433074 55.55905511811024 17.291338582677167 choisies
228.4724409448819 38.267716535433074 37.13385826771653 17.291338582677167 pour
246.89763779527559 38.267716535433074 32.59842519685039 17.291338582677167 fepié

47.05511811023622 51.874015748031496 49.32283464566929 16.440944881889763 senter
81.35433070866142 51.874015748031496 49.32283464566929 16.440944881889763 Ceylan
115.93700787401575 51.874015748031496 24.661417322834644 16.440944881889763 à
125.85826771653544 51.874015748031496 29.480314960629922 16.440944881889763 la
140.5984251968504 51.874015748031496 64.06299212598425 16.440944881889763 Biennale,
189.92125984251967 51.874015748031496 29.480314960629922 16.440944881889763 la
204.66141732283464 51.874015748031496 59.24409448818898 16.440944881889763 peinture
244.06299212598427 51.874015748031496 34.58267716535433 16.440944881889763 surfs

49.60629921259842 62.07874015748032 46.77165354330709 15.874015748031496 (Batik)
83.62204724409449 62.07874015748032 25.511811023622048 15.874015748031496 ne
96.37795275590551 62.07874015748032 51.023622047244096 15.874015748031496 pourrait
134.36220472440945 62.07874015748032 34.01574803149607 15.874015748031496 être
155.6220472440945 62.07874015748032 51.023622047244096 15.874015748031496 oubliée,
193.88976377952756 62.07874015748032 29.763779527559056 15.874015748031496 car
210.89763779527559 62.07874015748032 25.511811023622048 15.874015748031496 ce
223.37007874015748 62.07874015748032 38.267716535433074 15.874015748031496 genre
248.88188976377953 62.07874015748032 25.511811023622048 15.874015748031496 de
257.38582677165357 62.07874015748032 21.25984251968504 15.874015748031496 pes

47.338582677165356 73.13385826771653 35.71653543307087 13.606299212598426 ture
69.73228346456693 73.13385826771653 31.181102362204726 13.606299212598426 est
87.59055118110236 73.13385826771653 84.75590551181102 13.606299212598426 caractéristique
158.74015748031496 73.13385826771653 26.64566929133858 13.606299212598426 de
172.3464566929134 73.13385826771653 49.039370078740156 13.606299212598426 l’école
207.7795275590551 73.13385826771653 62.36220472440945 13.606299212598426 Orientale,
252.56692913385828 73.13385826771653 26.64566929133858 13.606299212598426 pars

46.77165354330709 82.20472440944881 61.79527559055118 16.440944881889763 couleurs
93.25984251968504 82.20472440944881 67.18110236220473 16.440944881889763 employées
144.8503937007874 82.20472440944881 30.89763779527559 16.440944881889763 et
160.15748031496062 82.20472440944881 30.89763779527559 16.440944881889763 le
175.748031496063 82.20472440944881 56.69291338582677 16.440944881889763 dessin.
217.13385826771653 82.20472440944881 41.38582677165354 16.440944881889763 Miss
237.54330708661416 82.20472440944881 41.38582677165354 16.440944881889763 Shinié

47.338582677165356 95.81102362204724 43.37007874015748 14.740157480314961 Anula
76.25196850393701 95.81102362204724 91.84251968503936 14.740157480314961 Wickremasuriya,
153.63779527559055 95.81102362204724 33.732283464566926 14.740157480314961 qui
172.91338582677164 95.81102362204724 24.094488188976378 14.740157480314961 a
182.5511811023622 95.81102362204724 38.55118110236221 14.740157480314961 fait
206.64566929133858 95.81102362204724 33.732283464566926 14.740157480314961 ses
226.20472440944883 95.81102362204724 48.188976377952756 14.740157480314961 études
255.11811023622047 95.81102362204724 24.094488188976378 14.740157480314961 ars

46.77165354330709 103.74803149606299 43.08661417322835 16.724409448818896 tiques
76.81889763779527 103.74803149606299 25.79527559055118 16.724409448818896 en
89.5748031496063 103.74803149606299 47.338582677165356 16.724409448818896 Italie,
124.15748031496064 103.74803149606299 30.04724409448819 16.724409448818896 est
141.16535433070865 103.74803149606299 25.79527559055118 16.724409448818896 un
154.20472440944883 103.74803149606299 30.04724409448819 16.724409448818896 des
171.21259842519686 103.74803149606299 55.84251968503937 16.724409448818896 meilleurs
214.29921259842519 103.74803149606299 51.59055118110236 16.724409448818896 peintres
252.8503937007874 103.74803149606299 25.79527559055118 16.724409448818896 de
261.3543307086614 103.74803149606299 17.291338582677167 16.724409448818896 cs

41.10236220472441 114.80314960629921 41.669291338582674 14.173228346456693 école.

60.37795275590551 121.32283464566929 37.7007874015748 22.96062992125984 Deux
84.18897637795276 121.32283464566929 47.05511811023622 22.96062992125984 œuvres
117.07086614173228 121.32283464566929 28.346456692913385 22.96062992125984 de
131.24409448818898 121.32283464566929 37.7007874015748 22.96062992125984 deux
154.77165354330708 121.32283464566929 56.69291338582677 22.96062992125984 peintres
197.29133858267716 121.32283464566929 23.52755905511811 22.96062992125984 ?
202.11023622047244 121.32283464566929 75.4015748031496 22.96062992125984 expéfimentates

51.59055118110236 142.01574803149606 84.4724409448819 16.15748031496063 Indépendants
120.18897637795276 142.01574803149606 26.362204724409448 16.15748031496063 .
130.6771653543307 142.01574803149606 68.5984251968504 16.15748031496063 Kulonatha
183.4015748031496 142.01574803149606 73.7007874015748 16.15748031496063 Senadheera
241.51181102362204 142.01574803149606 31.748031496062993 16.15748031496063 et
257.38582677165357 142.01574803149606 42.23622047244095 16.15748031496063 T.P.
278.3622047244094 142.01574803149606 26.362204724409448 16.15748031496063 Pie

47.05511811023622 151.93700787401573 40.25196850393701 15.590551181102363 ris,
72.28346456692914 151.93700787401573 40.25196850393701 15.590551181102363 font
97.51181102362204 151.93700787401573 50.45669291338583 15.590551181102363 partie
132.9448818897638 151.93700787401573 30.330708661417322 15.590551181102363 du
147.96850393700788 151.93700787401573 55.55905511811024 15.590551181102363 présent
188.50393700787401 151.93700787401573 65.48031496062993 15.590551181102363 ensemble.
238.96062992125985 151.93700787401573 30.330708661417322 15.590551181102363 T.
253.98425196850394 151.93700787401573 30.330708661417322 15.590551181102363 P.
269.29133858267716 151.93700787401573 50.45669291338583 15.590551181102363 Pieris

43.653543307086615 162.14173228346456 108.0 18.4251968503937 également
126.70866141732283 162.14173228346456 108.0 18.4251968503937 sculpteur
209.76377952755905 162.14173228346456 49.889763779527556 18.4251968503937 en
234.70866141732284 162.14173228346456 91.55905511811024 18.4251968503937 pierre.

180.8503937007874 183.68503937007873 30.89763779527559 20.69291338582677 E.
196.15748031496062 183.68503937007873 41.38582677165354 20.69291338582677 L.F.
221.95275590551182 183.68503937007873 30.89763779527559 20.69291338582677 de
237.54330708661416 183.68503937007873 30.89763779527559 20.69291338582677 J.
253.13385826771653 183.68503937007873 67.18110236220473 20.69291338582677 Senevieis

61.22834645669291 262.48818897637796 32.031496062992126 12.188976377952756 Les
79.65354330708661 262.48818897637796 82.48818897637796 12.188976377952756 renseignements
148.251968503937 262.48818897637796 64.06299212598425 12.188976377952756 concernant
198.70866141732284 262.48818897637796 27.496062992125985 12.188976377952756 la
207.7795275590551 262.48818897637796 68.88188976377953 12.188976377952756 participafiot

47.90551181102362 273.54330708661416 47.338582677165356 14.740157480314961 Ceylan
81.07086614173228 273.54330708661416 28.346456692913385 14.740157480314961 ne
95.24409448818898 273.54330708661416 37.7007874015748 14.740157480314961 nous
119.05511811023622 273.54330708661416 51.874015748031496 14.740157480314961 étaient
156.75590551181102 273.54330708661416 33.16535433070866 14.740157480314961 pas
175.748031496063 273.54330708661416 56.69291338582677 14.740157480314961 parvenus
218.26771653543307 273.54330708661416 28.346456692913385 14.740157480314961 au
227.6220472440945 273.54330708661416 47.338582677165356 14.740157480314961 momentey

47.62204724409449 287.43307086614175 65.19685039370079 11.05511811023622 catalogue
97.79527559055119 287.43307086614175 24.944881889763778 11.05511811023622 a
107.71653543307086 287.43307086614175 35.1496062992126 11.05511811023622 été
127.84251968503936 287.43307086614175 35.1496062992126 11.05511811023622 mis
147.68503937007873 287.43307086614175 39.968503937007874 11.05511811023622 sous
167.81102362204723 287.43307086614175 45.07086614173228 11.05511811023622 presse.

45.63779527559055 623.0551181102362 21.543307086614174 12.755905511811024 40
