307.84251968503935 672.6614173228346
20.976377952755904 15.307086614173228 105.73228346456693 15.023622047244094 EXTRAIT
104.03149606299213 15.307086614173228 45.354330708661415 15.023622047244094 DU
119.33858267716535 15.307086614173228 113.10236220472441 15.023622047244094 RÉGLEMENT

29.763779527559056 150.51968503937007 47.90551181102362 15.307086614173228 Article
64.62992125984252 150.51968503937007 21.826771653543307 15.307086614173228 1
73.13385826771653 150.51968503937007 21.826771653543307 15.307086614173228 —
77.66929133858268 150.51968503937007 26.078740157480315 15.307086614173228 But.

30.89763779527559 168.09448818897638 72.28346456692914 13.88976377952756 L’Association
90.4251968503937 168.09448818897638 55.275590551181104 13.88976377952756 française
132.9448818897638 168.09448818897638 34.01574803149607 13.88976377952756 pour
154.20472440944883 168.09448818897638 25.511811023622048 13.88976377952756 la
167.24409448818898 168.09448818897638 72.28346456692914 13.88976377952756 Manifestation
226.77165354330708 168.09448818897638 51.023622047244096 13.88976377952756 Biennale
260.78740157480314 168.09448818897638 17.007874015748033 13.88976377952756 et

30.89763779527559 178.58267716535434 72.85039370078741 12.188976377952756 Internationale
91.55905511811024 178.58267716535434 28.346456692913385 12.188976377952756 des
107.71653543307086 178.58267716535434 40.53543307086614 12.188976377952756 Jeunes
136.06299212598427 178.58267716535434 48.47244094488189 12.188976377952756 Artistes
172.62992125984252 178.58267716535434 20.125984251968504 12.188976377952756 -
180.56692913385828 178.58267716535434 52.724409448818896 12.188976377952756 intitulée
221.10236220472441 178.58267716535434 20.125984251968504 12.188976377952756 «
229.3228346456693 178.58267716535434 48.47244094488189 12.188976377952756 Biennale
261.6377952755906 178.58267716535434 16.15748031496063 12.188976377952756 de

30.89763779527559 189.0708661417323 37.13385826771653 12.755905511811024 Paris
55.84251968503937 189.0708661417323 20.69291338582677 12.755905511811024 »
64.06299212598425 189.0708661417323 20.69291338582677 12.755905511811024 -
72.28346456692914 189.0708661417323 24.661417322834644 12.755905511811024 se
84.4724409448819 189.0708661417323 49.32283464566929 12.755905511811024 propose.
121.60629921259843 189.0708661417323 32.881889763779526 12.755905511811024 dans
142.01574803149606 189.0708661417323 49.32283464566929 12.755905511811024 l’esprit
179.1496062992126 189.0708661417323 24.661417322834644 12.755905511811024 le
191.33858267716536 189.0708661417323 32.881889763779526 12.755905511811024 plus
212.03149606299212 189.0708661417323 65.76377952755905 12.755905511811024 indépendant,
261.3543307086614 189.0708661417323 16.440944881889763 12.755905511811024 de

30.614173228346456 200.1259842519685 36.8503937007874 10.771653543307087 donner
56.40944881889764 200.1259842519685 18.4251968503937 10.771653543307087 à
63.77952755905512 200.1259842519685 25.79527559055118 10.771653543307087 des
78.51968503937007 200.1259842519685 44.22047244094488 10.771653543307087 artistes
111.68503937007874 200.1259842519685 22.11023622047244 10.771653543307087 de
122.74015748031496 200.1259842519685 29.480314960629922 10.771653543307087 tous
141.16535433070865 200.1259842519685 25.79527559055118 10.771653543307087 les
155.90551181102362 200.1259842519685 33.16535433070866 10.771653543307087 pays.
178.01574803149606 200.1259842519685 22.11023622047244 10.771653543307087 de
189.0708661417323 200.1259842519685 22.11023622047244 10.771653543307087 20
200.1259842519685 200.1259842519685 18.4251968503937 10.771653543307087 à
207.49606299212599 200.1259842519685 22.11023622047244 10.771653543307087 35
218.5511811023622 200.1259842519685 29.480314960629922 10.771653543307087 ans,
233.29133858267716 200.1259842519685 44.22047244094488 10.771653543307087 l’occasion

30.614173228346456 208.06299212598427 22.11023622047244 10.488188976377952 de
41.669291338582674 208.06299212598427 47.90551181102362 10.488188976377952 présenter
78.51968503937007 208.06299212598427 22.11023622047244 10.488188976377952 et
89.5748031496063 208.06299212598427 22.11023622047244 10.488188976377952 de
100.62992125984252 208.06299212598427 51.59055118110236 10.488188976377952 confronter
141.16535433070865 208.06299212598427 33.16535433070866 10.488188976377952 leurs
162.99212598425197 208.06299212598427 44.22047244094488 10.488188976377952 travaux.
196.15748031496062 208.06299212598427 29.480314960629922 10.488188976377952 Elle
214.58267716535434 208.06299212598427 29.480314960629922 10.488188976377952 doit
233.00787401574803 208.06299212598427 36.8503937007874 10.488188976377952 rester
255.11811023622047 208.06299212598427 22.11023622047244 10.488188976377952 lars

30.04724409448819 217.70078740157481 40.53543307086614 11.338582677165354 gement
58.39370078740158 217.70078740157481 44.503937007874015 11.338582677165354 ouverte
90.70866141732283 217.70078740157481 28.346456692913385 11.338582677165354 aux
107.14960629921259 217.70078740157481 60.94488188976378 11.338582677165354 initiatives
155.90551181102362 217.70078740157481 28.346456692913385 11.338582677165354 les
172.06299212598427 217.70078740157481 32.59842519685039 11.338582677165354 plus
192.18897637795277 217.70078740157481 48.75590551181102 11.338582677165354 diverses
228.75590551181102 217.70078740157481 28.346456692913385 11.338582677165354 et.
244.91338582677164 217.70078740157481 32.59842519685039 11.338582677165354 dans
261.3543307086614 217.70078740157481 16.15748031496063 11.338582677165354 un

29.19685039370079 226.77165354330708 40.53543307086614 12.755905511811024 esprit
57.54330708661417 226.77165354330708 24.37795275590551 12.755905511811024 de
69.73228346456693 226.77165354330708 36.56692913385827 12.755905511811024 haute
94.11023622047244 226.77165354330708 73.13385826771653 12.755905511811024 compréhension,
155.0551181102362 226.77165354330708 56.976377952755904 12.755905511811024 s’attacher
199.84251968503938 226.77165354330708 20.409448818897637 12.755905511811024 à
207.7795275590551 226.77165354330708 52.724409448818896 12.755905511811024 accueilir
244.3464566929134 226.77165354330708 32.59842519685039 12.755905511811024 toutes

29.19685039370079 235.84251968503938 30.614173228346456 12.188976377952756 les
42.23622047244095 235.84251968503938 52.15748031496063 12.188976377952756 tendances.

30.89763779527559 249.73228346456693 30.614173228346456 12.188976377952756 Elle
50.173228346456696 249.73228346456693 45.92125984251968 12.188976377952756 souhaite
84.75590551181102 249.73228346456693 30.614173228346456 12.188976377952756 que.
104.03149606299213 249.73228346456693 30.614173228346456 12.188976377952756 dans
123.02362204724409 249.73228346456693 34.58267716535433 12.188976377952756 toute
146.26771653543307 249.73228346456693 22.96062992125984 12.188976377952756 la
157.60629921259843 249.73228346456693 38.267716535433074 12.188976377952756 mesure
184.53543307086613 249.73228346456693 22.96062992125984 12.188976377952756 du
196.15748031496062 249.73228346456693 49.889763779527556 12.188976377952756 possible,
234.4251968503937 249.73228346456693 26.929133858267715 12.188976377952756 les
246.04724409448818 249.73228346456693 30.614173228346456 12.188976377952756 jeunes

29.763779527559056 260.2204724409449 49.32283464566929 9.637795275590552 artistes
66.89763779527559 260.2204724409449 24.661417322834644 9.637795275590552 se
79.37007874015748 260.2204724409449 45.354330708661415 9.637795275590552 sentent
112.25196850393701 260.2204724409449 49.32283464566929 9.637795275590552 associés
149.10236220472441 260.2204724409449 28.913385826771652 9.637795275590552 aux
165.54330708661416 260.2204724409449 37.13385826771653 9.637795275590552 choix
190.20472440944883 260.2204724409449 24.661417322834644 9.637795275590552 de
202.6771653543307 260.2204724409449 73.98425196850394 9.637795275590552 représentation
260.2204724409449 260.2204724409449 16.440944881889763 9.637795275590552 de

29.763779527559056 268.4409448818898 33.44881889763779 12.188976377952756 leur
50.74015748031496 268.4409448818898 33.44881889763779 12.188976377952756 pays
71.71653543307086 268.4409448818898 24.944881889763778 12.188976377952756 et
84.18897637795276 268.4409448818898 24.944881889763778 12.188976377952756 se
96.66141732283465 268.4409448818898 70.86614173228347 12.188976377952756 reconnaissent
155.0551181102362 268.4409448818898 24.944881889763778 12.188976377952756 en
167.5275590551181 268.4409448818898 33.44881889763779 12.188976377952756 tant
188.50393700787401 268.4409448818898 29.19685039370079 12.188976377952756 que
205.22834645669292 268.4409448818898 37.7007874015748 12.188976377952756 jeune
225.92125984251967 268.4409448818898 50.173228346456696 12.188976377952756 génération

28.62992125984252 278.3622047244094 32.881889763779526 11.905511811023622 dans
49.32283464566929 278.3622047244094 28.913385826771652 11.905511811023622 les
65.76377952755905 278.3622047244094 57.826771653543304 11.905511811023622 sélections
111.11811023622047 278.3622047244094 24.661417322834644 11.905511811023622 de
123.59055118110236 278.3622047244094 24.661417322834644 11.905511811023622 la
131.81102362204723 278.3622047244094 45.354330708661415 11.905511811023622 Biennale.

28.62992125984252 299.90551181102364 48.47244094488189 13.32283464566929 Article
64.06299212598425 299.90551181102364 22.11023622047244 13.32283464566929 2
72.85039370078741 299.90551181102364 22.11023622047244 13.32283464566929 —
81.63779527559055 299.90551181102364 57.25984251968504 13.32283464566929 Programme
125.5748031496063 299.90551181102364 26.362204724409448 13.32283464566929 de
138.61417322834646 299.90551181102364 26.362204724409448 13.32283464566929 la
151.93700787401573 299.90551181102364 57.25984251968504 13.32283464566929 Quatrième
191.33858267716536 299.90551181102364 48.47244094488189 13.32283464566929 Biennale.

29.480314960629922 316.9133858267717 26.929133858267715 13.88976377952756 La
43.08661417322835 316.9133858267717 58.110236220472444 13.88976377952756 Quatrième
87.59055118110236 316.9133858267717 53.574803149606296 13.88976377952756 Biennale
127.84251968503936 316.9133858267717 26.929133858267715 13.88976377952756 de
141.4488188976378 316.9133858267717 40.25196850393701 13.88976377952756 Paris
168.09448818897638 316.9133858267717 35.71653543307087 13.88976377952756 aura
190.48818897637796 316.9133858267717 35.71653543307087 13.88976377952756 lieu
212.88188976377953 316.9133858267717 26.929133858267715 13.88976377952756 au
226.20472440944883 316.9133858267717 40.25196850393701 13.88976377952756 Musée
248.5984251968504 316.9133858267717 26.929133858267715 13.88976377952756 d’ar

28.913385826771652 328.81889763779526 46.77165354330709 11.338582677165354 moderne
62.92913385826772 328.81889763779526 25.511811023622048 11.338582677165354 de
75.68503937007874 328.81889763779526 25.511811023622048 11.338582677165354 la
88.44094488188976 328.81889763779526 38.267716535433074 11.338582677165354 ville
113.95275590551181 328.81889763779526 25.511811023622048 11.338582677165354 de
126.70866141732283 328.81889763779526 38.267716535433074 11.338582677165354 Paris
152.2204724409449 328.81889763779526 25.511811023622048 11.338582677165354 du
164.69291338582678 328.81889763779526 25.511811023622048 11.338582677165354 29
177.4488188976378 328.81889763779526 55.275590551181104 11.338582677165354 septembre
219.96850393700788 328.81889763779526 25.511811023622048 11.338582677165354 au
232.7244094488189 328.81889763779526 21.25984251968504 11.338582677165354 3
236.9763779527559 328.81889763779526 38.267716535433074 11.338582677165354 novembe

22.677165354330707 338.45669291338584 36.56692913385827 12.188976377952756 1965.

29.480314960629922 347.5275590551181 30.614173228346456 13.606299212598426 Elle
48.75590551181102 347.5275590551181 57.54330708661417 13.606299212598426 s’adressera
94.67716535433071 347.5275590551181 26.929133858267715 13.606299212598426 aux
109.98425196850394 347.5275590551181 45.92125984251968 13.606299212598426 artistes
144.56692913385828 347.5275590551181 26.929133858267715 13.606299212598426 nés
159.8740157480315 347.5275590551181 34.58267716535433 13.606299212598426 entre
182.83464566929135 347.5275590551181 22.96062992125984 13.606299212598426 le
194.17322834645668 347.5275590551181 26.929133858267715 13.606299212598426 1er
209.48031496062993 347.5275590551181 42.23622047244095 13.606299212598426 janvier
240.09448818897638 347.5275590551181 30.614173228346456 13.606299212598426 1930
255.4015748031496 347.5275590551181 19.275590551181104 13.606299212598426 etl

28.062992125984252 361.13385826771656 29.19685039370079 12.755905511811024 31
42.51968503937008 361.13385826771656 58.39370078740158 12.755905511811024 décembre
81.63779527559055 361.13385826771656 34.01574803149607 12.755905511811024 1944.

27.77952755905512 373.6062992125984 42.51968503937008 11.05511811023622 Toutes
57.54330708661417 373.6062992125984 29.763779527559056 11.05511811023622 les
74.55118110236221 373.6062992125984 42.51968503937008 11.05511811023622 œuvres
104.31496062992126 373.6062992125984 59.52755905511811 11.05511811023622 présentées
151.08661417322836 373.6062992125984 42.51968503937008 11.05511811023622 auront
181.13385826771653 373.6062992125984 29.763779527559056 11.05511811023622 été
198.14173228346456 373.6062992125984 55.275590551181104 11.05511811023622 exécutées
240.66141732283464 373.6062992125984 25.511811023622048 11.05511811023622 au
249.16535433070865 373.6062992125984 25.511811023622048 11.05511811023622 cour

28.346456692913385 384.66141732283467 30.04724409448819 11.05511811023622 des
45.63779527559055 384.66141732283467 43.08661417322835 11.05511811023622 quatre
75.68503937007874 384.66141732283467 55.84251968503937 11.05511811023622 dernières
114.23622047244095 384.66141732283467 38.83464566929134 11.05511811023622 années.

29.763779527559056 397.13385826771656 22.96062992125984 11.338582677165354 La
41.10236220472441 397.13385826771656 49.60629921259842 11.338582677165354 quatrième
79.37007874015748 397.13385826771656 45.92125984251968 11.338582677165354 Biennale
113.66929133858268 397.13385826771656 22.96062992125984 11.338582677165354 de
125.00787401574803 397.13385826771656 34.2992125984252 11.338582677165354 Paris
147.96850393700788 397.13385826771656 45.92125984251968 11.338582677165354 comptera
182.26771653543307 397.13385826771656 26.64566929133858 11.338582677165354 les
197.5748031496063 397.13385826771656 45.92125984251968 11.338582677165354 sections
227.90551181102362 397.13385826771656 45.92125984251968 11.338582677165354 suivantes.

27.77952755905512 405.9212598425197 19.84251968503937 13.606299212598426 —
35.71653543307087 405.9212598425197 32.031496062992126 13.606299212598426 arts
55.84251968503937 405.9212598425197 55.84251968503937 13.606299212598426 plastiques
99.49606299212599 405.9212598425197 55.84251968503937 13.606299212598426 (peinture,
143.43307086614172 405.9212598425197 55.84251968503937 13.606299212598426 sculpture,
187.37007874015748 405.9212598425197 43.93700787401575 13.606299212598426 dessin,
215.43307086614172 405.9212598425197 43.93700787401575 13.606299212598426 gravure).

27.212598425196852 416.9763779527559 23.244094488188978 11.905511811023622 —
36.28346456692913 416.9763779527559 51.023622047244096 11.905511811023622 travaux
68.88188976377953 416.9763779527559 51.023622047244096 11.905511811023622 d’équipe.

27.212598425196852 424.34645669291336 23.811023622047244 13.32283464566929 —
36.8503937007874 424.34645669291336 71.14960629921259 13.32283464566929 composition
93.54330708661418 424.34645669291336 56.976377952755904 13.32283464566929 musicale
136.3464566929134 424.34645669291336 56.976377952755904 13.32283464566929 (musique
178.86614173228347 424.34645669291336 28.346456692913385 13.32283464566929 de
193.3228346456693 424.34645669291336 56.976377952755904 13.32283464566929 chambre,
231.0236220472441 424.34645669291336 42.803149606299215 13.32283464566929 musigté

42.51968503937008 435.68503937007875 66.04724409448819 10.771653543307087 d’orchestre,
96.37795275590551 435.68503937007875 45.354330708661415 10.771653543307087 musique
129.25984251968504 435.68503937007875 66.04724409448819 10.771653543307087 électronique
182.83464566929135 435.68503937007875 24.661417322834644 10.771653543307087 et
191.0551181102362 435.68503937007875 49.60629921259842 10.771653543307087 concrète).

28.062992125984252 445.03937007874015 20.125984251968504 12.188976377952756 —
36.0 445.03937007874015 36.56692913385827 12.188976377952756 films
60.37795275590551 445.03937007874015 28.346456692913385 12.188976377952756 sur
72.56692913385827 445.03937007874015 32.31496062992126 12.188976377952756 l’art.

27.212598425196852 454.1102362204724 22.11023622047244 13.88976377952756 —
36.28346456692913 454.1102362204724 62.36220472440945 13.88976377952756 décoration
80.78740157480316 454.1102362204724 53.29133858267716 13.88976377952756 théâtrale.

28.346456692913385 465.73228346456693 30.04724409448819 13.606299212598426 Ces
45.354330708661415 465.73228346456693 77.38582677165354 13.606299212598426 manifestations
109.98425196850394 465.73228346456693 34.2992125984252 13.606299212598426 sont
131.5275590551181 465.73228346456693 60.09448818897638 13.606299212598426 organisées
178.58267716535434 465.73228346456693 30.04724409448819 13.606299212598426 par
195.8740157480315 465.73228346456693 25.79527559055118 13.606299212598426 le
208.91338582677164 465.73228346456693 47.338582677165356 13.606299212598426 délégué
238.96062992125985 465.73228346456693 34.2992125984252 13.606299212598426 généni

28.346456692913385 478.20472440944883 37.98425196850393 11.338582677165354 après
53.85826771653543 478.20472440944883 42.23622047244095 11.338582677165354 accord
83.33858267716535 478.20472440944883 25.511811023622048 11.338582677165354 de
96.09448818897638 478.20472440944883 25.511811023622048 11.338582677165354 la
108.85039370078741 478.20472440944883 59.24409448818898 11.338582677165354 Commission
155.33858267716536 478.20472440944883 59.24409448818898 11.338582677165354 Permanente
201.82677165354332 478.20472440944883 25.511811023622048 11.338582677165354 de
214.58267716535434 478.20472440944883 25.511811023622048 11.338582677165354 la
223.08661417322836 478.20472440944883 46.488188976377955 11.338582677165354 Biennale.

28.913385826771652 485.8582677165354 27.496062992125985 15.023622047244094 Les
44.78740157480315 485.8582677165354 43.37007874015748 15.023622047244094 clauses
76.25196850393701 485.8582677165354 66.89763779527559 15.023622047244094 particulières
131.5275590551181 485.8582677165354 19.84251968503937 15.023622047244094 à
139.1811023622047 485.8582677165354 43.37007874015748 15.023622047244094 chacune
170.9291338582677 485.8582677165354 27.496062992125985 15.023622047244094 des
186.51968503937007 485.8582677165354 47.338582677165356 15.023622047244094 sections
221.95275590551182 485.8582677165354 31.46456692913386 15.023622047244094 font
237.82677165354332 485.8582677165354 35.43307086614173 15.023622047244094 l’obiat

28.62992125984252 497.4803149606299 28.62992125984252 11.622047244094489 des
44.78740157480315 497.4803149606299 49.039370078740156 11.622047244094489 articles
81.63779527559055 497.4803149606299 24.661417322834644 11.622047244094489 19
93.8267716535433 497.4803149606299 20.409448818897637 11.622047244094489 à
98.07874015748031 497.4803149606299 20.409448818897637 11.622047244094489 35.

28.062992125984252 518.1732283464567 46.488188976377955 14.740157480314961 Article
62.07874015748032 518.1732283464567 21.25984251968504 14.740157480314961 3
70.58267716535433 518.1732283464567 21.25984251968504 14.740157480314961 —
78.80314960629921 518.1732283464567 63.496062992125985 14.740157480314961 Composition
129.82677165354332 518.1732283464567 29.763779527559056 14.740157480314961 des
142.58267716535434 518.1732283464567 72.0 14.740157480314961 participations.

29.763779527559056 534.8976377952756 27.77952755905512 12.755905511811024 Les
45.63779527559055 534.8976377952756 39.68503937007874 12.755905511811024 œuvres
73.41732283464567 534.8976377952756 71.43307086614173 12.755905511811024 sélectionnées,
132.9448818897638 534.8976377952756 31.748031496062993 12.755905511811024 tant
152.78740157480314 534.8976377952756 23.811023622047244 12.755905511811024 en
164.69291338582678 534.8976377952756 39.68503937007874 12.755905511811024 France
192.4724409448819 534.8976377952756 31.748031496062993 12.755905511811024 qu’à
212.31496062992127 534.8976377952756 59.52755905511811 12.755905511811024 l’étranger,
255.96850393700788 534.8976377952756 15.874015748031496 12.755905511811024 et

29.480314960629922 544.5354330708661 30.330708661417322 12.472440944881889 dans
48.47244094488189 544.5354330708661 37.98425196850393 12.472440944881889 toutes
74.83464566929133 544.5354330708661 26.64566929133858 12.472440944881889 les
90.14173228346456 544.5354330708661 49.32283464566929 12.472440944881889 sections,
128.1259842519685 544.5354330708661 41.669291338582674 12.472440944881889 devront
158.45669291338584 544.5354330708661 30.330708661417322 12.472440944881889 être
177.4488188976378 544.5354330708661 45.63779527559055 12.472440944881889 choisies
211.748031496063 544.5354330708661 34.2992125984252 12.472440944881889 selon
234.4251968503937 544.5354330708661 26.64566929133858 12.472440944881889 les
245.76377952755905 544.5354330708661 26.64566929133858 12.472440944881889 piir-

29.480314960629922 555.0236220472441 33.16535433070866 12.755905511811024 cipes
51.59055118110236 555.0236220472441 22.11023622047244 12.755905511811024 de
62.645669291338585 555.0236220472441 47.90551181102362 12.755905511811024 l’article
99.49606299212599 555.0236220472441 22.11023622047244 12.755905511811024 1.
110.55118110236221 555.0236220472441 25.79527559055118 12.755905511811024 Les
125.29133858267717 555.0236220472441 44.22047244094488 12.755905511811024 artistes
158.17322834645668 555.0236220472441 33.16535433070866 12.755905511811024 ayant
180.28346456692913 555.0236220472441 47.90551181102362 12.755905511811024 participé
217.13385826771653 555.0236220472441 25.79527559055118 12.755905511811024 aux
228.18897637795277 555.0236220472441 44.22047244094488 12.755905511811024 précédente

30.04724409448819 564.3779527559055 52.15748031496063 13.039370078740157 Biennales
70.2992125984252 564.3779527559055 44.22047244094488 13.039370078740157 peuvent
102.33070866141732 564.3779527559055 32.031496062992126 13.039370078740157 être
122.45669291338582 564.3779527559055 52.15748031496063 13.039370078740157 présentés
162.70866141732284 564.3779527559055 28.062992125984252 13.039370078740157 aux
178.86614173228347 564.3779527559055 52.15748031496063 13.039370078740157 suivantes
219.11811023622047 564.3779527559055 36.28346456692913 13.039370078740157 s’ils
239.24409448818898 564.3779527559055 32.031496062992126 13.039370078740157 resten

28.346456692913385 576.5669291338583 33.44881889763779 10.488188976377952 dans
49.32283464566929 576.5669291338583 29.19685039370079 10.488188976377952 les
66.04724409448819 576.5669291338583 46.20472440944882 10.488188976377952 limites
99.77952755905511 576.5669291338583 37.7007874015748 10.488188976377952 d’âge
120.4724409448819 576.5669291338583 46.20472440944882 10.488188976377952 imposées.

29.480314960629922 585.6377952755905 41.10236220472441 12.472440944881889 Chaque
58.110236220472444 585.6377952755905 32.881889763779526 12.472440944881889 pays
78.80314960629921 585.6377952755905 49.32283464566929 12.472440944881889 étranger
115.65354330708661 585.6377952755905 28.913385826771652 12.472440944881889 est
132.09448818897638 585.6377952755905 61.79527559055118 12.472440944881889 responsable
181.41732283464566 585.6377952755905 24.661417322834644 12.472440944881889 de
193.88976377952756 585.6377952755905 24.661417322834644 12.472440944881889 sa
206.07874015748033 585.6377952755905 57.54330708661417 12.472440944881889 sélection,
247.1811023622047 585.6377952755905 24.661417322834644 12.472440944881889 sars

29.763779527559056 595.8425196850394 39.68503937007874 13.039370078740157 aucune
57.54330708661417 595.8425196850394 63.21259842519685 13.039370078740157 intervention
108.85039370078741 595.8425196850394 23.811023622047244 13.039370078740157 de
120.75590551181102 595.8425196850394 23.811023622047244 13.039370078740157 la
132.66141732283464 595.8425196850394 51.30708661417323 13.039370078740157 Biennale.
172.06299212598427 595.8425196850394 51.30708661417323 13.039370078740157 Celle-ci.
211.748031496063 595.8425196850394 55.275590551181104 13.039370078740157 cependant,
251.1496062992126 595.8425196850394 19.84251968503937 13.039370078740157 éme

30.04724409448819 605.4803149606299 24.661417322834644 13.32283464566929 le
42.23622047244095 605.4803149606299 28.62992125984252 13.32283464566929 vœu
58.67716535433071 605.4803149606299 28.62992125984252 13.32283464566929 que
74.83464566929133 605.4803149606299 28.62992125984252 13.32283464566929 les
91.2755905511811 605.4803149606299 40.818897637795274 13.32283464566929 jeunes
119.90551181102362 605.4803149606299 40.818897637795274 13.32283464566929 soient
148.8188976377953 605.4803149606299 49.039370078740156 13.32283464566929 associés
185.66929133858267 605.4803149606299 24.661417322834644 13.32283464566929 au
197.85826771653544 605.4803149606299 36.8503937007874 13.32283464566929 choix
218.26771653543307 605.4803149606299 53.29133858267716 13.32283464566929 représentan

28.62992125984252 616.8188976377953 33.16535433070866 12.755905511811024 leur
45.354330708661415 616.8188976377953 28.913385826771652 12.755905511811024 pays.

24.661417322834644 632.9763779527559 19.84251968503937 12.188976377952756 14
